<?xml version="1.0" encoding="UTF-8"?>
<!DOCTYPE html PUBLIC "-//W3C//DTD XHTML 1.0 Transitional//EN"
    "http://www.w3.org/TR/xhtml1/DTD/xhtml1-transitional.dtd">
<html xmlns="http://www.w3.org/1999/xhtml" xml:lang="en" lang="en">
 <head>
  <title>
</title>
<meta http-equiv="Content-Type" content="text/html;charset=utf-8" />
  <meta name='ocr-system' content='tesseract 3.04.00' />
  <meta name='ocr-capabilities' content='ocr_page ocr_carea ocr_par ocr_line ocrx_word'/>
</head>
<body>
  <div class='ocr_page' id='page_1' title='image "./patrologiaecurs00migngoog_0443.png"; bbox 0 0 3884 6150; ppageno 0'>
   <div class='ocr_carea' id='block_1_1' title="bbox 215 270 1895 341">
    <p class='ocr_par' dir='ltr' id='par_1_1' title="bbox 215 270 1895 341">
     <span class='ocr_line' id='line_1_1' title="bbox 215 270 1895 341; baseline -0.003 -10"><span class='ocrx_word' id='word_1_1' title='bbox 215 277 268 332; x_wconf 80' lang='lat'>875</span> <span class='ocrx_word' id='word_1_2' title='bbox 697 272 813 328; x_wconf 74' lang='lat' dir='ltr'>SANCTl</span> <span class='ocrx_word' id='word_1_3' title='bbox 832 270 991 335; x_wconf 69' lang='lat' dir='ltr'>Lemoni,</span> <span class='ocrx_word' id='word_1_4' title='bbox 1011 271 1224 329; x_wconf 71' lang='lat' dir='ltr'>bisontiensis</span> <span class='ocrx_word' id='word_1_5' title='bbox 1243 273 1402 341; x_wconf 70' lang='lat' dir='ltr'>Episcopi,</span> <span class='ocrx_word' id='word_1_6' title='bbox 1844 273 1895 327; x_wconf 76' lang='lat'>876</span> 
     </span>
    </p>
   </div>
   <div class='ocr_carea' id='block_1_2' title="bbox 209 378 1897 1765">
    <p class='ocr_par' dir='ltr' id='par_1_2' title="bbox 209 378 1897 1765">
     <span class='ocr_line' id='line_1_2' title="bbox 215 378 1897 456; baseline -0.005 -17"><span class='ocrx_word' id='word_1_7' title='bbox 215 382 384 456; x_wconf 87' lang='lat' dir='ltr'>patrimonii</span> <span class='ocrx_word' id='word_1_8' title='bbox 392 380 605 447; x_wconf 88' lang='lat' dir='ltr'>sorteditarem,</span> <span class='ocrx_word' id='word_1_9' title='bbox 617 379 715 434; x_wconf 79' lang='lat' dir='ltr'>multe</span> <span class='ocrx_word' id='word_1_10' title='bbox 725 395 824 435; x_wconf 86' lang='lat' dir='ltr'>rerum</span> <span class='ocrx_word' id='word_1_11' title='bbox 831 378 1029 434; x_wconf 84' lang='lat' dir='ltr'>fallaciumoc·</span> <span class='ocrx_word' id='word_1_12' title='bbox 1078 384 1237 453; x_wconf 89' lang='lat' dir='ltr'>putaretur,</span> <span class='ocrx_word' id='word_1_13' title='bbox 1245 381 1267 435; x_wconf 95' lang='lat' dir='ltr'>si</span> <span class='ocrx_word' id='word_1_14' title='bbox 1280 380 1454 436; x_wconf 89' lang='lat' dir='ltr'>transitoriis</span> <span class='ocrx_word' id='word_1_15' title='bbox 1460 381 1640 452; x_wconf 88' lang='lat' dir='ltr'>terrenisque</span> <span class='ocrx_word' id='word_1_16' title='bbox 1646 379 1897 435; x_wconf 82' lang='lat' dir='ltr'>ditareturmune-</span> 
     </span>
     <span class='ocr_line' id='line_1_3' title="bbox 215 472 1896 547; baseline -0.004 -16"><span class='ocrx_word' id='word_1_17' title='bbox 215 475 539 546; x_wconf 84' lang='lat' dir='ltr'>currebantimagines;</span> <span class='ocrx_word' id='word_1_18' title='bbox 554 490 704 544; x_wconf 83' lang='lat' dir='ltr'>quassum</span> <span class='ocrx_word' id='word_1_19' title='bbox 723 489 777 544; x_wconf 87' lang='lat' dir='ltr'>ego</span> <span class='ocrx_word' id='word_1_20' title='bbox 798 477 829 527; x_wconf 93' lang='lat' dir='ltr'>ut</span> <span class='ocrx_word' id='word_1_21' title='bbox 848 472 1028 544; x_wconf 88' lang='lat' dir='ltr'>importunas</span> <span class='ocrx_word' id='word_1_22' title='bbox 1079 475 1172 543; x_wconf 90' lang='lat' dir='ltr'>ribus;</span> <span class='ocrx_word' id='word_1_23' title='bbox 1188 479 1270 531; x_wconf 91' lang='lat' dir='ltr'>tanto</span> <span class='ocrx_word' id='word_1_24' title='bbox 1278 477 1415 547; x_wconf 85' lang='lat' dir='ltr'>proeclara</span> <span class='ocrx_word' id='word_1_25' title='bbox 1425 478 1469 530; x_wconf 92' lang='lat' dir='ltr'>est</span> <span class='ocrx_word' id='word_1_26' title='bbox 1478 475 1627 547; x_wconf 87' lang='lat' dir='ltr'>virginitas</span> <span class='ocrx_word' id='word_1_27' title='bbox 1636 477 1666 529; x_wconf 91' lang='lat' dir='ltr'>et</span> <span class='ocrx_word' id='word_1_28' title='bbox 1676 472 1896 543; x_wconf 63' lang='lat' dir='ltr'>excellensque</span> 
     </span>
     <span class='ocr_line' id='line_1_4' title="bbox 214 565 1895 641; baseline -0.005 -14"><span class='ocrx_word' id='word_1_29' title='bbox 214 588 328 627; x_wconf 87' lang='lat' dir='ltr'>muscas</span> <span class='ocrx_word' id='word_1_30' title='bbox 340 586 426 624; x_wconf 88' lang='lat' dir='ltr'>manu</span> <span class='ocrx_word' id='word_1_31' title='bbox 441 567 546 622; x_wconf 91' lang='lat' dir='ltr'>mentis</span> <span class='ocrx_word' id='word_1_32' title='bbox 560 566 719 638; x_wconf 81' lang='lat' dir='ltr'>abigerem,</span> <span class='ocrx_word' id='word_1_33' title='bbox 729 566 831 622; x_wconf 90' lang='lat' dir='ltr'>tacitus</span> <span class='ocrx_word' id='word_1_34' title='bbox 838 565 952 621; x_wconf 88' lang='lat' dir='ltr'>aiebam</span> <span class='ocrx_word' id='word_1_35' title='bbox 961 583 967 621; x_wconf 94' lang='lat'>:</span> <span class='ocrx_word' id='word_1_36' title='bbox 975 570 1028 621; x_wconf 81' lang='lat' dir='ltr'>Au·</span> <span class='ocrx_word' id='word_1_37' title='bbox 1077 568 1193 624; x_wconf 89' lang='lat' dir='ltr'>calcatis</span> <span class='ocrx_word' id='word_1_38' title='bbox 1203 568 1400 641; x_wconf 68' lang='lat' dir='ltr'>abdicatisque</span> <span class='ocrx_word' id='word_1_39' title='bbox 1411 567 1565 624; x_wconf 88' lang='lat' dir='ltr'>mundanis</span> <span class='ocrx_word' id='word_1_40' title='bbox 1576 565 1857 639; x_wconf 85' lang='lat' dir='ltr'>voluptatibus,dum</span> <span class='ocrx_word' id='word_1_41' title='bbox 1867 565 1895 618; x_wconf 90' lang='lat' dir='ltr'>in</span> 
     </span>
     <span class='ocr_line' id='line_1_5' title="bbox 215 658 1897 734; baseline -0.005 -15"><span class='ocrx_word' id='word_1_42' title='bbox 215 681 280 719; x_wconf 88' lang='lat' dir='ltr'>rum</span> <span class='ocrx_word' id='word_1_43' title='bbox 291 668 320 719; x_wconf 88' lang='lat' dir='ltr'>et</span> <span class='ocrx_word' id='word_1_44' title='bbox 329 660 523 734; x_wconf 87' lang='lat' dir='ltr'>argentumde</span> <span class='ocrx_word' id='word_1_45' title='bbox 531 663 666 728; x_wconf 88' lang='lat' dir='ltr'>terraest,</span> <span class='ocrx_word' id='word_1_46' title='bbox 674 660 737 716; x_wconf 89' lang='lat' dir='ltr'>etin</span> <span class='ocrx_word' id='word_1_47' title='bbox 745 664 854 716; x_wconf 89' lang='lat' dir='ltr'>terram</span> <span class='ocrx_word' id='word_1_48' title='bbox 863 658 1025 728; x_wconf 86' lang='lat' dir='ltr'>revertitur;</span> <span class='ocrx_word' id='word_1_49' title='bbox 1079 662 1161 717; x_wconf 89' lang='lat' dir='ltr'>terris</span> <span class='ocrx_word' id='word_1_50' title='bbox 1174 663 1344 734; x_wconf 78' lang='lat' dir='ltr'>angelorum</span> <span class='ocrx_word' id='word_1_51' title='bbox 1355 667 1449 718; x_wconf 85' lang='lat' dir='ltr'>serrat</span> <span class='ocrx_word' id='word_1_52' title='bbox 1460 661 1668 733; x_wconf 84' lang='lat' dir='ltr'>integritatem,</span> <span class='ocrx_word' id='word_1_53' title='bbox 1677 658 1836 716; x_wconf 85' lang='lat' dir='ltr'>Dominum</span> <span class='ocrx_word' id='word_1_54' title='bbox 1850 675 1897 712; x_wconf 89' lang='lat' dir='ltr'>an·</span> 
     </span>
     <span class='ocr_line' id='line_1_6' title="bbox 214 752 1895 828; baseline -0.005 -16"><span class='ocrx_word' id='word_1_55' title='bbox 214 757 320 812; x_wconf 84' lang='lat' dir='ltr'>fundus</span> <span class='ocrx_word' id='word_1_56' title='bbox 337 759 366 809; x_wconf 91' lang='lat' dir='ltr'>et</span> <span class='ocrx_word' id='word_1_57' title='bbox 383 752 590 826; x_wconf 78' lang='lat' dir='ltr'>patrimonium</span> <span class='ocrx_word' id='word_1_58' title='bbox 605 755 714 809; x_wconf 90' lang='lat' dir='ltr'>reditus</span> <span class='ocrx_word' id='word_1_59' title='bbox 730 753 795 809; x_wconf 90' lang='lat' dir='ltr'>vilia</span> <span class='ocrx_word' id='word_1_60' title='bbox 813 758 843 808; x_wconf 90' lang='lat' dir='ltr'>et</span> <span class='ocrx_word' id='word_1_61' title='bbox 861 752 1027 808; x_wconf 87' lang='lat' dir='ltr'>transitoria</span> <span class='ocrx_word' id='word_1_62' title='bbox 1077 752 1895 828; x_wconf 83' lang='lat' dir='ltr'>getarumsortitaestportiouem.0uaeergoestrirginita·</span> 
     </span>
     <span class='ocr_line' id='line_1_7' title="bbox 215 845 1895 921; baseline -0.004 -16"><span class='ocrx_word' id='word_1_63' title='bbox 215 851 418 920; x_wconf 68' lang='lat' dir='ltr'>subtereunt</span> <span class='ocrx_word' id='word_1_64' title='bbox 426 850 495 902; x_wconf 88' lang='lat' dir='ltr'>enim</span> <span class='ocrx_word' id='word_1_65' title='bbox 502 851 591 919; x_wconf 82' lang='lat' dir='ltr'>fiqura</span> <span class='ocrx_word' id='word_1_66' title='bbox 601 849 678 917; x_wconf 71' lang='lat' dir='ltr'>bique</span> <span class='ocrx_word' id='word_1_67' title='bbox 686 848 783 902; x_wconf 83' lang='lat' dir='ltr'>mundi</span> <span class='ocrx_word' id='word_1_68' title='bbox 789 845 1027 916; x_wconf 80' lang='lat' dir='ltr'>(tGo·.vrr).Quid·</span> <span class='ocrx_word' id='word_1_69' title='bbox 1077 849 1113 904; x_wconf 92' lang='lat' dir='ltr'>tis</span> <span class='ocrx_word' id='word_1_70' title='bbox 1123 849 1296 904; x_wconf 79' lang='lat' dir='ltr'>haereditas?</span> <span class='ocrx_word' id='word_1_71' title='bbox 1306 866 1403 905; x_wconf 91' lang='lat' dir='ltr'>nonne</span> <span class='ocrx_word' id='word_1_72' title='bbox 1418 866 1452 904; x_wconf 91' lang='lat' dir='ltr'>ea</span> <span class='ocrx_word' id='word_1_73' title='bbox 1463 865 1550 921; x_wconf 88' lang='lat' dir='ltr'>quam</span> <span class='ocrx_word' id='word_1_74' title='bbox 1559 846 1799 904; x_wconf 82' lang='lat' dir='ltr'>dicitPsalmista:</span> <span class='ocrx_word' id='word_1_75' title='bbox 1813 847 1895 900; x_wconf 82' lang='lat' dir='ltr'>Domi·</span> 
     </span>
     <span class='ocr_line' id='line_1_8' title="bbox 214 939 1893 1014; baseline -0.002 -18"><span class='ocrx_word' id='word_1_76' title='bbox 214 942 283 1013; x_wconf 88' lang='lat' dir='ltr'>quid</span> <span class='ocrx_word' id='word_1_77' title='bbox 292 941 371 996; x_wconf 90' lang='lat' dir='ltr'>enim</span> <span class='ocrx_word' id='word_1_78' title='bbox 380 941 431 996; x_wconf 90' lang='lat' dir='ltr'>sub</span> <span class='ocrx_word' id='word_1_79' title='bbox 442 942 501 997; x_wconf 91' lang='lat' dir='ltr'>sole</span> <span class='ocrx_word' id='word_1_80' title='bbox 513 940 657 1011; x_wconf 82' lang='lat' dir='ltr'>conspexi,</span> <span class='ocrx_word' id='word_1_81' title='bbox 669 940 741 994; x_wconf 89' lang='lat' dir='ltr'>nibil</span> <span class='ocrx_word' id='word_1_82' title='bbox 752 943 778 995; x_wconf 89' lang='lat' dir='ltr'>te</span> <span class='ocrx_word' id='word_1_83' title='bbox 790 939 922 1010; x_wconf 87' lang='lat' dir='ltr'>dignum,</span> <span class='ocrx_word' id='word_1_84' title='bbox 930 953 1027 994; x_wconf 88' lang='lat' dir='ltr'>sorore</span> <span class='ocrx_word' id='word_1_85' title='bbox 1076 959 1201 1013; x_wconf 82' lang='lat' dir='ltr'>nuspars</span> <span class='ocrx_word' id='word_1_86' title='bbox 1213 944 1379 999; x_wconf 78' lang='lat' dir='ltr'>baereditatis</span> <span class='ocrx_word' id='word_1_87' title='bbox 1385 941 1610 1014; x_wconf 80' lang='lat' dir='ltr'>meae(Psat.xv)i</span> <span class='ocrx_word' id='word_1_88' title='bbox 1619 943 1653 997; x_wconf 86' lang='lat' dir='ltr'>Et</span> <span class='ocrx_word' id='word_1_89' title='bbox 1664 940 1774 996; x_wconf 91' lang='lat' dir='ltr'>iterum</span> <span class='ocrx_word' id='word_1_90' title='bbox 1789 940 1893 993; x_wconf 79' lang='lat' dir='ltr'>:Portis</span> 
     </span>
     <span class='ocr_line' id='line_1_9' title="bbox 213 1032 1895 1107; baseline -0.008 -18"><span class='ocrx_word' id='word_1_91' title='bbox 213 1034 366 1090; x_wconf 87' lang='lat' dir='ltr'>arbitratus</span> <span class='ocrx_word' id='word_1_92' title='bbox 376 1051 439 1088; x_wconf 91' lang='lat' dir='ltr'>sum</span> <span class='ocrx_word' id='word_1_93' title='bbox 447 1051 455 1102; x_wconf 94' lang='lat'>;</span> <span class='ocrx_word' id='word_1_94' title='bbox 466 1034 535 1088; x_wconf 89' lang='lat' dir='ltr'>nihil</span> <span class='ocrx_word' id='word_1_95' title='bbox 548 1033 661 1088; x_wconf 91' lang='lat' dir='ltr'>muneri</span> <span class='ocrx_word' id='word_1_96' title='bbox 671 1035 719 1088; x_wconf 90' lang='lat' dir='ltr'>tuo</span> <span class='ocrx_word' id='word_1_97' title='bbox 733 1032 841 1088; x_wconf 91' lang='lat' dir='ltr'>credidi</span> <span class='ocrx_word' id='word_1_98' title='bbox 856 1032 1027 1102; x_wconf 85' lang='lat' dir='ltr'>essegratis·</span> <span class='ocrx_word' id='word_1_99' title='bbox 1075 1053 1135 1091; x_wconf 81' lang='lat' dir='ltr'>mea</span> <span class='ocrx_word' id='word_1_100' title='bbox 1144 1035 1895 1107; x_wconf 64' lang='lat' dir='ltr'>Dominus(Psazmfflffipvide‚30r0r‚quantumpm.</span> 
     </span>
     <span class='ocr_line' id='line_1_10' title="bbox 213 1125 1893 1200; baseline -0.003 -17"><span class='ocrx_word' id='word_1_101' title='bbox 213 1128 335 1183; x_wconf 89' lang='lat' dir='ltr'>simum:</span> <span class='ocrx_word' id='word_1_102' title='bbox 361 1129 459 1183; x_wconf 88' lang='lat' dir='ltr'>omnia</span> <span class='ocrx_word' id='word_1_103' title='bbox 478 1127 668 1195; x_wconf 74' lang='lat' dir='ltr'>mutabunda,</span> <span class='ocrx_word' id='word_1_104' title='bbox 693 1128 810 1193; x_wconf 90' lang='lat' dir='ltr'>caduca,</span> <span class='ocrx_word' id='word_1_105' title='bbox 831 1128 860 1179; x_wconf 91' lang='lat' dir='ltr'>et</span> <span class='ocrx_word' id='word_1_106' title='bbox 873 1142 947 1180; x_wconf 89' lang='lat' dir='ltr'>vana</span> <span class='ocrx_word' id='word_1_107' title='bbox 964 1125 1026 1179; x_wconf 85' lang='lat' dir='ltr'>tore</span> <span class='ocrx_word' id='word_1_108' title='bbox 1076 1125 1893 1200; x_wconf 83' lang='lat' dir='ltr'>feceris,videquamsummumteneasapicem,utmulto·</span> 
     </span>
     <span class='ocr_line' id='line_1_11' title="bbox 211 1217 1894 1294; baseline -0.003 -18"><span class='ocrx_word' id='word_1_109' title='bbox 211 1221 358 1294; x_wconf 77' lang='lat' dir='ltr'>conspexi.</span> <span class='ocrx_word' id='word_1_110' title='bbox 375 1222 456 1277; x_wconf 91' lang='lat' dir='ltr'>Unde</span> <span class='ocrx_word' id='word_1_111' title='bbox 471 1238 568 1276; x_wconf 86' lang='lat' dir='ltr'>veram</span> <span class='ocrx_word' id='word_1_112' title='bbox 581 1236 642 1275; x_wconf 88' lang='lat' dir='ltr'>esse</span> <span class='ocrx_word' id='word_1_113' title='bbox 655 1219 765 1274; x_wconf 90' lang='lat' dir='ltr'>attendi</span> <span class='ocrx_word' id='word_1_114' title='bbox 780 1219 943 1275; x_wconf 90' lang='lat' dir='ltr'>Salomonis</span> <span class='ocrx_word' id='word_1_115' title='bbox 957 1234 1024 1272; x_wconf 88' lang='lat' dir='ltr'>sen·</span> <span class='ocrx_word' id='word_1_116' title='bbox 1076 1238 1141 1276; x_wconf 93' lang='lat' dir='ltr'>rum</span> <span class='ocrx_word' id='word_1_117' title='bbox 1152 1223 1274 1293; x_wconf 85' lang='lat' dir='ltr'>gratiam</span> <span class='ocrx_word' id='word_1_118' title='bbox 1284 1223 1491 1279; x_wconf 85' lang='lat' dir='ltr'>beneficiorum</span> <span class='ocrx_word' id='word_1_119' title='bbox 1500 1222 1530 1278; x_wconf 91' lang='lat' dir='ltr'>in</span> <span class='ocrx_word' id='word_1_120' title='bbox 1539 1237 1629 1277; x_wconf 91' lang='lat' dir='ltr'>unum</span> <span class='ocrx_word' id='word_1_121' title='bbox 1643 1219 1844 1289; x_wconf 86' lang='lat' dir='ltr'>eumdemque</span> <span class='ocrx_word' id='word_1_122' title='bbox 1855 1217 1894 1271; x_wconf 89' lang='lat' dir='ltr'>iu·</span> 
     </span>
     <span class='ocr_line' id='line_1_12' title="bbox 211 1309 1895 1388; baseline -0.004 -18"><span class='ocrx_word' id='word_1_123' title='bbox 211 1316 344 1384; x_wconf 89' lang='lat' dir='ltr'>tentiam,</span> <span class='ocrx_word' id='word_1_124' title='bbox 363 1315 484 1370; x_wconf 87' lang='lat' dir='ltr'>dicentis</span> <span class='ocrx_word' id='word_1_125' title='bbox 501 1315 595 1385; x_wconf 80' lang='lat' dir='ltr'>(Erote.</span> <span class='ocrx_word' id='word_1_126' title='bbox 610 1314 655 1383; x_wconf 69' lang='lat' dir='ltr'>ni:</span> <span class='ocrx_word' id='word_1_127' title='bbox 669 1316 844 1382; x_wconf 74' lang='lat' dir='ltr'>Magnificam</span> <span class='ocrx_word' id='word_1_128' title='bbox 857 1328 939 1382; x_wconf 85' lang='lat' dir='ltr'>opera</span> <span class='ocrx_word' id='word_1_129' title='bbox 956 1327 1026 1374; x_wconf 88' lang='lat' dir='ltr'>mea,</span> <span class='ocrx_word' id='word_1_130' title='bbox 1076 1315 1188 1369; x_wconf 85' lang='lat' dir='ltr'>veneris</span> <span class='ocrx_word' id='word_1_131' title='bbox 1203 1316 1356 1371; x_wconf 84' lang='lat' dir='ltr'>Christum.</span> <span class='ocrx_word' id='word_1_132' title='bbox 1377 1317 1504 1388; x_wconf 88' lang='lat' dir='ltr'>Sponsus</span> <span class='ocrx_word' id='word_1_133' title='bbox 1523 1319 1575 1383; x_wconf 88' lang='lat' dir='ltr'>est,</span> <span class='ocrx_word' id='word_1_134' title='bbox 1596 1316 1688 1369; x_wconf 84' lang='lat' dir='ltr'>trater</span> <span class='ocrx_word' id='word_1_135' title='bbox 1708 1315 1763 1379; x_wconf 85' lang='lat' dir='ltr'>est,</span> <span class='ocrx_word' id='word_1_136' title='bbox 1788 1309 1895 1365; x_wconf 82' lang='lat' dir='ltr'>amicus</span> 
     </span>
     <span class='ocr_line' id='line_1_13' title="bbox 211 1406 1897 1484; baseline -0.01 -4"><span class='ocrx_word' id='word_1_137' title='bbox 211 1410 343 1479; x_wconf 64' lang='lat' dir='ltr'>³2dean</span> <span class='ocrx_word' id='word_1_138' title='bbox 358 1410 426 1463; x_wconf 66' lang='lat' dir='ltr'>mill</span> <span class='ocrx_word' id='word_1_139' title='bbox 442 1410 542 1471; x_wconf 68' lang='lat' dir='ltr'>d⁰tll⁰⁸s</span> <span class='ocrx_word' id='word_1_140' title='bbox 555 1409 683 1477; x_wconf 82' lang='lat' dir='ltr'>plantavi</span> <span class='ocrx_word' id='word_1_141' title='bbox 704 1408 807 1469; x_wconf 82' lang='lat' dir='ltr'>uineas,</span> <span class='ocrx_word' id='word_1_142' title='bbox 827 1408 881 1473; x_wconf 68' lang='lat' dir='ltr'>feci</span> <span class='ocrx_word' id='word_1_143' title='bbox 896 1406 986 1459; x_wconf 62' lang='lat' dir='ltr'>&#39;wilti</span> <span class='ocrx_word' id='word_1_144' title='bbox 1001 1408 1027 1459; x_wconf 75' lang='lat' dir='ltr'>tl</span> <span class='ocrx_word' id='word_1_145' title='bbox 1077 1417 1128 1481; x_wconf 86' lang='lat' dir='ltr'>est,</span> <span class='ocrx_word' id='word_1_146' title='bbox 1142 1430 1209 1484; x_wconf 89' lang='lat' dir='ltr'>pars</span> <span class='ocrx_word' id='word_1_147' title='bbox 1222 1413 1397 1469; x_wconf 79' lang='lat' dir='ltr'>baereditatis</span> <span class='ocrx_word' id='word_1_148' title='bbox 1411 1416 1463 1481; x_wconf 88' lang='lat' dir='ltr'>est,</span> <span class='ocrx_word' id='word_1_149' title='bbox 1478 1413 1587 1468; x_wconf 90' lang='lat' dir='ltr'>amicus</span> <span class='ocrx_word' id='word_1_150' title='bbox 1597 1415 1649 1482; x_wconf 91' lang='lat' dir='ltr'>est,</span> <span class='ocrx_word' id='word_1_151' title='bbox 1663 1413 1739 1467; x_wconf 86' lang='lat' dir='ltr'>Deus</span> <span class='ocrx_word' id='word_1_152' title='bbox 1753 1414 1785 1465; x_wconf 86' lang='lat' dir='ltr'>et</span> <span class='ocrx_word' id='word_1_153' title='bbox 1803 1409 1897 1464; x_wconf 84' lang='lat' dir='ltr'>Domi-</span> 
     </span>
     <span class='ocr_line' id='line_1_14' title="bbox 209 1500 1895 1578; baseline -0.009 -6"><span class='ocrx_word' id='word_1_154' title='bbox 209 1503 488 1572; x_wconf 75' lang='lat' dir='ltr'>penariaeseonseat</span> <span class='ocrx_word' id='word_1_155' title='bbox 500 1503 601 1556; x_wconf 84' lang='lat' dir='ltr'>eunctis</span> <span class='ocrx_word' id='word_1_156' title='bbox 613 1500 897 1569; x_wconf 50' lang='lat' dir='ltr'>immittitu,</span> <span class='ocrx_word' id='word_1_157' title='bbox 907 1500 1028 1553; x_wconf 66' lang='lat' dir='ltr'>lstiltwl</span> <span class='ocrx_word' id='word_1_158' title='bbox 1076 1524 1130 1560; x_wconf 91' lang='lat' dir='ltr'>nus</span> <span class='ocrx_word' id='word_1_159' title='bbox 1142 1510 1194 1561; x_wconf 90' lang='lat' dir='ltr'>est.</span> <span class='ocrx_word' id='word_1_160' title='bbox 1211 1507 1303 1562; x_wconf 86' lang='lat' dir='ltr'>Habes</span> <span class='ocrx_word' id='word_1_161' title='bbox 1316 1507 1345 1561; x_wconf 92' lang='lat' dir='ltr'>in</span> <span class='ocrx_word' id='word_1_162' title='bbox 1360 1523 1394 1562; x_wconf 88' lang='lat' dir='ltr'>ao</span> <span class='ocrx_word' id='word_1_163' title='bbox 1410 1523 1558 1578; x_wconf 90' lang='lat' dir='ltr'>sponsum,</span> <span class='ocrx_word' id='word_1_164' title='bbox 1572 1522 1659 1578; x_wconf 90' lang='lat' dir='ltr'>quem</span> <span class='ocrx_word' id='word_1_165' title='bbox 1680 1503 1808 1576; x_wconf 88' lang='lat' dir='ltr'>diligas:</span> <span class='ocrx_word' id='word_1_166' title='bbox 1831 1505 1895 1574; x_wconf 88' lang='lat' dir='ltr'>Spe-</span> 
     </span>
     <span class='ocr_line' id='line_1_15' title="bbox 210 1594 1893 1672; baseline -0.005 -20"><span class='ocrx_word' id='word_1_167' title='bbox 210 1597 279 1652; x_wconf 80' lang='lat' dir='ltr'>miti</span> <span class='ocrx_word' id='word_1_168' title='bbox 290 1598 409 1667; x_wconf 80' lang='lat' dir='ltr'>piscinas</span> <span class='ocrx_word' id='word_1_169' title='bbox 420 1599 603 1665; x_wconf 84' lang='lat' dir='ltr'>aquarum,ut</span> <span class='ocrx_word' id='word_1_170' title='bbox 615 1597 758 1663; x_wconf 86' lang='lat' dir='ltr'>irriqarem</span> <span class='ocrx_word' id='word_1_171' title='bbox 769 1594 867 1647; x_wconf 89' lang='lat' dir='ltr'>siluam</span> <span class='ocrx_word' id='word_1_172' title='bbox 876 1594 1027 1662; x_wconf 83' lang='lat' dir='ltr'>penninan·</span> <span class='ocrx_word' id='word_1_173' title='bbox 1076 1602 1162 1655; x_wconf 59' lang='lat' dir='ltr'>erosos</span> <span class='ocrx_word' id='word_1_174' title='bbox 1180 1605 1219 1655; x_wconf 81' lang='lat' dir='ltr'>est</span> <span class='ocrx_word' id='word_1_175' title='bbox 1231 1603 1301 1656; x_wconf 75' lang='lat' dir='ltr'>enim</span> <span class='ocrx_word' id='word_1_176' title='bbox 1310 1603 1400 1668; x_wconf 78' lang='lat' dir='ltr'>formo</span> <span class='ocrx_word' id='word_1_177' title='bbox 1412 1616 1470 1672; x_wconf 80' lang='lat' dir='ltr'>prae</span> <span class='ocrx_word' id='word_1_178' title='bbox 1482 1601 1548 1670; x_wconf 65' lang='lat' dir='ltr'>filiis</span> <span class='ocrx_word' id='word_1_179' title='bbox 1560 1601 1697 1655; x_wconf 73' lang='lat' dir='ltr'>morinum</span> <span class='ocrx_word' id='word_1_180' title='bbox 1711 1597 1801 1667; x_wconf 83' lang='lat' dir='ltr'>(Psoi.</span> <span class='ocrx_word' id='word_1_181' title='bbox 1817 1600 1893 1667; x_wconf 74' lang='lat' dir='ltr'>rur),</span> 
     </span>
     <span class='ocr_line' id='line_1_16' title="bbox 212 1686 1893 1765; baseline 0 -21"><span class='ocrx_word' id='word_1_182' title='bbox 212 1691 279 1744; x_wconf 88' lang='lat' dir='ltr'>tium</span> <span class='ocrx_word' id='word_1_183' title='bbox 293 1691 436 1759; x_wconf 82' lang='lat' dir='ltr'>liqrrorum.</span> <span class='ocrx_word' id='word_1_184' title='bbox 451 1688 559 1743; x_wconf 85' lang='lat' dir='ltr'>Possedi</span> <span class='ocrx_word' id='word_1_185' title='bbox 571 1703 659 1743; x_wconf 84' lang='lat' dir='ltr'>seruos</span> <span class='ocrx_word' id='word_1_186' title='bbox 672 1692 697 1742; x_wconf 87' lang='lat' dir='ltr'>et</span> <span class='ocrx_word' id='word_1_187' title='bbox 719 1688 846 1748; x_wconf 72' lang='lat' dir='ltr'>annius,</span> <span class='ocrx_word' id='word_1_188' title='bbox 863 1686 1027 1754; x_wconf 86' lang='lat' dir='ltr'>multamque</span> <span class='ocrx_word' id='word_1_189' title='bbox 1076 1694 1124 1747; x_wconf 66' lang='lat' dir='ltr'>Est</span> <span class='ocrx_word' id='word_1_190' title='bbox 1136 1710 1219 1748; x_wconf 74' lang='lat' dir='ltr'>verus</span> <span class='ocrx_word' id='word_1_191' title='bbox 1234 1695 1322 1748; x_wconf 82' lang='lat' dir='ltr'>frater</span> <span class='ocrx_word' id='word_1_192' title='bbox 1338 1710 1424 1765; x_wconf 88' lang='lat' dir='ltr'>quem</span> <span class='ocrx_word' id='word_1_193' title='bbox 1439 1697 1555 1760; x_wconf 83' lang='lat' dir='ltr'>teneas3</span> <span class='ocrx_word' id='word_1_194' title='bbox 1580 1692 1739 1764; x_wconf 77' lang='lat' dir='ltr'>adoptione</span> <span class='ocrx_word' id='word_1_195' title='bbox 1765 1689 1846 1745; x_wconf 89' lang='lat' dir='ltr'>enim</span> <span class='ocrx_word' id='word_1_196' title='bbox 1869 1694 1893 1743; x_wconf 89' lang='lat' dir='ltr'>et</span> 
     </span>
    </p>
   </div>
   <div class='ocr_carea' id='block_1_3' title="bbox 151 1873 1892 4290">
    <p class='ocr_par' dir='ltr' id='par_1_3' title="bbox 151 1873 1892 4290">
     <span class='ocr_line' id='line_1_17' title="bbox 210 1873 1892 1952; baseline -0.008 -7"><span class='ocrx_word' id='word_1_197' title='bbox 210 1892 313 1947; x_wconf 89' lang='lat' dir='ltr'>quoque</span> <span class='ocrx_word' id='word_1_198' title='bbox 326 1891 480 1946; x_wconf 62' lang='lat' dir='ltr'>tamtum,</span> <span class='ocrx_word' id='word_1_199' title='bbox 491 1877 565 1931; x_wconf 66' lang='lat' dir='ltr'>“litt</span> <span class='ocrx_word' id='word_1_200' title='bbox 581 1890 669 1930; x_wconf 72' lang='lat' dir='ltr'>⁰mllt⁸</span> <span class='ocrx_word' id='word_1_201' title='bbox 679 1876 727 1944; x_wconf 91' lang='lat' dir='ltr'>qui</span> <span class='ocrx_word' id='word_1_202' title='bbox 743 1876 857 1941; x_wconf 81' lang='lat' dir='ltr'>fuerunt</span> <span class='ocrx_word' id='word_1_203' title='bbox 868 1876 931 1926; x_wconf 87' lang='lat' dir='ltr'>ante</span> <span class='ocrx_word' id='word_1_204' title='bbox 943 1887 984 1926; x_wconf 73' lang='lat' dir='ltr'>me</span> <span class='ocrx_word' id='word_1_205' title='bbox 997 1873 1036 1926; x_wconf 88' lang='lat' dir='ltr'>in·</span> <span class='ocrx_word' id='word_1_206' title='bbox 1077 1881 1112 1935; x_wconf 91' lang='lat' dir='ltr'>de</span> <span class='ocrx_word' id='word_1_207' title='bbox 1126 1897 1183 1952; x_wconf 90' lang='lat' dir='ltr'>quo</span> <span class='ocrx_word' id='word_1_208' title='bbox 1195 1897 1254 1936; x_wconf 92' lang='lat' dir='ltr'>non</span> <span class='ocrx_word' id='word_1_209' title='bbox 1271 1880 1397 1949; x_wconf 88' lang='lat' dir='ltr'>dubites;</span> <span class='ocrx_word' id='word_1_210' title='bbox 1415 1882 1476 1952; x_wconf 88' lang='lat' dir='ltr'>ipse</span> <span class='ocrx_word' id='word_1_211' title='bbox 1490 1880 1569 1935; x_wconf 88' lang='lat' dir='ltr'>enim</span> <span class='ocrx_word' id='word_1_212' title='bbox 1580 1879 1666 1934; x_wconf 88' lang='lat' dir='ltr'>dicit:</span> <span class='ocrx_word' id='word_1_213' title='bbox 1690 1881 1752 1934; x_wconf 87' lang='lat' dir='ltr'>Una</span> <span class='ocrx_word' id='word_1_214' title='bbox 1765 1881 1892 1933; x_wconf 77' lang='lat' dir='ltr'>estonum</span> 
     </span>
     <span class='ocr_line' id='line_1_18' title="bbox 208 1967 1889 2041; baseline -0.004 -15"><span class='ocrx_word' id='word_1_215' title='bbox 208 1970 365 2026; x_wconf 77' lang='lat' dir='ltr'>Jerusalem.</span> <span class='ocrx_word' id='word_1_216' title='bbox 390 1970 552 2027; x_wconf 82' lang='lat' dir='ltr'>Goacernaui</span> <span class='ocrx_word' id='word_1_217' title='bbox 573 1969 641 2022; x_wconf 81' lang='lat' dir='ltr'>mitri</span> <span class='ocrx_word' id='word_1_218' title='bbox 661 1971 802 2034; x_wconf 76' lang='lat' dir='ltr'>arpentum</span> <span class='ocrx_word' id='word_1_219' title='bbox 822 1970 847 2020; x_wconf 89' lang='lat' dir='ltr'>et</span> <span class='ocrx_word' id='word_1_220' title='bbox 864 1980 973 2026; x_wconf 81' lang='lat' dir='ltr'>aarum,</span> <span class='ocrx_word' id='word_1_221' title='bbox 1002 1969 1027 2018; x_wconf 78' lang='lat' dir='ltr'>et</span> <span class='ocrx_word' id='word_1_222' title='bbox 1076 1986 1135 2025; x_wconf 89' lang='lat' dir='ltr'>mea</span> <span class='ocrx_word' id='word_1_223' title='bbox 1149 1972 1237 2041; x_wconf 77' lang='lat' dir='ltr'>(Cant.</span> <span class='ocrx_word' id='word_1_224' title='bbox 1252 1972 1298 2039; x_wconf 73' lang='lat' dir='ltr'>vri.</span> <span class='ocrx_word' id='word_1_225' title='bbox 1316 1970 1408 2025; x_wconf 88' lang='lat' dir='ltr'>ltabes</span> <span class='ocrx_word' id='word_1_226' title='bbox 1421 1971 1451 2025; x_wconf 90' lang='lat' dir='ltr'>in</span> <span class='ocrx_word' id='word_1_227' title='bbox 1464 1986 1499 2025; x_wconf 91' lang='lat' dir='ltr'>eo</span> <span class='ocrx_word' id='word_1_228' title='bbox 1513 1967 1715 2024; x_wconf 74' lang='lat' dir='ltr'>hereditatem</span> <span class='ocrx_word' id='word_1_229' title='bbox 1726 1983 1820 2038; x_wconf 87' lang='lat' dir='ltr'>quam</span> <span class='ocrx_word' id='word_1_230' title='bbox 1835 1983 1889 2021; x_wconf 89' lang='lat' dir='ltr'>am·</span> 
     </span>
     <span class='ocr_line' id='line_1_19' title="bbox 209 2059 1890 2133; baseline -0.003 -15"><span class='ocrx_word' id='word_1_231' title='bbox 209 2063 375 2118; x_wconf 84' lang='lat' dir='ltr'>substautias</span> <span class='ocrx_word' id='word_1_232' title='bbox 386 2078 479 2131; x_wconf 85' lang='lat' dir='ltr'>requm</span> <span class='ocrx_word' id='word_1_233' title='bbox 493 2077 525 2116; x_wconf 91' lang='lat' dir='ltr'>ac</span> <span class='ocrx_word' id='word_1_234' title='bbox 536 2062 754 2131; x_wconf 64' lang='lat' dir='ltr'>prouinciarum</span> <span class='ocrx_word' id='word_1_235' title='bbox 769 2061 822 2126; x_wconf 77' lang='lat' dir='ltr'>feci</span> <span class='ocrx_word' id='word_1_236' title='bbox 830 2059 897 2113; x_wconf 80' lang='lat' dir='ltr'>miti</span> <span class='ocrx_word' id='word_1_237' title='bbox 906 2061 1027 2112; x_wconf 86' lang='lat' dir='ltr'>cantores</span> <span class='ocrx_word' id='word_1_238' title='bbox 1076 2062 1147 2130; x_wconf 83' lang='lat' dir='ltr'>bias3</span> <span class='ocrx_word' id='word_1_239' title='bbox 1161 2079 1227 2133; x_wconf 89' lang='lat' dir='ltr'>pars</span> <span class='ocrx_word' id='word_1_240' title='bbox 1240 2063 1318 2117; x_wconf 89' lang='lat' dir='ltr'>enim</span> <span class='ocrx_word' id='word_1_241' title='bbox 1333 2062 1509 2118; x_wconf 75' lang='lat' dir='ltr'>haereditatis</span> <span class='ocrx_word' id='word_1_242' title='bbox 1522 2065 1579 2116; x_wconf 80' lang='lat' dir='ltr'>ture</span> <span class='ocrx_word' id='word_1_243' title='bbox 1597 2060 1657 2133; x_wconf 88' lang='lat' dir='ltr'>ipse</span> <span class='ocrx_word' id='word_1_244' title='bbox 1676 2063 1731 2115; x_wconf 88' lang='lat' dir='ltr'>est.</span> <span class='ocrx_word' id='word_1_245' title='bbox 1760 2059 1854 2114; x_wconf 82' lang='lat' dir='ltr'>Habes</span> <span class='ocrx_word' id='word_1_246' title='bbox 1866 2059 1890 2112; x_wconf 90' lang='lat' dir='ltr'>in</span> 
     </span>
     <span class='ocr_line' id='line_1_20' title="bbox 210 2153 1888 2228; baseline -0.004 -16"><span class='ocrx_word' id='word_1_247' title='bbox 210 2161 235 2212; x_wconf 86' lang='lat' dir='ltr'>et</span> <span class='ocrx_word' id='word_1_248' title='bbox 247 2158 417 2220; x_wconf 79' lang='lat' dir='ltr'>cantatrices,</span> <span class='ocrx_word' id='word_1_249' title='bbox 431 2156 703 2224; x_wconf 72' lang='lat' dir='ltr'>etdeticiasfttiorum</span> <span class='ocrx_word' id='word_1_250' title='bbox 712 2155 863 2219; x_wconf 78' lang='lat' dir='ltr'>bominum3</span> <span class='ocrx_word' id='word_1_251' title='bbox 877 2153 989 2222; x_wconf 78' lang='lat' dir='ltr'>scyphos</span> <span class='ocrx_word' id='word_1_252' title='bbox 1002 2155 1027 2205; x_wconf 81' lang='lat' dir='ltr'>et</span> <span class='ocrx_word' id='word_1_253' title='bbox 1077 2173 1111 2211; x_wconf 91' lang='lat' dir='ltr'>eo</span> <span class='ocrx_word' id='word_1_254' title='bbox 1133 2156 1256 2227; x_wconf 89' lang='lat' dir='ltr'>pretium</span> <span class='ocrx_word' id='word_1_255' title='bbox 1277 2156 1356 2228; x_wconf 88' lang='lat' dir='ltr'>quod</span> <span class='ocrx_word' id='word_1_256' title='bbox 1377 2172 1526 2228; x_wconf 80' lang='lat' dir='ltr'>agnoscas,</span> <span class='ocrx_word' id='word_1_257' title='bbox 1542 2154 1610 2226; x_wconf 85' lang='lat' dir='ltr'>quia</span> <span class='ocrx_word' id='word_1_258' title='bbox 1626 2153 1748 2225; x_wconf 83' lang='lat' dir='ltr'>sanguis</span> <span class='ocrx_word' id='word_1_259' title='bbox 1768 2153 1832 2224; x_wconf 90' lang='lat' dir='ltr'>ejus</span> <span class='ocrx_word' id='word_1_260' title='bbox 1852 2169 1888 2206; x_wconf 76' lang='lat' dir='ltr'>re</span> 
     </span>
     <span class='ocr_line' id='line_1_21' title="bbox 209 2247 1890 2321; baseline -0.004 -16"><span class='ocrx_word' id='word_1_261' title='bbox 209 2265 301 2305; x_wconf 85' lang='lat' dir='ltr'>urceos</span> <span class='ocrx_word' id='word_1_262' title='bbox 310 2253 338 2304; x_wconf 89' lang='lat' dir='ltr'>in</span> <span class='ocrx_word' id='word_1_263' title='bbox 347 2252 495 2305; x_wconf 84' lang='lat' dir='ltr'>ministerio</span> <span class='ocrx_word' id='word_1_264' title='bbox 505 2249 542 2303; x_wconf 84' lang='lat' dir='ltr'>ad</span> <span class='ocrx_word' id='word_1_265' title='bbox 553 2250 618 2303; x_wconf 88' lang='lat' dir='ltr'>uina</span> <span class='ocrx_word' id='word_1_266' title='bbox 626 2247 779 2316; x_wconf 64' lang='lat' dir='ltr'>sunmnda.</span> <span class='ocrx_word' id='word_1_267' title='bbox 793 2248 828 2301; x_wconf 81' lang='lat' dir='ltr'>Et</span> <span class='ocrx_word' id='word_1_268' title='bbox 841 2259 1026 2316; x_wconf 80' lang='lat' dir='ltr'>superqeessus</span> <span class='ocrx_word' id='word_1_269' title='bbox 1077 2248 1205 2321; x_wconf 83' lang='lat' dir='ltr'>demptio</span> <span class='ocrx_word' id='word_1_270' title='bbox 1225 2253 1275 2304; x_wconf 88' lang='lat' dir='ltr'>tua</span> <span class='ocrx_word' id='word_1_271' title='bbox 1294 2253 1345 2304; x_wconf 93' lang='lat' dir='ltr'>est.</span> <span class='ocrx_word' id='word_1_272' title='bbox 1370 2250 1462 2304; x_wconf 83' lang='lat' dir='ltr'>Habes</span> <span class='ocrx_word' id='word_1_273' title='bbox 1476 2250 1506 2304; x_wconf 90' lang='lat' dir='ltr'>in</span> <span class='ocrx_word' id='word_1_274' title='bbox 1522 2265 1556 2304; x_wconf 88' lang='lat' dir='ltr'>eo</span> <span class='ocrx_word' id='word_1_275' title='bbox 1568 2249 1659 2303; x_wconf 88' lang='lat' dir='ltr'>Deum</span> <span class='ocrx_word' id='word_1_276' title='bbox 1673 2264 1691 2301; x_wconf 89' lang='lat' dir='ltr'>a</span> <span class='ocrx_word' id='word_1_277' title='bbox 1701 2262 1763 2318; x_wconf 86' lang='lat' dir='ltr'>quo</span> <span class='ocrx_word' id='word_1_278' title='bbox 1776 2247 1890 2318; x_wconf 85' lang='lat' dir='ltr'>regaris,</span> 
     </span>
     <span class='ocr_line' id='line_1_22' title="bbox 209 2338 1889 2414; baseline -0.003 -16"><span class='ocrx_word' id='word_1_279' title='bbox 209 2357 269 2399; x_wconf 91' lang='lat' dir='ltr'>sum</span> <span class='ocrx_word' id='word_1_280' title='bbox 284 2344 379 2413; x_wconf 84' lang='lat' dir='ltr'>opibus</span> <span class='ocrx_word' id='word_1_281' title='bbox 397 2358 486 2398; x_wconf 86' lang='lat' dir='ltr'>omnes</span> <span class='ocrx_word' id='word_1_282' title='bbox 502 2344 550 2413; x_wconf 88' lang='lat' dir='ltr'>qui</span> <span class='ocrx_word' id='word_1_283' title='bbox 562 2345 675 2410; x_wconf 79' lang='lat' dir='ltr'>suerunt</span> <span class='ocrx_word' id='word_1_284' title='bbox 687 2345 748 2396; x_wconf 89' lang='lat' dir='ltr'>ante</span> <span class='ocrx_word' id='word_1_285' title='bbox 764 2356 806 2395; x_wconf 90' lang='lat' dir='ltr'>me</span> <span class='ocrx_word' id='word_1_286' title='bbox 822 2342 851 2394; x_wconf 88' lang='lat' dir='ltr'>in</span> <span class='ocrx_word' id='word_1_287' title='bbox 866 2338 1024 2393; x_wconf 78' lang='lat' dir='ltr'>iuuentem.</span> <span class='ocrx_word' id='word_1_288' title='bbox 1076 2343 1229 2397; x_wconf 86' lang='lat' dir='ltr'>bominum</span> <span class='ocrx_word' id='word_1_289' title='bbox 1243 2358 1329 2414; x_wconf 90' lang='lat' dir='ltr'>quem</span> <span class='ocrx_word' id='word_1_290' title='bbox 1342 2346 1455 2397; x_wconf 87' lang='lat' dir='ltr'>metuas</span> <span class='ocrx_word' id='word_1_291' title='bbox 1466 2346 1496 2397; x_wconf 90' lang='lat' dir='ltr'>et</span> <span class='ocrx_word' id='word_1_292' title='bbox 1508 2341 1641 2397; x_wconf 88' lang='lat' dir='ltr'>bonores.</span> <span class='ocrx_word' id='word_1_293' title='bbox 1668 2341 1775 2395; x_wconf 84' lang='lat' dir='ltr'>Totam</span> <span class='ocrx_word' id='word_1_294' title='bbox 1794 2339 1847 2394; x_wconf 89' lang='lat' dir='ltr'>sibi</span> <span class='ocrx_word' id='word_1_295' title='bbox 1865 2338 1889 2394; x_wconf 91' lang='lat' dir='ltr'>in</span> 
     </span>
     <span class='ocr_line' id='line_1_23' title="bbox 208 2430 1889 2508; baseline -0.008 -8"><span class='ocrx_word' id='word_1_296' title='bbox 208 2435 300 2500; x_wconf 81' lang='lat' dir='ltr'>Quam</span> <span class='ocrx_word' id='word_1_297' title='bbox 312 2436 521 2508; x_wconf 78' lang='lat' dir='ltr'>igituromnem</span> <span class='ocrx_word' id='word_1_298' title='bbox 531 2434 836 2506; x_wconf 77' lang='lat' dir='ltr'>mortaliumpompam</span> <span class='ocrx_word' id='word_1_299' title='bbox 845 2430 1026 2487; x_wconf 82' lang='lat' dir='ltr'>talitermino</span> <span class='ocrx_word' id='word_1_300' title='bbox 1076 2437 1187 2492; x_wconf 79' lang='lat' dir='ltr'>christo</span> <span class='ocrx_word' id='word_1_301' title='bbox 1212 2435 1432 2508; x_wconf 74' lang='lat' dir='ltr'>prerogativam</span> <span class='ocrx_word' id='word_1_302' title='bbox 1449 2435 1599 2507; x_wconf 75' lang='lat' dir='ltr'>virginitas</span> <span class='ocrx_word' id='word_1_303' title='bbox 1615 2433 1754 2501; x_wconf 63' lang='lat' dir='ltr'>nudius,</span> <span class='ocrx_word' id='word_1_304' title='bbox 1774 2438 1807 2488; x_wconf 81' lang='lat' dir='ltr'>ut</span> <span class='ocrx_word' id='word_1_305' title='bbox 1829 2437 1889 2487; x_wconf 82' lang='lat' dir='ltr'>ante</span> 
     </span>
     <span class='ocr_line' id='line_1_24' title="bbox 209 2525 1889 2601; baseline -0.002 -17"><span class='ocrx_word' id='word_1_306' title='bbox 209 2529 354 2599; x_wconf 89' lang='lat' dir='ltr'>conclusit,</span> <span class='ocrx_word' id='word_1_307' title='bbox 363 2534 393 2584; x_wconf 87' lang='lat' dir='ltr'>ut</span> <span class='ocrx_word' id='word_1_308' title='bbox 402 2529 524 2584; x_wconf 88' lang='lat' dir='ltr'>diceret:</span> <span class='ocrx_word' id='word_1_309' title='bbox 543 2531 708 2598; x_wconf 81' lang='lat' dir='ltr'>Cumqueme</span> <span class='ocrx_word' id='word_1_310' title='bbox 721 2529 906 2583; x_wconf 73' lang='lat' dir='ltr'>conoutrssem</span> <span class='ocrx_word' id='word_1_311' title='bbox 917 2525 955 2580; x_wconf 85' lang='lat' dir='ltr'>ad</span> <span class='ocrx_word' id='word_1_312' title='bbox 968 2540 1024 2580; x_wconf 89' lang='lat' dir='ltr'>om·</span> <span class='ocrx_word' id='word_1_313' title='bbox 1077 2546 1164 2601; x_wconf 91' lang='lat' dir='ltr'>quam</span> <span class='ocrx_word' id='word_1_314' title='bbox 1183 2533 1311 2584; x_wconf 89' lang='lat' dir='ltr'>tremunt</span> <span class='ocrx_word' id='word_1_315' title='bbox 1328 2528 1494 2601; x_wconf 68' lang='lat' dir='ltr'>angeliaci</span> <span class='ocrx_word' id='word_1_316' title='bbox 1516 2528 1643 2583; x_wconf 86' lang='lat' dir='ltr'>serviunt</span> <span class='ocrx_word' id='word_1_317' title='bbox 1663 2529 1835 2599; x_wconf 85' lang='lat' dir='ltr'>potestates,</span> <span class='ocrx_word' id='word_1_318' title='bbox 1850 2525 1889 2580; x_wconf 90' lang='lat' dir='ltr'>cui</span> 
     </span>
     <span class='ocr_line' id='line_1_25' title="bbox 208 2618 1890 2694; baseline -0.003 -16"><span class='ocrx_word' id='word_1_319' title='bbox 208 2626 257 2678; x_wconf 86' lang='lat' dir='ltr'>nia</span> <span class='ocrx_word' id='word_1_320' title='bbox 276 2639 336 2693; x_wconf 76' lang='lat' dir='ltr'>qne</span> <span class='ocrx_word' id='word_1_321' title='bbox 352 2625 473 2690; x_wconf 75' lang='lat' dir='ltr'>fecerant</span> <span class='ocrx_word' id='word_1_322' title='bbox 492 2637 589 2677; x_wconf 85' lang='lat' dir='ltr'>manus</span> <span class='ocrx_word' id='word_1_323' title='bbox 609 2638 685 2686; x_wconf 81' lang='lat' dir='ltr'>mea,</span> <span class='ocrx_word' id='word_1_324' title='bbox 706 2626 732 2676; x_wconf 87' lang='lat' dir='ltr'>et</span> <span class='ocrx_word' id='word_1_325' title='bbox 755 2622 857 2676; x_wconf 86' lang='lat' dir='ltr'>labores</span> <span class='ocrx_word' id='word_1_326' title='bbox 877 2622 907 2673; x_wconf 86' lang='lat' dir='ltr'>in</span> <span class='ocrx_word' id='word_1_327' title='bbox 930 2618 1026 2688; x_wconf 85' lang='lat' dir='ltr'>quibus</span> <span class='ocrx_word' id='word_1_328' title='bbox 1076 2623 1415 2694; x_wconf 85' lang='lat' dir='ltr'>virtutesobtemperant,</span> <span class='ocrx_word' id='word_1_329' title='bbox 1427 2620 1890 2691; x_wconf 80' lang='lat' dir='ltr'>ouicoelestiaetterrestriagenu</span> 
     </span>
     <span class='ocr_line' id='line_1_26' title="bbox 206 2712 1891 2787; baseline -0.004 -15"><span class='ocrx_word' id='word_1_330' title='bbox 206 2717 494 2784; x_wconf 72' lang='lat' dir='ltr'>[mahumetanorum</span> <span class='ocrx_word' id='word_1_331' title='bbox 507 2716 566 2770; x_wconf 85' lang='lat' dir='ltr'>uidi</span> <span class='ocrx_word' id='word_1_332' title='bbox 575 2719 604 2770; x_wconf 83' lang='lat' dir='ltr'>in</span> <span class='ocrx_word' id='word_1_333' title='bbox 616 2716 893 2770; x_wconf 85' lang='lat' dir='ltr'>omnitusuanitatem</span> <span class='ocrx_word' id='word_1_334' title='bbox 903 2712 1025 2780; x_wconf 75' lang='lat' dir='ltr'>etasitic·</span> <span class='ocrx_word' id='word_1_335' title='bbox 1076 2716 1203 2783; x_wconf 87' lang='lat' dir='ltr'>flectunt,</span> <span class='ocrx_word' id='word_1_336' title='bbox 1218 2717 1293 2771; x_wconf 90' lang='lat' dir='ltr'>hunc</span> <span class='ocrx_word' id='word_1_337' title='bbox 1308 2716 1359 2771; x_wconf 90' lang='lat' dir='ltr'>sibi</span> <span class='ocrx_word' id='word_1_338' title='bbox 1374 2716 1455 2787; x_wconf 82' lang='lat' dir='ltr'>virgo</span> <span class='ocrx_word' id='word_1_339' title='bbox 1465 2731 1602 2787; x_wconf 89' lang='lat' dir='ltr'>sponsum</span> <span class='ocrx_word' id='word_1_340' title='bbox 1611 2713 1751 2781; x_wconf 78' lang='lat' dir='ltr'>vindicet,</span> <span class='ocrx_word' id='word_1_341' title='bbox 1769 2713 1891 2784; x_wconf 87' lang='lat' dir='ltr'>adbujus</span> 
     </span>
     <span class='ocr_line' id='line_1_27' title="bbox 207 2806 1890 2881; baseline -0.003 -16"><span class='ocrx_word' id='word_1_342' title='bbox 207 2812 304 2865; x_wconf 85' lang='lat' dir='ltr'>tionem</span> <span class='ocrx_word' id='word_1_343' title='bbox 318 2812 412 2877; x_wconf 86' lang='lat' dir='ltr'>animi,</span> <span class='ocrx_word' id='word_1_344' title='bbox 427 2814 453 2864; x_wconf 86' lang='lat' dir='ltr'>et</span> <span class='ocrx_word' id='word_1_345' title='bbox 465 2811 535 2864; x_wconf 75' lang='lat' dir='ltr'>essu</span> <span class='ocrx_word' id='word_1_346' title='bbox 544 2825 703 2879; x_wconf 77' lang='lat' dir='ltr'>parmarum</span> <span class='ocrx_word' id='word_1_347' title='bbox 718 2809 767 2864; x_wconf 88' lang='lat' dir='ltr'>sub</span> <span class='ocrx_word' id='word_1_348' title='bbox 780 2808 844 2863; x_wconf 88' lang='lat' dir='ltr'>sote.</span> <span class='ocrx_word' id='word_1_349' title='bbox 869 2808 904 2861; x_wconf 89' lang='lat' dir='ltr'>Et</span> <span class='ocrx_word' id='word_1_350' title='bbox 922 2807 1026 2861; x_wconf 89' lang='lat' dir='ltr'>iterum</span> <span class='ocrx_word' id='word_1_351' title='bbox 1076 2809 1235 2864; x_wconf 87' lang='lat' dir='ltr'>thalamum</span> <span class='ocrx_word' id='word_1_352' title='bbox 1251 2811 1353 2864; x_wconf 86' lang='lat' dir='ltr'>ornata</span> <span class='ocrx_word' id='word_1_353' title='bbox 1373 2808 1524 2863; x_wconf 79' lang='lat' dir='ltr'>virtutibus</span> <span class='ocrx_word' id='word_1_354' title='bbox 1542 2811 1688 2881; x_wconf 86' lang='lat' dir='ltr'>properet,</span> <span class='ocrx_word' id='word_1_355' title='bbox 1710 2807 1794 2861; x_wconf 88' lang='lat' dir='ltr'>hunc</span> <span class='ocrx_word' id='word_1_356' title='bbox 1812 2806 1890 2861; x_wconf 87' lang='lat' dir='ltr'>cubili</span> 
     </span>
     <span class='ocr_line' id='line_1_28' title="bbox 208 2884 1889 2975; baseline -0.002 -19"><span class='ocrx_word' id='word_1_357' title='bbox 208 2903 268 2975; x_wconf 89' lang='lat' dir='ltr'>ipse</span> <span class='ocrx_word' id='word_1_358' title='bbox 283 2903 364 2958; x_wconf 88' lang='lat' dir='ltr'>dicit:</span> <span class='ocrx_word' id='word_1_359' title='bbox 382 2907 533 2959; x_wconf 76' lang='lat' dir='ltr'>Delectatus</span> <span class='ocrx_word' id='word_1_360' title='bbox 548 2919 607 2958; x_wconf 89' lang='lat' dir='ltr'>sum</span> <span class='ocrx_word' id='word_1_361' title='bbox 621 2919 723 2958; x_wconf 88' lang='lat' dir='ltr'>omnem</span> <span class='ocrx_word' id='word_1_362' title='bbox 745 2903 914 2957; x_wconf 81' lang='lat' dir='ltr'>industriam</span> <span class='ocrx_word' id='word_1_363' title='bbox 928 2917 1024 2964; x_wconf 89' lang='lat' dir='ltr'>meam,</span> <span class='ocrx_word' id='word_1_364' title='bbox 1076 2902 1179 2970; x_wconf 88' lang='lat' dir='ltr'>cordis,</span> <span class='ocrx_word' id='word_1_365' title='bbox 1191 2905 1268 2957; x_wconf 89' lang='lat' dir='ltr'>casto</span> <span class='ocrx_word' id='word_1_366' title='bbox 1288 2901 1376 2958; x_wconf 89' lang='lat' dir='ltr'>cubili</span> <span class='ocrx_word' id='word_1_367' title='bbox 1390 2903 1550 2958; x_wconf 84' lang='lat' dir='ltr'>confoveat.</span> <span class='ocrx_word' id='word_1_368' title='bbox 1575 2884 1610 2956; x_wconf 76' lang='lat' dir='ltr'>lit</span> <span class='ocrx_word' id='word_1_369' title='bbox 1629 2899 1701 2972; x_wconf 87' lang='lat' dir='ltr'>quid</span> <span class='ocrx_word' id='word_1_370' title='bbox 1724 2900 1850 2972; x_wconf 88' lang='lat' dir='ltr'>amplios</span> <span class='ocrx_word' id='word_1_371' title='bbox 1867 2897 1889 2952; x_wconf 91' lang='lat' dir='ltr'>ei</span> 
     </span>
     <span class='ocr_line' id='line_1_29' title="bbox 208 2993 1888 3067; baseline -0.001 -18"><span class='ocrx_word' id='word_1_372' title='bbox 208 3011 290 3065; x_wconf 90' lang='lat' dir='ltr'>quam</span> <span class='ocrx_word' id='word_1_373' title='bbox 299 2996 348 3050; x_wconf 84' lang='lat' dir='ltr'>sut</span> <span class='ocrx_word' id='word_1_374' title='bbox 362 2996 416 3050; x_wconf 90' lang='lat' dir='ltr'>sole</span> <span class='ocrx_word' id='word_1_375' title='bbox 428 2996 624 3050; x_wconf 85' lang='lat' dir='ltr'>studiosissime</span> <span class='ocrx_word' id='word_1_376' title='bbox 637 2996 768 3063; x_wconf 83' lang='lat' dir='ltr'>laboravi,</span> <span class='ocrx_word' id='word_1_377' title='bbox 785 2995 929 3051; x_wconf 79' lang='lat' dir='ltr'>traditurus</span> <span class='ocrx_word' id='word_1_378' title='bbox 944 2995 1026 3049; x_wconf 75' lang='lat' dir='ltr'>nere-</span> <span class='ocrx_word' id='word_1_379' title='bbox 1076 2996 1205 3051; x_wconf 86' lang='lat' dir='ltr'>eonferre</span> <span class='ocrx_word' id='word_1_380' title='bbox 1216 2995 1320 3067; x_wconf 89' lang='lat' dir='ltr'>potuit,</span> <span class='ocrx_word' id='word_1_381' title='bbox 1331 2995 1375 3051; x_wconf 90' lang='lat' dir='ltr'>cui</span> <span class='ocrx_word' id='word_1_382' title='bbox 1386 2995 1695 3066; x_wconf 82' lang='lat' dir='ltr'>seChristussponsum</span> <span class='ocrx_word' id='word_1_383' title='bbox 1705 2993 1819 3061; x_wconf 85' lang='lat' dir='ltr'>tribuit,</span> <span class='ocrx_word' id='word_1_384' title='bbox 1829 3009 1888 3047; x_wconf 85' lang='lat' dir='ltr'>san·</span> 
     </span>
     <span class='ocr_line' id='line_1_30' title="bbox 208 3085 1889 3160; baseline -0.002 -17"><span class='ocrx_word' id='word_1_385' title='bbox 208 3089 268 3143; x_wconf 84' lang='lat' dir='ltr'>dem</span> <span class='ocrx_word' id='word_1_386' title='bbox 279 3093 342 3158; x_wconf 84' lang='lat' dir='ltr'>post</span> <span class='ocrx_word' id='word_1_387' title='bbox 354 3104 404 3151; x_wconf 90' lang='lat' dir='ltr'>me,</span> <span class='ocrx_word' id='word_1_388' title='bbox 421 3104 499 3157; x_wconf 86' lang='lat' dir='ltr'>quem</span> <span class='ocrx_word' id='word_1_389' title='bbox 513 3091 618 3156; x_wconf 69' lang='lat' dir='ltr'>tonora,</span> <span class='ocrx_word' id='word_1_390' title='bbox 632 3094 723 3143; x_wconf 85' lang='lat' dir='ltr'>utrum</span> <span class='ocrx_word' id='word_1_391' title='bbox 732 3090 840 3159; x_wconf 87' lang='lat' dir='ltr'>sapiens</span> <span class='ocrx_word' id='word_1_392' title='bbox 857 3094 906 3143; x_wconf 88' lang='lat' dir='ltr'>ant</span> <span class='ocrx_word' id='word_1_393' title='bbox 927 3089 1025 3143; x_wconf 86' lang='lat' dir='ltr'>stultus</span> <span class='ocrx_word' id='word_1_394' title='bbox 1076 3090 1194 3160; x_wconf 87' lang='lat' dir='ltr'>guinem</span> <span class='ocrx_word' id='word_1_395' title='bbox 1204 3106 1287 3145; x_wconf 93' lang='lat' dir='ltr'>suum</span> <span class='ocrx_word' id='word_1_396' title='bbox 1297 3089 1371 3145; x_wconf 89' lang='lat' dir='ltr'>dotis</span> <span class='ocrx_word' id='word_1_397' title='bbox 1384 3105 1416 3145; x_wconf 92' lang='lat' dir='ltr'>ac</span> <span class='ocrx_word' id='word_1_398' title='bbox 1432 3088 1560 3144; x_wconf 91' lang='lat' dir='ltr'>muneris</span> <span class='ocrx_word' id='word_1_399' title='bbox 1572 3087 1656 3143; x_wconf 90' lang='lat' dir='ltr'>tituto</span> <span class='ocrx_word' id='word_1_400' title='bbox 1672 3085 1889 3159; x_wconf 77' lang='lat' dir='ltr'>compensarit?</span> 
     </span>
     <span class='ocr_line' id='line_1_31' title="bbox 208 3146 1886 3255; baseline -0.001 -19"><span class='ocrx_word' id='word_1_401' title='bbox 208 3183 254 3244; x_wconf 90' lang='lat' dir='ltr'>sit,</span> <span class='ocrx_word' id='word_1_402' title='bbox 271 3181 456 3236; x_wconf 83' lang='lat' dir='ltr'>dominabitur</span> <span class='ocrx_word' id='word_1_403' title='bbox 467 3181 496 3235; x_wconf 83' lang='lat' dir='ltr'>id</span> <span class='ocrx_word' id='word_1_404' title='bbox 512 3181 648 3236; x_wconf 82' lang='lat' dir='ltr'>laboribus</span> <span class='ocrx_word' id='word_1_405' title='bbox 660 3183 725 3235; x_wconf 71' lang='lat' dir='ltr'>mas</span> <span class='ocrx_word' id='word_1_406' title='bbox 737 3181 834 3250; x_wconf 86' lang='lat' dir='ltr'>quibus</span> <span class='ocrx_word' id='word_1_407' title='bbox 847 3181 980 3235; x_wconf 74' lang='lat' dir='ltr'>desudem</span> <span class='ocrx_word' id='word_1_408' title='bbox 1001 3146 1063 3234; x_wconf 81' lang='lat' dir='ltr'>etC</span> <span class='ocrx_word' id='word_1_409' title='bbox 1076 3183 1176 3238; x_wconf 90' lang='lat' dir='ltr'>Solent</span> <span class='ocrx_word' id='word_1_410' title='bbox 1189 3200 1258 3255; x_wconf 85' lang='lat' dir='ltr'>ergo</span> <span class='ocrx_word' id='word_1_411' title='bbox 1272 3182 1322 3254; x_wconf 85' lang='lat' dir='ltr'>qui</span> <span class='ocrx_word' id='word_1_412' title='bbox 1332 3198 1434 3239; x_wconf 82' lang='lat' dir='ltr'>uxores</span> <span class='ocrx_word' id='word_1_413' title='bbox 1446 3182 1555 3237; x_wconf 91' lang='lat' dir='ltr'>ducunt</span> <span class='ocrx_word' id='word_1_414' title='bbox 1567 3182 1650 3237; x_wconf 87' lang='lat' dir='ltr'>dotes</span> <span class='ocrx_word' id='word_1_415' title='bbox 1663 3180 1806 3248; x_wconf 86' lang='lat' dir='ltr'>tribuere,</span> <span class='ocrx_word' id='word_1_416' title='bbox 1826 3197 1886 3236; x_wconf 88' lang='lat' dir='ltr'>con·</span> 
     </span>
     <span class='ocr_line' id='line_1_32' title="bbox 207 3273 1886 3348; baseline -0.002 -17"><span class='ocrx_word' id='word_1_417' title='bbox 207 3275 336 3331; x_wconf 86' lang='lat' dir='ltr'>sollicitus</span> <span class='ocrx_word' id='word_1_418' title='bbox 347 3276 401 3341; x_wconf 80' lang='lat' dir='ltr'>sui,</span> <span class='ocrx_word' id='word_1_419' title='bbox 418 3280 443 3331; x_wconf 84' lang='lat' dir='ltr'>et</span> <span class='ocrx_word' id='word_1_420' title='bbox 452 3279 491 3330; x_wconf 84' lang='lat' dir='ltr'>est</span> <span class='ocrx_word' id='word_1_421' title='bbox 502 3275 653 3346; x_wconf 81' lang='lat' dir='ltr'>quidquam</span> <span class='ocrx_word' id='word_1_422' title='bbox 667 3279 723 3329; x_wconf 92' lang='lat' dir='ltr'>tam</span> <span class='ocrx_word' id='word_1_423' title='bbox 736 3277 858 3329; x_wconf 83' lang='lat' dir='ltr'>uanum?</span> <span class='ocrx_word' id='word_1_424' title='bbox 879 3275 954 3329; x_wconf 88' lang='lat' dir='ltr'>Unde</span> <span class='ocrx_word' id='word_1_425' title='bbox 970 3289 1023 3330; x_wconf 84' lang='lat' dir='ltr'>ces·</span> <span class='ocrx_word' id='word_1_426' title='bbox 1074 3277 1150 3332; x_wconf 85' lang='lat' dir='ltr'>terre</span> <span class='ocrx_word' id='word_1_427' title='bbox 1160 3276 1289 3348; x_wconf 79' lang='lat' dir='ltr'>praemia,</span> <span class='ocrx_word' id='word_1_428' title='bbox 1304 3280 1333 3331; x_wconf 89' lang='lat' dir='ltr'>et</span> <span class='ocrx_word' id='word_1_429' title='bbox 1346 3275 1480 3332; x_wconf 85' lang='lat' dir='ltr'>adrieem</span> <span class='ocrx_word' id='word_1_430' title='bbox 1493 3273 1635 3347; x_wconf 84' lang='lat' dir='ltr'>perdendi</span> <span class='ocrx_word' id='word_1_431' title='bbox 1644 3273 1769 3347; x_wconf 88' lang='lat' dir='ltr'>pudoris</span> <span class='ocrx_word' id='word_1_432' title='bbox 1779 3277 1886 3328; x_wconf 83' lang='lat' dir='ltr'>suetra-</span> 
     </span>
     <span class='ocr_line' id='line_1_33' title="bbox 208 3367 1885 3441; baseline -0.003 -17"><span class='ocrx_word' id='word_1_433' title='bbox 208 3370 270 3424; x_wconf 89' lang='lat' dir='ltr'>saui</span> <span class='ocrx_word' id='word_1_434' title='bbox 280 3371 499 3439; x_wconf 77' lang='lat' dir='ltr'>renuntiavitque</span> <span class='ocrx_word' id='word_1_435' title='bbox 510 3384 554 3424; x_wconf 86' lang='lat' dir='ltr'>cer</span> <span class='ocrx_word' id='word_1_436' title='bbox 564 3384 652 3423; x_wconf 88' lang='lat' dir='ltr'>meum</span> <span class='ocrx_word' id='word_1_437' title='bbox 670 3369 746 3423; x_wconf 87' lang='lat' dir='ltr'>ultra</span> <span class='ocrx_word' id='word_1_438' title='bbox 758 3369 882 3424; x_wconf 85' lang='lat' dir='ltr'>laborare</span> <span class='ocrx_word' id='word_1_439' title='bbox 895 3369 945 3423; x_wconf 86' lang='lat' dir='ltr'>sut</span> <span class='ocrx_word' id='word_1_440' title='bbox 958 3368 1023 3424; x_wconf 83' lang='lat' dir='ltr'>sote.</span> <span class='ocrx_word' id='word_1_441' title='bbox 1075 3369 1143 3424; x_wconf 86' lang='lat' dir='ltr'>dere</span> <span class='ocrx_word' id='word_1_442' title='bbox 1151 3369 1344 3441; x_wconf 80' lang='lat' dir='ltr'>patrimonia3</span> <span class='ocrx_word' id='word_1_443' title='bbox 1360 3374 1392 3424; x_wconf 91' lang='lat' dir='ltr'>ut</span> <span class='ocrx_word' id='word_1_444' title='bbox 1407 3369 1511 3427; x_wconf 90' lang='lat' dir='ltr'>emisse</span> <span class='ocrx_word' id='word_1_445' title='bbox 1522 3369 1718 3440; x_wconf 88' lang='lat' dir='ltr'>potiusquam</span> <span class='ocrx_word' id='word_1_446' title='bbox 1731 3367 1885 3424; x_wconf 77' lang='lat' dir='ltr'>duxhseri-</span> 
     </span>
     <span class='ocr_line' id='line_1_34' title="bbox 206 3461 1888 3535; baseline -0.002 -17"><span class='ocrx_word' id='word_1_447' title='bbox 206 3462 388 3534; x_wconf 86' lang='lat' dir='ltr'>Tatiquoque</span> <span class='ocrx_word' id='word_1_448' title='bbox 399 3462 705 3529; x_wconf 85' lang='lat' dir='ltr'>informatusoraculo,</span> <span class='ocrx_word' id='word_1_449' title='bbox 718 3479 776 3517; x_wconf 89' lang='lat' dir='ltr'>non</span> <span class='ocrx_word' id='word_1_450' title='bbox 787 3479 848 3517; x_wconf 87' lang='lat' dir='ltr'>esse</span> <span class='ocrx_word' id='word_1_451' title='bbox 860 3478 907 3517; x_wconf 88' lang='lat' dir='ltr'>me</span> <span class='ocrx_word' id='word_1_452' title='bbox 917 3478 1021 3533; x_wconf 90' lang='lat' dir='ltr'>paren-</span> <span class='ocrx_word' id='word_1_453' title='bbox 1075 3463 1313 3519; x_wconf 81' lang='lat' dir='ltr'>deanturuxores.</span> <span class='ocrx_word' id='word_1_454' title='bbox 1324 3465 1408 3532; x_wconf 85' lang='lat' dir='ltr'>Tuus,</span> <span class='ocrx_word' id='word_1_455' title='bbox 1422 3463 1642 3535; x_wconf 85' lang='lat' dir='ltr'>virgo,&#39;sponsus</span> <span class='ocrx_word' id='word_1_456' title='bbox 1655 3461 1759 3518; x_wconf 89' lang='lat' dir='ltr'>dotem</span> <span class='ocrx_word' id='word_1_457' title='bbox 1772 3461 1822 3517; x_wconf 89' lang='lat' dir='ltr'>libi</span> <span class='ocrx_word' id='word_1_458' title='bbox 1828 3477 1888 3515; x_wconf 87' lang='lat' dir='ltr'>san·</span> 
     </span>
     <span class='ocr_line' id='line_1_35' title="bbox 207 3554 1886 3628; baseline -0.003 -14"><span class='ocrx_word' id='word_1_459' title='bbox 207 3562 267 3615; x_wconf 91' lang='lat' dir='ltr'>tem</span> <span class='ocrx_word' id='word_1_460' title='bbox 280 3576 380 3615; x_wconf 89' lang='lat' dir='ltr'>verum</span> <span class='ocrx_word' id='word_1_461' title='bbox 390 3561 578 3628; x_wconf 85' lang='lat' dir='ltr'>existimares,</span> <span class='ocrx_word' id='word_1_462' title='bbox 586 3577 677 3628; x_wconf 90' lang='lat' dir='ltr'>soror,</span> <span class='ocrx_word' id='word_1_463' title='bbox 687 3560 709 3615; x_wconf 93' lang='lat' dir='ltr'>si</span> <span class='ocrx_word' id='word_1_464' title='bbox 720 3565 747 3615; x_wconf 90' lang='lat' dir='ltr'>te</span> <span class='ocrx_word' id='word_1_465' title='bbox 755 3559 788 3614; x_wconf 90' lang='lat' dir='ltr'>iis</span> <span class='ocrx_word' id='word_1_466' title='bbox 797 3559 1023 3627; x_wconf 83' lang='lat' dir='ltr'>ditaremrebus,</span> <span class='ocrx_word' id='word_1_467' title='bbox 1075 3556 1193 3628; x_wconf 88' lang='lat' dir='ltr'>guinem</span> <span class='ocrx_word' id='word_1_468' title='bbox 1205 3573 1288 3612; x_wconf 91' lang='lat' dir='ltr'>suum</span> <span class='ocrx_word' id='word_1_469' title='bbox 1300 3556 1389 3625; x_wconf 87' lang='lat' dir='ltr'>dedit,</span> <span class='ocrx_word' id='word_1_470' title='bbox 1402 3574 1436 3612; x_wconf 90' lang='lat' dir='ltr'>eo</span> <span class='ocrx_word' id='word_1_471' title='bbox 1446 3560 1475 3612; x_wconf 90' lang='lat' dir='ltr'>te</span> <span class='ocrx_word' id='word_1_472' title='bbox 1483 3555 1616 3622; x_wconf 87' lang='lat' dir='ltr'>redemit,</span> <span class='ocrx_word' id='word_1_473' title='bbox 1630 3572 1667 3611; x_wconf 87' lang='lat' dir='ltr'>eo</span> <span class='ocrx_word' id='word_1_474' title='bbox 1680 3559 1710 3610; x_wconf 86' lang='lat' dir='ltr'>te</span> <span class='ocrx_word' id='word_1_475' title='bbox 1721 3554 1886 3626; x_wconf 79' lang='lat' dir='ltr'>suoecopulae</span> 
     </span>
     <span class='ocr_line' id='line_1_36' title="bbox 209 3647 1883 3725; baseline -0.004 -17"><span class='ocrx_word' id='word_1_476' title='bbox 209 3668 273 3724; x_wconf 81' lang='lat' dir='ltr'>quae</span> <span class='ocrx_word' id='word_1_477' title='bbox 296 3653 451 3709; x_wconf 82' lang='lat' dir='ltr'>stabilitate</span> <span class='ocrx_word' id='word_1_478' title='bbox 472 3655 552 3709; x_wconf 87' lang='lat' dir='ltr'>nulla</span> <span class='ocrx_word' id='word_1_479' title='bbox 570 3654 770 3723; x_wconf 86' lang='lat' dir='ltr'>consisterent,</span> <span class='ocrx_word' id='word_1_480' title='bbox 785 3670 849 3725; x_wconf 78' lang='lat' dir='ltr'>quae</span> <span class='ocrx_word' id='word_1_481' title='bbox 869 3651 1024 3708; x_wconf 90' lang='lat' dir='ltr'>mundanis</span> <span class='ocrx_word' id='word_1_482' title='bbox 1074 3651 1200 3718; x_wconf 83' lang='lat' dir='ltr'>sociauit,</span> <span class='ocrx_word' id='word_1_483' title='bbox 1212 3650 1395 3723; x_wconf 88' lang='lat' dir='ltr'>utpudorem</span> <span class='ocrx_word' id='word_1_484' title='bbox 1408 3668 1466 3706; x_wconf 89' lang='lat' dir='ltr'>non</span> <span class='ocrx_word' id='word_1_485' title='bbox 1477 3650 1589 3722; x_wconf 88' lang='lat' dir='ltr'>perdas,</span> <span class='ocrx_word' id='word_1_486' title='bbox 1601 3647 1883 3722; x_wconf 77' lang='lat' dir='ltr'>ethabeaspraemia.</span> 
     </span>
     <span class='ocr_line' id='line_1_37' title="bbox 209 3741 1887 3818; baseline -0.005 -17"><span class='ocrx_word' id='word_1_487' title='bbox 209 3747 1024 3818; x_wconf 82' lang='lat' dir='ltr'>subjectaecasibustedestituerent,nudamquerelinque·</span> <span class='ocrx_word' id='word_1_488' title='bbox 1075 3743 1188 3809; x_wconf 85' lang='lat' dir='ltr'>Quanto</span> <span class='ocrx_word' id='word_1_489' title='bbox 1202 3741 1887 3814; x_wconf 83' lang='lat' dir='ltr'>euimmunificentiusestdotispraemium,tauto</span> 
     </span>
     <span class='ocr_line' id='line_1_38' title="bbox 209 3835 1886 3912; baseline -0.004 -17"><span class='ocrx_word' id='word_1_490' title='bbox 209 3839 1025 3912; x_wconf 67' lang='lat' dir='ltr'>rent.AErumnisquoquetecumularemettimorimetui·</span> <span class='ocrx_word' id='word_1_491' title='bbox 1074 3837 1392 3894; x_wconf 79' lang='lat' dir='ltr'>astamorimmensior.</span> <span class='ocrx_word' id='word_1_492' title='bbox 1402 3836 1604 3893; x_wconf 89' lang='lat' dir='ltr'>lltultumenim</span> <span class='ocrx_word' id='word_1_493' title='bbox 1613 3835 1719 3907; x_wconf 88' lang='lat' dir='ltr'>diligit,</span> <span class='ocrx_word' id='word_1_494' title='bbox 1731 3850 1886 3908; x_wconf 87' lang='lat' dir='ltr'>quampm·</span> 
     </span>
     <span class='ocr_line' id='line_1_39' title="bbox 210 3929 1887 4007; baseline -0.007 -17"><span class='ocrx_word' id='word_1_495' title='bbox 210 3934 771 4007; x_wconf 80' lang='lat' dir='ltr'>quesubjieerem,sieaquaeiurauierre</span> <span class='ocrx_word' id='word_1_496' title='bbox 781 3937 904 4006; x_wconf 87' lang='lat' dir='ltr'>poterat,</span> <span class='ocrx_word' id='word_1_497' title='bbox 914 3936 1024 3989; x_wconf 87' lang='lat' dir='ltr'>sulcare</span> <span class='ocrx_word' id='word_1_498' title='bbox 1073 3929 1887 4004; x_wconf 74' lang='lat' dir='ltr'>priosibisanguinedospousavittttobboosuumcorpus</span> 
     </span>
     <span class='ocr_line' id='line_1_40' title="bbox 209 4020 1888 4099; baseline -0.006 -15"><span class='ocrx_word' id='word_1_499' title='bbox 209 4029 298 4096; x_wconf 88' lang='lat' dir='ltr'>tinea,</span> <span class='ocrx_word' id='word_1_500' title='bbox 311 4044 408 4099; x_wconf 73' lang='lat' dir='ltr'>aerugo</span> <span class='ocrx_word' id='word_1_501' title='bbox 419 4043 530 4095; x_wconf 83' lang='lat' dir='ltr'>vorare,</span> <span class='ocrx_word' id='word_1_502' title='bbox 542 4026 617 4098; x_wconf 87' lang='lat' dir='ltr'>ignis</span> <span class='ocrx_word' id='word_1_503' title='bbox 630 4027 791 4094; x_wconf 85' lang='lat' dir='ltr'>absumere,</span> <span class='ocrx_word' id='word_1_504' title='bbox 803 4031 881 4082; x_wconf 90' lang='lat' dir='ltr'>terra</span> <span class='ocrx_word' id='word_1_505' title='bbox 891 4029 1023 4095; x_wconf 86' lang='lat' dir='ltr'>obruere,</span> <span class='ocrx_word' id='word_1_506' title='bbox 1073 4025 1198 4081; x_wconf 86' lang='lat' dir='ltr'>vulneris</span> <span class='ocrx_word' id='word_1_507' title='bbox 1205 4025 1359 4081; x_wconf 89' lang='lat' dir='ltr'>ictuettele</span> <span class='ocrx_word' id='word_1_508' title='bbox 1371 4023 1457 4096; x_wconf 81' lang='lat' dir='ltr'>gladii</span> <span class='ocrx_word' id='word_1_509' title='bbox 1466 4023 1568 4079; x_wconf 90' lang='lat' dir='ltr'>maluit</span> <span class='ocrx_word' id='word_1_510' title='bbox 1579 4022 1697 4094; x_wconf 88' lang='lat' dir='ltr'>aperiri,</span> <span class='ocrx_word' id='word_1_511' title='bbox 1708 4026 1741 4078; x_wconf 90' lang='lat' dir='ltr'>ut</span> <span class='ocrx_word' id='word_1_512' title='bbox 1751 4026 1830 4077; x_wconf 87' lang='lat' dir='ltr'>tuam</span> <span class='ocrx_word' id='word_1_513' title='bbox 1841 4020 1888 4074; x_wconf 92' lang='lat' dir='ltr'>sibi</span> 
     </span>
     <span class='ocr_line' id='line_1_41' title="bbox 151 4116 1889 4195; baseline -0.006 -17"><span class='ocrx_word' id='word_1_514' title='bbox 151 4137 152 4141; x_wconf 73' lang='grc'>’</span> <span class='ocrx_word' id='word_1_515' title='bbox 211 4139 286 4195; x_wconf 87' lang='lat' dir='ltr'>aqua</span> <span class='ocrx_word' id='word_1_516' title='bbox 296 4122 401 4190; x_wconf 87' lang='lat' dir='ltr'>delere,</span> <span class='ocrx_word' id='word_1_517' title='bbox 414 4122 454 4176; x_wconf 92' lang='lat' dir='ltr'>sol</span> <span class='ocrx_word' id='word_1_518' title='bbox 465 4124 586 4189; x_wconf 86' lang='lat' dir='ltr'>torrere,</span> <span class='ocrx_word' id='word_1_519' title='bbox 596 4120 691 4175; x_wconf 83' lang='lat' dir='ltr'>imber</span> <span class='ocrx_word' id='word_1_520' title='bbox 700 4121 818 4189; x_wconf 85' lang='lat' dir='ltr'>foedare,</span> <span class='ocrx_word' id='word_1_521' title='bbox 831 4120 935 4192; x_wconf 86' lang='lat' dir='ltr'>glacies</span> <span class='ocrx_word' id='word_1_522' title='bbox 943 4121 1025 4175; x_wconf 91' lang='lat' dir='ltr'>strin-</span> <span class='ocrx_word' id='word_1_523' title='bbox 1073 4118 1267 4190; x_wconf 84' lang='lat' dir='ltr'>integritatem</span> <span class='ocrx_word' id='word_1_524' title='bbox 1279 4123 1398 4186; x_wconf 89' lang='lat' dir='ltr'>emeret,</span> <span class='ocrx_word' id='word_1_525' title='bbox 1409 4117 1578 4190; x_wconf 90' lang='lat' dir='ltr'>pudicitiam</span> <span class='ocrx_word' id='word_1_526' title='bbox 1592 4120 1789 4171; x_wconf 83' lang='lat' dir='ltr'>conservaret.</span> <span class='ocrx_word' id='word_1_527' title='bbox 1800 4116 1889 4170; x_wconf 81' lang='lat' dir='ltr'>Esou·</span> 
     </span>
     <span class='ocr_line' id='line_1_42' title="bbox 211 4207 1889 4290; baseline -0.007 -18"><span class='ocrx_word' id='word_1_528' title='bbox 211 4233 289 4290; x_wconf 83' lang='lat' dir='ltr'>gere,</span> <span class='ocrx_word' id='word_1_529' title='bbox 303 4220 359 4271; x_wconf 71' lang='lat' dir='ltr'>tues</span> <span class='ocrx_word' id='word_1_530' title='bbox 370 4213 555 4286; x_wconf 88' lang='lat' dir='ltr'>germanitati</span> <span class='ocrx_word' id='word_1_531' title='bbox 568 4214 744 4269; x_wconf 84' lang='lat' dir='ltr'>conterenda</span> <span class='ocrx_word' id='word_1_532' title='bbox 754 4231 815 4269; x_wconf 90' lang='lat' dir='ltr'>esse</span> <span class='ocrx_word' id='word_1_533' title='bbox 826 4217 969 4286; x_wconf 90' lang='lat' dir='ltr'>putarem.</span> <span class='ocrx_word' id='word_1_534' title='bbox 977 4213 1024 4270; x_wconf 88' lang='lat' dir='ltr'>llis</span> <span class='ocrx_word' id='word_1_535' title='bbox 1073 4212 1162 4268; x_wconf 87' lang='lat' dir='ltr'>traria</span> <span class='ocrx_word' id='word_1_536' title='bbox 1171 4212 1249 4268; x_wconf 88' lang='lat' dir='ltr'>enim</span> <span class='ocrx_word' id='word_1_537' title='bbox 1260 4211 1527 4268; x_wconf 88' lang='lat' dir='ltr'>curavitbominem</span> <span class='ocrx_word' id='word_1_538' title='bbox 1536 4228 1542 4266; x_wconf 95' lang='lat'><strong>:</strong></span> <span class='ocrx_word' id='word_1_539' title='bbox 1551 4214 1583 4265; x_wconf 90' lang='lat' dir='ltr'>ut</span> <span class='ocrx_word' id='word_1_540' title='bbox 1593 4210 1666 4265; x_wconf 87' lang='lat' dir='ltr'>sicut</span> <span class='ocrx_word' id='word_1_541' title='bbox 1674 4225 1758 4266; x_wconf 89' lang='lat' dir='ltr'>mors</span> <span class='ocrx_word' id='word_1_542' title='bbox 1768 4209 1830 4280; x_wconf 81' lang='lat' dir='ltr'>ejus</span> <span class='ocrx_word' id='word_1_543' title='bbox 1836 4207 1889 4261; x_wconf 85' lang='lat' dir='ltr'>rita</span> 
     </span>
    </p>
   </div>
   <div class='ocr_carea' id='block_1_4' title="bbox 98 4303 1889 4385">
    <p class='ocr_par' dir='ltr' id='par_1_4' title="bbox 98 4303 1889 4385">
     <span class='ocr_line' id='line_1_43' title="bbox 98 4303 1889 4385; baseline -0.006 -18"><span class='ocrx_word' id='word_1_544' title='bbox 98 4306 107 4313; x_wconf 80' lang='grc'><em>”</em></span> <span class='ocrx_word' id='word_1_545' title='bbox 210 4315 287 4366; x_wconf 88' lang='lat' dir='ltr'>certe</span> <span class='ocrx_word' id='word_1_546' title='bbox 299 4311 385 4365; x_wconf 90' lang='lat' dir='ltr'>rebus</span> <span class='ocrx_word' id='word_1_547' title='bbox 395 4309 528 4364; x_wconf 82' lang='lat' dir='ltr'>humanis</span> <span class='ocrx_word' id='word_1_548' title='bbox 539 4307 702 4380; x_wconf 89' lang='lat' dir='ltr'>implicatus</span> <span class='ocrx_word' id='word_1_549' title='bbox 713 4308 825 4363; x_wconf 89' lang='lat' dir='ltr'>animus</span> <span class='ocrx_word' id='word_1_550' title='bbox 835 4310 916 4364; x_wconf 83' lang='lat' dir='ltr'>alteo</span> <span class='ocrx_word' id='word_1_551' title='bbox 925 4309 1025 4364; x_wconf 82' lang='lat' dir='ltr'>averti·</span> <span class='ocrx_word' id='word_1_552' title='bbox 1074 4305 1356 4378; x_wconf 88' lang='lat' dir='ltr'>estnostra,ejusque</span> <span class='ocrx_word' id='word_1_553' title='bbox 1364 4304 1623 4361; x_wconf 78' lang='lat' dir='ltr'>bumilitasnostrre</span> <span class='ocrx_word' id='word_1_554' title='bbox 1632 4303 1829 4385; x_wconf 78' lang='lat' dir='ltr'>estsuperbiae</span> <span class='ocrx_word' id='word_1_555' title='bbox 1836 4317 1889 4356; x_wconf 83' lang='lat' dir='ltr'>me·</span> 
     </span>
    </p>
   </div>
   <div class='ocr_carea' id='block_1_5' title="bbox 152 4397 1890 5883">
    <p class='ocr_par' dir='ltr' id='par_1_5' title="bbox 152 4397 1890 5883">
     <span class='ocr_line' id='line_1_44' title="bbox 210 4397 1889 4474; baseline -0.006 -14"><span class='ocrx_word' id='word_1_556' title='bbox 210 4409 267 4473; x_wconf 90' lang='lat' dir='ltr'>tur,</span> <span class='ocrx_word' id='word_1_557' title='bbox 279 4409 307 4460; x_wconf 93' lang='lat' dir='ltr'>et</span> <span class='ocrx_word' id='word_1_558' title='bbox 320 4404 355 4459; x_wconf 91' lang='lat' dir='ltr'>ab</span> <span class='ocrx_word' id='word_1_559' title='bbox 369 4403 418 4458; x_wconf 91' lang='lat' dir='ltr'>illa</span> <span class='ocrx_word' id='word_1_560' title='bbox 431 4402 574 4459; x_wconf 89' lang='lat' dir='ltr'>immobili</span> <span class='ocrx_word' id='word_1_561' title='bbox 584 4419 616 4458; x_wconf 90' lang='lat' dir='ltr'>ac</span> <span class='ocrx_word' id='word_1_562' title='bbox 625 4402 823 4474; x_wconf 88' lang='lat' dir='ltr'>permanentis</span> <span class='ocrx_word' id='word_1_563' title='bbox 832 4402 959 4459; x_wconf 89' lang='lat' dir='ltr'>veritatis</span> <span class='ocrx_word' id='word_1_564' title='bbox 969 4404 1025 4458; x_wconf 89' lang='lat' dir='ltr'>lor·</span> <span class='ocrx_word' id='word_1_565' title='bbox 1074 4400 1177 4468; x_wconf 90' lang='lat' dir='ltr'>dicina,</span> <span class='ocrx_word' id='word_1_566' title='bbox 1189 4400 1228 4456; x_wconf 89' lang='lat' dir='ltr'>sic</span> <span class='ocrx_word' id='word_1_567' title='bbox 1239 4400 1439 4455; x_wconf 87' lang='lat' dir='ltr'>etvulneribus</span> <span class='ocrx_word' id='word_1_568' title='bbox 1450 4398 1538 4471; x_wconf 91' lang='lat' dir='ltr'>ipsius</span> <span class='ocrx_word' id='word_1_569' title='bbox 1546 4401 1644 4454; x_wconf 83' lang='lat' dir='ltr'>nostm</span> <span class='ocrx_word' id='word_1_570' title='bbox 1653 4397 1810 4468; x_wconf 85' lang='lat' dir='ltr'>integritas</span> <span class='ocrx_word' id='word_1_571' title='bbox 1818 4411 1889 4466; x_wconf 80' lang='lat' dir='ltr'>emp</span> 
     </span>
     <span class='ocr_line' id='line_1_45' title="bbox 210 4473 1888 4593; baseline -0.007 -40"><span class='ocrx_word' id='word_1_572' title='bbox 210 4515 261 4553; x_wconf 88' lang='lat' dir='ltr'>ma</span> <span class='ocrx_word' id='word_1_573' title='bbox 275 4497 392 4553; x_wconf 88' lang='lat' dir='ltr'>recedit.</span> <span class='ocrx_word' id='word_1_574' title='bbox 408 4499 464 4553; x_wconf 89' lang='lat' dir='ltr'>Nec</span> <span class='ocrx_word' id='word_1_575' title='bbox 477 4500 572 4569; x_wconf 86' lang='lat' dir='ltr'>potest</span> <span class='ocrx_word' id='word_1_576' title='bbox 582 4496 619 4552; x_wconf 89' lang='lat' dir='ltr'>ad</span> <span class='ocrx_word' id='word_1_577' title='bbox 633 4514 663 4551; x_wconf 90' lang='lat' dir='ltr'>se</span> <span class='ocrx_word' id='word_1_578' title='bbox 677 4496 829 4551; x_wconf 90' lang='lat' dir='ltr'>admittere</span> <span class='ocrx_word' id='word_1_579' title='bbox 844 4496 931 4551; x_wconf 85' lang='lat' dir='ltr'>divini</span> <span class='ocrx_word' id='word_1_580' title='bbox 944 4497 1023 4553; x_wconf 84' lang='lat' dir='ltr'>verbi</span> <span class='ocrx_word' id='word_1_581' title='bbox 1033 4521 1063 4593; x_wconf 80' lang='lat' dir='ltr'>D</span> <span class='ocrx_word' id='word_1_582' title='bbox 1075 4473 1164 4564; x_wconf 82' lang='lat' dir='ltr'>tuest,</span> <span class='ocrx_word' id='word_1_583' title='bbox 1173 4493 1295 4565; x_wconf 88' lang='lat' dir='ltr'>quiideo</span> <span class='ocrx_word' id='word_1_584' title='bbox 1305 4493 1423 4548; x_wconf 87' lang='lat' dir='ltr'>feririse</span> <span class='ocrx_word' id='word_1_585' title='bbox 1432 4494 1549 4548; x_wconf 85' lang='lat' dir='ltr'>vulnere</span> <span class='ocrx_word' id='word_1_586' title='bbox 1558 4491 1658 4557; x_wconf 83' lang='lat' dir='ltr'>voluit,</span> <span class='ocrx_word' id='word_1_587' title='bbox 1669 4507 1709 4545; x_wconf 91' lang='lat' dir='ltr'>ne</span> <span class='ocrx_word' id='word_1_588' title='bbox 1718 4488 1888 4545; x_wconf 87' lang='lat' dir='ltr'>malleouni·</span> 
     </span>
     <span class='ocr_line' id='line_1_46' title="bbox 212 4585 1886 4662; baseline -0.003 -16"><span class='ocrx_word' id='word_1_589' title='bbox 212 4590 404 4661; x_wconf 88' lang='lat' dir='ltr'>dulcedinem,</span> <span class='ocrx_word' id='word_1_590' title='bbox 419 4595 469 4646; x_wconf 90' lang='lat' dir='ltr'>aut</span> <span class='ocrx_word' id='word_1_591' title='bbox 483 4590 605 4662; x_wconf 89' lang='lat' dir='ltr'>Spiritus</span> <span class='ocrx_word' id='word_1_592' title='bbox 622 4590 712 4645; x_wconf 87' lang='lat' dir='ltr'>sancti</span> <span class='ocrx_word' id='word_1_593' title='bbox 730 4589 910 4658; x_wconf 86' lang='lat' dir='ltr'>suavitatem,</span> <span class='ocrx_word' id='word_1_594' title='bbox 926 4594 1025 4662; x_wconf 90' lang='lat' dir='ltr'>pectus</span> <span class='ocrx_word' id='word_1_595' title='bbox 1074 4590 1255 4643; x_wconf 78' lang='lat' dir='ltr'>versaeterrm</span> <span class='ocrx_word' id='word_1_596' title='bbox 1266 4604 1319 4643; x_wconf 91' lang='lat' dir='ltr'>nos</span> <span class='ocrx_word' id='word_1_597' title='bbox 1332 4586 1409 4643; x_wconf 83' lang='lat' dir='ltr'>feriri</span> <span class='ocrx_word' id='word_1_598' title='bbox 1424 4587 1541 4642; x_wconf 89' lang='lat' dir='ltr'>sineret.</span> <span class='ocrx_word' id='word_1_599' title='bbox 1550 4587 1639 4641; x_wconf 81' lang='lat' dir='ltr'>Pretio</span> <span class='ocrx_word' id='word_1_600' title='bbox 1648 4586 1723 4640; x_wconf 84' lang='lat' dir='ltr'>enim</span> <span class='ocrx_word' id='word_1_601' title='bbox 1730 4585 1886 4655; x_wconf 82' lang='lat' dir='ltr'>eruptiestis.</span> 
     </span>
     <span class='ocr_line' id='line_1_47' title="bbox 212 4676 1888 4759; baseline -0.008 -17"><span class='ocrx_word' id='word_1_602' title='bbox 212 4686 290 4759; x_wconf 86' lang='lat' dir='ltr'>quod</span> <span class='ocrx_word' id='word_1_603' title='bbox 302 4688 345 4741; x_wconf 88' lang='lat' dir='ltr'>tot</span> <span class='ocrx_word' id='word_1_604' title='bbox 358 4683 512 4740; x_wconf 89' lang='lat' dir='ltr'>mundanis</span> <span class='ocrx_word' id='word_1_605' title='bbox 530 4683 656 4754; x_wconf 85' lang='lat' dir='ltr'>agitatur</span> <span class='ocrx_word' id='word_1_606' title='bbox 668 4683 821 4751; x_wconf 89' lang='lat' dir='ltr'>molestiis,</span> <span class='ocrx_word' id='word_1_607' title='bbox 837 4686 879 4739; x_wconf 93' lang='lat' dir='ltr'>tot</span> <span class='ocrx_word' id='word_1_608' title='bbox 891 4700 1024 4738; x_wconf 89' lang='lat' dir='ltr'>curarum</span> <span class='ocrx_word' id='word_1_609' title='bbox 1075 4681 1115 4736; x_wconf 90' lang='lat' dir='ltr'>ait</span> <span class='ocrx_word' id='word_1_610' title='bbox 1124 4682 1285 4753; x_wconf 82' lang='lat' dir='ltr'>Apostolus,</span> <span class='ocrx_word' id='word_1_611' title='bbox 1294 4683 1441 4752; x_wconf 68' lang='lat' dir='ltr'>nolitefieri</span> <span class='ocrx_word' id='word_1_612' title='bbox 1447 4682 1518 4737; x_wconf 78' lang='lat' dir='ltr'>semi</span> <span class='ocrx_word' id='word_1_613' title='bbox 1524 4679 1660 4735; x_wconf 82' lang='lat' dir='ltr'>bominum</span> <span class='ocrx_word' id='word_1_614' title='bbox 1670 4677 1698 4750; x_wconf 82' lang='lat'>(1</span> <span class='ocrx_word' id='word_1_615' title='bbox 1702 4677 1765 4734; x_wconf 86' lang='lat' dir='ltr'>Gor.</span> <span class='ocrx_word' id='word_1_616' title='bbox 1773 4677 1831 4748; x_wconf 81' lang='lat' dir='ltr'>vn).</span> <span class='ocrx_word' id='word_1_617' title='bbox 1839 4676 1888 4731; x_wconf 84' lang='lat' dir='ltr'>Cur</span> 
     </span>
     <span class='ocr_line' id='line_1_48' title="bbox 212 4771 1886 4854; baseline -0.008 -17"><span class='ocrx_word' id='word_1_618' title='bbox 212 4779 418 4854; x_wconf 88' lang='lat' dir='ltr'>temporalium</span> <span class='ocrx_word' id='word_1_619' title='bbox 431 4777 554 4833; x_wconf 90' lang='lat' dir='ltr'>stimulis</span> <span class='ocrx_word' id='word_1_620' title='bbox 560 4777 736 4832; x_wconf 86' lang='lat' dir='ltr'>verberatur.</span> <span class='ocrx_word' id='word_1_621' title='bbox 747 4776 776 4832; x_wconf 91' lang='lat' dir='ltr'>Si</span> <span class='ocrx_word' id='word_1_622' title='bbox 785 4793 854 4849; x_wconf 86' lang='lat' dir='ltr'>ergo</span> <span class='ocrx_word' id='word_1_623' title='bbox 862 4781 890 4832; x_wconf 89' lang='lat' dir='ltr'>te</span> <span class='ocrx_word' id='word_1_624' title='bbox 897 4778 942 4832; x_wconf 90' lang='lat' dir='ltr'>his</span> <span class='ocrx_word' id='word_1_625' title='bbox 950 4776 1025 4833; x_wconf 82' lang='lat' dir='ltr'>nexi·</span> <span class='ocrx_word' id='word_1_626' title='bbox 1074 4774 1155 4846; x_wconf 87' lang='lat' dir='ltr'>virgo</span> <span class='ocrx_word' id='word_1_627' title='bbox 1169 4775 1238 4830; x_wconf 92' lang='lat' dir='ltr'>dare</span> <span class='ocrx_word' id='word_1_628' title='bbox 1248 4775 1397 4848; x_wconf 85' lang='lat' dir='ltr'>viscorpus</span> <span class='ocrx_word' id='word_1_629' title='bbox 1405 4774 1477 4844; x_wconf 86' lang='lat' dir='ltr'>viro,</span> <span class='ocrx_word' id='word_1_630' title='bbox 1486 4772 1564 4845; x_wconf 85' lang='lat' dir='ltr'>quod</span> <span class='ocrx_word' id='word_1_631' title='bbox 1573 4772 1637 4843; x_wconf 83' lang='lat' dir='ltr'>jam</span> <span class='ocrx_word' id='word_1_632' title='bbox 1649 4775 1695 4826; x_wconf 89' lang='lat' dir='ltr'>est</span> <span class='ocrx_word' id='word_1_633' title='bbox 1706 4771 1886 4843; x_wconf 88' lang='lat' dir='ltr'>redemptum</span> 
     </span>
     <span class='ocr_line' id='line_1_49' title="bbox 212 4862 1888 4947; baseline -0.008 -17"><span class='ocrx_word' id='word_1_634' title='bbox 212 4876 265 4930; x_wconf 91' lang='lat' dir='ltr'>bus</span> <span class='ocrx_word' id='word_1_635' title='bbox 284 4874 444 4947; x_wconf 88' lang='lat' dir='ltr'>alligarem,</span> <span class='ocrx_word' id='word_1_636' title='bbox 459 4871 620 4942; x_wconf 87' lang='lat' dir='ltr'>talibusque</span> <span class='ocrx_word' id='word_1_637' title='bbox 635 4886 786 4925; x_wconf 87' lang='lat' dir='ltr'>onerarem</span> <span class='ocrx_word' id='word_1_638' title='bbox 796 4870 981 4943; x_wconf 88' lang='lat' dir='ltr'>ponderibus,</span> <span class='ocrx_word' id='word_1_639' title='bbox 997 4874 1026 4926; x_wconf 89' lang='lat' dir='ltr'>et</span> <span class='ocrx_word' id='word_1_640' title='bbox 1075 4867 1236 4925; x_wconf 79' lang='lat' dir='ltr'>aChristo?</span> <span class='ocrx_word' id='word_1_641' title='bbox 1250 4869 1329 4923; x_wconf 79' lang='lat' dir='ltr'>Alius</span> <span class='ocrx_word' id='word_1_642' title='bbox 1341 4872 1369 4923; x_wconf 91' lang='lat' dir='ltr'>te</span> <span class='ocrx_word' id='word_1_643' title='bbox 1385 4866 1511 4936; x_wconf 86' lang='lat' dir='ltr'>redimit,</span> <span class='ocrx_word' id='word_1_644' title='bbox 1521 4869 1551 4921; x_wconf 92' lang='lat' dir='ltr'>et</span> <span class='ocrx_word' id='word_1_645' title='bbox 1561 4864 1608 4921; x_wconf 90' lang='lat' dir='ltr'>alii</span> <span class='ocrx_word' id='word_1_646' title='bbox 1624 4864 1738 4921; x_wconf 89' lang='lat' dir='ltr'>nubere</span> <span class='ocrx_word' id='word_1_647' title='bbox 1749 4862 1888 4938; x_wconf 85' lang='lat' dir='ltr'>cupis‘lal-</span> 
     </span>
     <span class='ocr_line' id='line_1_50' title="bbox 213 4956 1889 5037; baseline -0.007 -14"><span class='ocrx_word' id='word_1_648' title='bbox 213 4969 289 5024; x_wconf 92' lang='lat' dir='ltr'>mole</span> <span class='ocrx_word' id='word_1_649' title='bbox 309 4972 433 5024; x_wconf 84' lang='lat' dir='ltr'>terrenae</span> <span class='ocrx_word' id='word_1_650' title='bbox 450 4963 632 5037; x_wconf 87' lang='lat' dir='ltr'>cogitationis</span> <span class='ocrx_word' id='word_1_651' title='bbox 650 4964 857 5035; x_wconf 89' lang='lat' dir='ltr'>opprimerem,</span> <span class='ocrx_word' id='word_1_652' title='bbox 877 4965 1025 5020; x_wconf 82' lang='lat' dir='ltr'>inimicum</span> <span class='ocrx_word' id='word_1_653' title='bbox 1074 4962 1163 5019; x_wconf 90' lang='lat' dir='ltr'>terius</span> <span class='ocrx_word' id='word_1_654' title='bbox 1173 4961 1265 5034; x_wconf 89' lang='lat' dir='ltr'>pretio</span> <span class='ocrx_word' id='word_1_655' title='bbox 1276 4962 1417 5018; x_wconf 90' lang='lat' dir='ltr'>libertatis</span> <span class='ocrx_word' id='word_1_656' title='bbox 1426 4960 1542 5029; x_wconf 88' lang='lat' dir='ltr'>militas,</span> <span class='ocrx_word' id='word_1_657' title='bbox 1555 4963 1584 5016; x_wconf 90' lang='lat' dir='ltr'>et</span> <span class='ocrx_word' id='word_1_658' title='bbox 1595 4960 1759 5032; x_wconf 90' lang='lat' dir='ltr'>spontanea</span> <span class='ocrx_word' id='word_1_659' title='bbox 1771 4961 1800 5013; x_wconf 87' lang='lat' dir='ltr'>te</span> <span class='ocrx_word' id='word_1_660' title='bbox 1812 4956 1889 5013; x_wconf 84' lang='lat' dir='ltr'>serri-</span> 
     </span>
     <span class='ocr_line' id='line_1_51' title="bbox 214 5048 1889 5133; baseline -0.008 -17"><span class='ocrx_word' id='word_1_661' title='bbox 214 5078 271 5130; x_wconf 90' lang='lat' dir='ltr'>me,</span> <span class='ocrx_word' id='word_1_662' title='bbox 286 5078 344 5117; x_wconf 92' lang='lat' dir='ltr'>non</span> <span class='ocrx_word' id='word_1_663' title='bbox 356 5065 508 5133; x_wconf 89' lang='lat' dir='ltr'>parentem</span> <span class='ocrx_word' id='word_1_664' title='bbox 527 5058 646 5113; x_wconf 86' lang='lat' dir='ltr'>deberes</span> <span class='ocrx_word' id='word_1_665' title='bbox 663 5056 820 5124; x_wconf 74' lang='lat' dir='ltr'>estimare,</span> <span class='ocrx_word' id='word_1_666' title='bbox 834 5057 1024 5131; x_wconf 88' lang='lat' dir='ltr'>interempto·</span> <span class='ocrx_word' id='word_1_667' title='bbox 1077 5056 1377 5114; x_wconf 82' lang='lat' dir='ltr'>tutecondemnas‘lSi</span> <span class='ocrx_word' id='word_1_668' title='bbox 1387 5048 1889 5112; x_wconf 83' lang='lat' dir='ltr'>mundusomnistitulodotisscribi·</span> 
     </span>
     <span class='ocr_line' id='line_1_52' title="bbox 214 5144 1890 5223; baseline -0.007 -14"><span class='ocrx_word' id='word_1_669' title='bbox 214 5171 349 5221; x_wconf 73' lang='lat' dir='ltr'>remmon</span> <span class='ocrx_word' id='word_1_670' title='bbox 356 5156 473 5209; x_wconf 87' lang='lat' dir='ltr'>tratrem</span> <span class='ocrx_word' id='word_1_671' title='bbox 481 5171 542 5209; x_wconf 88' lang='lat' dir='ltr'>esse</span> <span class='ocrx_word' id='word_1_672' title='bbox 550 5153 680 5209; x_wconf 88' lang='lat' dir='ltr'>sentires.</span> <span class='ocrx_word' id='word_1_673' title='bbox 688 5151 840 5207; x_wconf 88' lang='lat' dir='ltr'>Eialsoror</span> <span class='ocrx_word' id='word_1_674' title='bbox 848 5152 1024 5221; x_wconf 88' lang='lat' dir='ltr'>charissima,</span> <span class='ocrx_word' id='word_1_675' title='bbox 1076 5155 1131 5219; x_wconf 90' lang='lat' dir='ltr'>tur,</span> <span class='ocrx_word' id='word_1_676' title='bbox 1145 5152 1214 5223; x_wconf 90' lang='lat' dir='ltr'>quid</span> <span class='ocrx_word' id='word_1_677' title='bbox 1227 5151 1379 5223; x_wconf 91' lang='lat' dir='ltr'>pretiosius</span> <span class='ocrx_word' id='word_1_678' title='bbox 1388 5149 1528 5222; x_wconf 90' lang='lat' dir='ltr'>sanguine</span> <span class='ocrx_word' id='word_1_679' title='bbox 1536 5147 1649 5215; x_wconf 88' lang='lat' dir='ltr'>Christi,</span> <span class='ocrx_word' id='word_1_680' title='bbox 1657 5162 1718 5218; x_wconf 89' lang='lat' dir='ltr'>quo</span> <span class='ocrx_word' id='word_1_681' title='bbox 1726 5144 1890 5215; x_wconf 80' lang='lat' dir='ltr'>redemptus</span> 
     </span>
     <span class='ocr_line' id='line_1_53' title="bbox 215 5237 1889 5321; baseline -0.008 -18"><span class='ocrx_word' id='word_1_682' title='bbox 215 5248 352 5321; x_wconf 86' lang='lat' dir='ltr'>quoniam</span> <span class='ocrx_word' id='word_1_683' title='bbox 363 5247 504 5318; x_wconf 90' lang='lat' dir='ltr'>quidquid</span> <span class='ocrx_word' id='word_1_684' title='bbox 514 5264 564 5303; x_wconf 82' lang='lat' dir='ltr'>axe</span> <span class='ocrx_word' id='word_1_685' title='bbox 574 5246 637 5303; x_wconf 88' lang='lat' dir='ltr'>coeli</span> <span class='ocrx_word' id='word_1_686' title='bbox 646 5245 834 5315; x_wconf 87' lang='lat' dir='ltr'>concluditur,</span> <span class='ocrx_word' id='word_1_687' title='bbox 844 5249 1027 5302; x_wconf 88' lang='lat' dir='ltr'>terrenasus·</span> <span class='ocrx_word' id='word_1_688' title='bbox 1076 5237 1889 5316; x_wconf 78' lang='lat' dir='ltr'>estmuudustrlppendemercedemetpretiumutvideas</span> 
     </span>
     <span class='ocr_line' id='line_1_54' title="bbox 214 5331 1890 5413; baseline -0.008 -15"><span class='ocrx_word' id='word_1_689' title='bbox 214 5343 309 5398; x_wconf 89' lang='lat' dir='ltr'>tinent</span> <span class='ocrx_word' id='word_1_690' title='bbox 318 5338 518 5406; x_wconf 86' lang='lat' dir='ltr'>fundamenta,</span> <span class='ocrx_word' id='word_1_691' title='bbox 530 5343 558 5394; x_wconf 91' lang='lat' dir='ltr'>et</span> <span class='ocrx_word' id='word_1_692' title='bbox 570 5340 680 5395; x_wconf 90' lang='lat' dir='ltr'>telluris</span> <span class='ocrx_word' id='word_1_693' title='bbox 688 5357 773 5412; x_wconf 92' lang='lat' dir='ltr'>super</span> <span class='ocrx_word' id='word_1_694' title='bbox 782 5339 885 5395; x_wconf 83' lang='lat' dir='ltr'>taciem</span> <span class='ocrx_word' id='word_1_695' title='bbox 895 5340 1025 5407; x_wconf 87' lang='lat' dir='ltr'>volvitur,</span> <span class='ocrx_word' id='word_1_696' title='bbox 1077 5342 1140 5413; x_wconf 91' lang='lat' dir='ltr'>plus</span> <span class='ocrx_word' id='word_1_697' title='bbox 1147 5341 1240 5394; x_wconf 83' lang='lat' dir='ltr'>valere</span> <span class='ocrx_word' id='word_1_698' title='bbox 1247 5339 1295 5411; x_wconf 91' lang='lat' dir='ltr'>qui</span> <span class='ocrx_word' id='word_1_699' title='bbox 1302 5338 1437 5408; x_wconf 88' lang='lat' dir='ltr'>redemit,</span> <span class='ocrx_word' id='word_1_700' title='bbox 1447 5353 1535 5410; x_wconf 89' lang='lat' dir='ltr'>quam</span> <span class='ocrx_word' id='word_1_701' title='bbox 1544 5335 1573 5390; x_wconf 89' lang='lat' dir='ltr'>id</span> <span class='ocrx_word' id='word_1_702' title='bbox 1579 5331 1890 5406; x_wconf 75' lang='lat' dir='ltr'>quodredemitoum</span> 
     </span>
     <span class='ocr_line' id='line_1_55' title="bbox 152 5430 1888 5505; baseline -0.01 -11"><span class='ocrx_word' id='word_1_703' title='bbox 152 5491 157 5502; x_wconf 88' lang='grc'>,</span> <span class='ocrx_word' id='word_1_704' title='bbox 215 5431 844 5505; x_wconf 85' lang='lat' dir='ltr'>nihildignumquoditaripossesinvenimus,</span> <span class='ocrx_word' id='word_1_705' title='bbox 852 5433 1028 5505; x_wconf 90' lang='lat' dir='ltr'>supracoelos</span> <span class='ocrx_word' id='word_1_706' title='bbox 1076 5439 1106 5489; x_wconf 92' lang='lat' dir='ltr'>to</span> <span class='ocrx_word' id='word_1_707' title='bbox 1116 5434 1214 5505; x_wconf 89' lang='lat' dir='ltr'>itaque</span> <span class='ocrx_word' id='word_1_708' title='bbox 1225 5449 1311 5505; x_wconf 80' lang='lat' dir='ltr'>pravo</span> <span class='ocrx_word' id='word_1_709' title='bbox 1321 5431 1544 5504; x_wconf 81' lang='lat' dir='ltr'>intelligitrirgo</span> <span class='ocrx_word' id='word_1_710' title='bbox 1556 5444 1621 5500; x_wconf 74' lang='lat' dir='ltr'>quae</span> <span class='ocrx_word' id='word_1_711' title='bbox 1632 5430 1804 5497; x_wconf 88' lang='lat' dir='ltr'>contempto</span> <span class='ocrx_word' id='word_1_712' title='bbox 1814 5439 1888 5492; x_wconf 84' lang='lat' dir='ltr'>emp·</span> 
     </span>
     <span class='ocr_line' id='line_1_56' title="bbox 216 5516 1888 5604; baseline -0.008 -17"><span class='ocrx_word' id='word_1_713' title='bbox 216 5528 405 5604; x_wconf 73' lang='lat' dir='ltr'>quaerendum</span> <span class='ocrx_word' id='word_1_714' title='bbox 421 5528 471 5592; x_wconf 87' lang='lat' dir='ltr'>est,</span> <span class='ocrx_word' id='word_1_715' title='bbox 490 5524 565 5578; x_wconf 85' lang='lat' dir='ltr'>undo</span> <span class='ocrx_word' id='word_1_716' title='bbox 579 5543 682 5580; x_wconf 86' lang='lat' dir='ltr'>munus</span> <span class='ocrx_word' id='word_1_717' title='bbox 692 5528 862 5600; x_wconf 66' lang='lat' dir='ltr'>virginitatis</span> <span class='ocrx_word' id='word_1_718' title='bbox 874 5528 984 5593; x_wconf 83' lang='lat' dir='ltr'>auxisti,</span> <span class='ocrx_word' id='word_1_719' title='bbox 997 5532 1028 5582; x_wconf 92' lang='lat' dir='ltr'>ut</span> <span class='ocrx_word' id='word_1_720' title='bbox 1078 5533 1139 5584; x_wconf 88' lang='lat' dir='ltr'>toro</span> <span class='ocrx_word' id='word_1_721' title='bbox 1153 5544 1278 5583; x_wconf 87' lang='lat' dir='ltr'>mercem</span> <span class='ocrx_word' id='word_1_722' title='bbox 1291 5526 1433 5597; x_wconf 75' lang='lat' dir='ltr'>sequitur,</span> <span class='ocrx_word' id='word_1_723' title='bbox 1447 5523 1587 5595; x_wconf 86' lang='lat' dir='ltr'>sanguine</span> <span class='ocrx_word' id='word_1_724' title='bbox 1603 5520 1710 5577; x_wconf 87' lang='lat' dir='ltr'>Christi</span> <span class='ocrx_word' id='word_1_725' title='bbox 1725 5516 1888 5591; x_wconf 85' lang='lat' dir='ltr'>postposito.</span> 
     </span>
     <span class='ocr_line' id='line_1_57' title="bbox 210 5606 1889 5698; baseline -0.011 -16"><span class='ocrx_word' id='word_1_726' title='bbox 210 5606 1026 5698; x_wconf 52' lang='lat' dir='ltr'>&#39;ibipraemiumctpatrimoniumvirginitntisinreniasAEr</span> <span class='ocrx_word' id='word_1_727' title='bbox 1079 5622 1220 5676; x_wconf 89' lang='lat' dir='ltr'>mundum</span> <span class='ocrx_word' id='word_1_728' title='bbox 1240 5621 1287 5691; x_wconf 91' lang='lat' dir='ltr'>qui</span> <span class='ocrx_word' id='word_1_729' title='bbox 1306 5619 1474 5690; x_wconf 85' lang='lat' dir='ltr'>redemptus</span> <span class='ocrx_word' id='word_1_730' title='bbox 1489 5621 1532 5671; x_wconf 89' lang='lat' dir='ltr'>est</span> <span class='ocrx_word' id='word_1_731' title='bbox 1550 5615 1740 5687; x_wconf 80' lang='lat' dir='ltr'>amplexatur.</span> <span class='ocrx_word' id='word_1_732' title='bbox 1756 5614 1818 5668; x_wconf 84' lang='lat' dir='ltr'>Non</span> <span class='ocrx_word' id='word_1_733' title='bbox 1832 5625 1889 5664; x_wconf 89' lang='lat' dir='ltr'>snm</span> 
     </span>
     <span class='ocr_line' id='line_1_58' title="bbox 216 5702 1888 5796; baseline -0.012 -20"><span class='ocrx_word' id='word_1_734' title='bbox 216 5713 535 5796; x_wconf 89' lang='lat' dir='ltr'>compensationoenim</span> <span class='ocrx_word' id='word_1_735' title='bbox 545 5712 1029 5787; x_wconf 85' lang='lat' dir='ltr'>integritatismeritumagnoscitur</span> <span class='ocrx_word' id='word_1_736' title='bbox 1078 5714 1198 5770; x_wconf 89' lang='lat' dir='ltr'>idoneus</span> <span class='ocrx_word' id='word_1_737' title='bbox 1211 5709 1316 5784; x_wconf 88' lang='lat' dir='ltr'>eloqui,</span> <span class='ocrx_word' id='word_1_738' title='bbox 1333 5728 1414 5768; x_wconf 90' lang='lat' dir='ltr'>soror</span> <span class='ocrx_word' id='word_1_739' title='bbox 1425 5708 1634 5777; x_wconf 87' lang='lat' dir='ltr'>amantissima,</span> <span class='ocrx_word' id='word_1_740' title='bbox 1644 5702 1888 5780; x_wconf 74' lang='lat' dir='ltr'>praemiarirgiui·</span> 
     </span>
     <span class='ocr_line' id='line_1_59' title="bbox 207 5797 1887 5883; baseline -0.009 -16"><span class='ocrx_word' id='word_1_741' title='bbox 207 5816 236 5867; x_wconf 90' lang='lat' dir='ltr'>et</span> <span class='ocrx_word' id='word_1_742' title='bbox 250 5813 352 5869; x_wconf 86' lang='lat' dir='ltr'>desua</span> <span class='ocrx_word' id='word_1_743' title='bbox 367 5808 561 5869; x_wconf 89' lang='lat' dir='ltr'>retributione</span> <span class='ocrx_word' id='word_1_744' title='bbox 574 5808 721 5883; x_wconf 87' lang='lat' dir='ltr'>pensatur.</span> <span class='ocrx_word' id='word_1_745' title='bbox 738 5807 851 5872; x_wconf 83' lang='lat' dir='ltr'>Quanto</span> <span class='ocrx_word' id='word_1_746' title='bbox 867 5809 945 5864; x_wconf 89' lang='lat' dir='ltr'>enim</span> <span class='ocrx_word' id='word_1_747' title='bbox 966 5808 1028 5863; x_wconf 83' lang='lat' dir='ltr'>vilis</span> <span class='ocrx_word' id='word_1_748' title='bbox 1078 5808 1145 5864; x_wconf 89' lang='lat' dir='ltr'>tatis</span> <span class='ocrx_word' id='word_1_749' title='bbox 1157 5824 1163 5865; x_wconf 75' lang='grc' dir='ltr'><strong><em>ε</em></strong></span> <span class='ocrx_word' id='word_1_750' title='bbox 1174 5812 1216 5863; x_wconf 85' lang='lat' dir='ltr'>est</span> <span class='ocrx_word' id='word_1_751' title='bbox 1229 5808 1308 5862; x_wconf 78' lang='lat' dir='ltr'>enhn</span> <span class='ocrx_word' id='word_1_752' title='bbox 1321 5804 1467 5861; x_wconf 82' lang='lat' dir='ltr'>ineffabile</span> <span class='ocrx_word' id='word_1_753' title='bbox 1478 5803 1598 5869; x_wconf 90' lang='lat' dir='ltr'>donum,</span> <span class='ocrx_word' id='word_1_754' title='bbox 1611 5801 1788 5858; x_wconf 63' lang='lat' dir='ltr'>meconem</span> <span class='ocrx_word' id='word_1_755' title='bbox 1796 5797 1887 5865; x_wconf 85' lang='lat' dir='ltr'>ocnbs,</span> 
     </span>
    </p>
   </div>
   <div class='ocr_carea' id='block_1_6' title="bbox 0 0 1950 6148">
    <p class='ocr_par' dir='ltr' id='par_1_6' title="bbox 0 0 1950 6148">
     <span class='ocr_line' id='line_1_60' title="bbox 0 0 1950 6148; baseline 0 0"><span class='ocrx_word' id='word_1_756' title='bbox 0 0 1950 6148; x_wconf 95' lang='lat' dir='ltr'> </span> 
     </span>
    </p>
   </div>
  </div>
 </body>
</html>
