3878 6150
126 272 181 327 677
763 266 849 323 vus.
869 264 970 325 LIBER
987 262 1168 323 SECUNDUS.
1425 298 1431 303 -
1677 324 1681 331 ,
1756 272 1807 326 678

123 378 207 433 hunc
224 376 316 433 visum
331 374 466 432 secretius
480 391 546 433 cum
557 374 766 432 contestatione
782 375 893 432 duabus
903 392 946 434 sa·
955 389 985 462 Α
995 375 1101 431 llende
1111 390 1181 447 ergo
1195 373 1277 429 nohis
1290 371 1353 429 talis
1364 389 1422 429 uon
1438 376 1489 443 est,
1502 372 1721 432 sedtremenda.
1732 377 1809 432 Ami·

123 471 303 528 tielldelibus
312 471 455 539 disseruit,
466 473 498 527 ut
504 487 534 526 se
540 469 691 542 superstite
700 469 772 525 nulli
780 474 944 526 narrarent.
995 469 1083 525 simus
1099 467 1216 540 quidem
1230 466 1259 523 in
1270 467 1405 540 praesenti
1419 468 1523 525 seculo
1539 467 1687 525 dominam
1702 472 1731 524 et
1745 486 1807 526 ma-

162 567 200 621 Et
212 565 279 639 quia
291 566 384 623 multa
397 568 463 620 sunt
472 563 565 620 adhuc
576 564 644 620 satis
654 566 798 636 etmagna
808 581 872 637 quae
880 581 946 636 pro·
993 567 1067 618 trem
1085 579 1092 616 :
1107 561 1158 617 sed
1169 561 1200 617 in
1210 577 1333 634 regnum
1346 560 1451 618 Christi
1469 562 1661 633 premisimus
1679 563 1802 619 interce-

123 656 193 728 pter
208 655 401 727 prolixitatem
414 653 607 726 praeterimus,
622 670 658 710 ne
675 652 821 725 prolixitas
845 657 944 710 nostra
994 655 1120 711 denum.
1135 655 1309 711 Admirabile
1321 655 1439 727 quidem
1454 655 1592 727 gaudium
1602 656 1708 712 fecitin
1719 657 1806 726 caelis,

123 747 314 805 audientibus
327 749 422 821 potius
432 747 578 803 fastidium
591 750 811 820 generet,quam
818 747 944 802 nitorem
993 747 1021 803 in
1039 749 1122 804 terris
1136 766 1204 804 vcro
1217 748 1430 804 intolerabilem
1443 750 1550 804 luctum
1562 749 1689 821 reliquit.

123 842 272 897 sermonis
285 841 353 917 [aa
365 841 470 913 sereno]
482 842 625 897 ostendat.
633 841 777 906 Quantum
789 841 942 911 deamore,
1029 847 1072 898 27.
1101 842 1223 908 Quando
1244 843 1306 913 ejus
1328 844 1427 897 sancta
1451 841 1548 897 anima
1571 842 1607 897 de
1631 842 1685 898 hoc
1704 845 1807 900 saeoulo

122 934 164 991 de
180 935 375 1004 nutrimentis,
392 935 427 990 de
443 934 592 1003 charitate,
612 934 648 990 do
667 933 885 1006 praedicatione,
907 934 942 989 de
992 935 1127 1008 migravit
1142 936 1178 991 ad
1200 935 1355 1003 Christum,
1371 951 1430 991 non
1453 937 1515 990 erat
1535 934 1573 989 ibi
1593 935 1722 1006 pontifex
1740 937 1804 992 loci.

122 1028 209 1084 omni
224 1029 343 1085 omniuo
354 1034 452 1084 sancta
463 1028 524 1098 ejus
539 1026 756 1084 conversatione
780 1027 942 1083 reminisci·
992 1028 1154 1085 ambulavit
1168 1028 1284 1084 nuntius
1299 1028 1441 1083 advirum
1459 1028 1647 1100 apostolicum
1667 1029 1807 1084 domnum

120 1138 204 1193 mur,
220 1122 382 1178 cruciamur
394 1126 423 1178 et
437 1121 567 1177 dolentes
577 1121 666 1177 oeulis
676 1120 808 1175 distensis
820 1119 943 1191 requiri·
992 1124 1162 1194 Gregorium
1173 1122 1321 1178 Turonioae
1338 1122 1458 1178 civitatis
1473 1122 1649 1194 episcopum,
1673 1125 1701 1177 et
1720 1123 1804 1178 adve-

121 1231 192 1271 mus
211 1218 323 1271 tantam
341 1215 489 1287 pietatem,
518 1214 568 1269 sed
595 1230 648 1268 nec
676 1213 838 1269 invenimus
864 1213 943 1284 quod
992 1216 1043 1272 nit.
1066 1217 1124 1272 Sed
1146 1220 1288 1289 quantum
1306 1232 1433 1287 praescns
1452 1215 1522 1270 vidit
1543 1216 1632 1270 oculis
1650 1220 1805 1288 antequam

120 1308 317 1382 perdidimus.
332 1308 427 1364 Otam
438 1307 509 1363 dura
522 1307 649 1363 conditio
662 1323 727 1378 quer
742 1307 825 1362 uobis
845 1305 941 1362 infeli·
992 1326 1057 1366 eam
1071 1309 1214 1381 sepeliret,
1226 1309 1261 1364 de
1275 1309 1336 1380 ojus
1349 1308 1500 1363 virtutibus
1515 1308 1544 1362 in
1561 1308 1634 1364 libro
1654 1308 1804 1364 miraculo-

120 1401 208 1457 cibus
221 1401 331 1457 evenitl
346 1417 363 1456 o
378 1401 493 1473 piisima
506 1401 635 1470 domina,
646 1401 758 1456 utinam
769 1399 941 1455 obtinuisses
989 1419 1055 1457 rum
1070 1402 1160 1474 (drea.
1177 1406 1274 1458 Turon.
1287 1403 1320 1458 de
1335 1401 1377 1457 til.
1389 1403 1494 1470 Censes.
1519 1402 1590 1473 loe),
1614 1417 1700 1472 quem
1728 1418 1806 1456 com·

120 1512 192 1551 cum
205 1495 411 1563 celibomino,
425 1497 537 1551 utente
551 1497 579 1549 te
602 1511 668 1550 oves
691 1510 763 1566 quas
784 1509 942 1565 congrega-
989 1496 1094 1568 posuit,
1120 1496 1249 1551 inscruit.
1270 1498 1342 1552 Cum
1366 1498 1463 1550 autem
1480 1494 1559 1549 venit
1580 1493 1617 1548 ad
1636 1495 1731 1549 locum
1757 1495 1804 1550 ubi

120 1604 209 1644 veras
235 1588 399 1644 direxisses!
425 1589 475 1656 Tu,
497 1590 643 1659 pastorem
670 1587 779 1643 bonum
806 1603 940 1659 sequens,
989 1592 1121 1645 sanctum
1135 1587 1647 1661 eorpusjacebat(quodipsepostea
1671 1603 1736 1642 cnm
1760 1603 1804 1641 sa·

122 1697 246 1755 gregem
262 1681 385 1739 Domino
399 1680 574 1736 tradidisses.
991 1686 1138 1738 cremento
1155 1685 1319 1754 lacrymans
1338 1681 1462 1749 dicebat,
1484 1680 1562 1752 quod
1586 1681 1614 1734 in
1639 1681 1732 1754 specie
1752 1680 1805 1736 ho·

160 1778 206 1832 26.
221 1777 284 1831 lam
300 1775 338 1830 ad
358 1774 516 1847 gloriosum
541 1775 604 1845 ejus
625 1774 758 1830 venimus
777 1772 939 1843 transitum,
950 1761 979 1835 B
991 1776 1076 1831 minis
1087 1776 1250 1847 angelicum
1265 1776 1374 1831 vultum
1391 1774 1511 1845 viderat)
1533 1773 1621 1830 facies
1639 1774 1713 1829 illius
1729 1775 1807 1830 velut

121 1885 215 1942 quem
225 1868 458 1940 siueprofusione
469 1868 940 1940 lacrymarumdicerenonpossu-
990 1885 1056 1925 rosa
1067 1872 1096 1924 et
1105 1869 1196 1925 lilium
1211 1868 1355 1940 fulgebat3
1368 1867 1408 1922 ita
1421 1867 1608 1922 tremefactus
1620 1870 1664 1921 est
1675 1883 1708 1921 ac
1726 1869 1806 1921 metu

122 1977 199 2019 mus.
211 1962 465 2034 fluuntlacrymae,
477 1961 512 2017 de
522 1961 587 2017 imis
595 1961 729 2017 medullis
739 1961 865 2033 gemitus
872 1978 940 2033 pro·
991 1979 1154 2030 concussus,
1175 1965 1315 2033 tanquam
1331 1961 1354 2016 si
1369 1964 1436 2016 ante
1452 1959 1636 2032 praesentiam
1649 1960 1741 2015 beatae
1755 1976 1803 2031 ge·

121 2058 275 2128 rumpunt,
284 2055 371 2111 sedin
379 2055 771 2112 nulloconsolationislocum
780 2055 939 2123 inveniunt,
991 2056 1101 2112 nitricis
1123 2055 1237 2112 Domini
1256 2054 1384 2109 adstaret
1407 2053 1526 2109 devotus
1549 2053 1592 2108 vir
1612 2054 1671 2108 lieo
1693 2055 1804 2125 plenus.

123 2149 194 2205 dum
203 2149 384 2222 plangimus3
394 2149 461 2204 side
473 2150 535 2221 eJ'us
543 2149 622 2204 fideli
634 2148 893 2204 devotioneminus
901 2148 942 2203 di·
990 2149 1199 2221 Expectabatur
1211 2147 1339 2220 pontifex
1352 2148 1408 2204 loci
1422 2151 1454 2202 ut
1466 2164 1531 2202 eam
1543 2163 1609 2203 eum
1621 2147 1710 2218 digno
1723 2163 1803 2218 sepe·

122 2243 228 2311 umus,
240 2243 305 2314 plus
317 2258 479 2315 peccamus.
494 2243 589 2314 Usque
600 2242 638 2297 ad
649 2241 728 2298 diem
745 2239 881 2298 transitus
897 2242 941 2297 sui
990 2243 1055 2298 liret
1065 2243 1262 2298 honore.'fota
1273 2241 1542 2314 congregatiocirca
1552 2241 1613 2313 ejus
1622 2243 1719 2296 torum
1727 2244 1805 2295 stane

124 2351 285 2407 numquam
299 2335 405 2391 minuit
414 2352 528 2392 cursum
545 2336 665 2407 implere
673 2353 683 2406 3
704 2337 733 2390 et
751 2335 830 2407 quod
843 2334 939 2406 ooepit,
989 2336 1144 2409 psallebat;
1156 2335 1204 2391 ubi
1218 2335 1402 2407 psallentium
1415 2336 1459 2389 vel
1470 2334 1619 2407 paululum
1630 2332 1804 2405 quiescebat,

122 2428 357 2485 corderetinuit:
374 2429 441 2500 quia
454 2445 513 2484 non
523 2428 572 2501 qui
582 2428 708 2501 caeperit,
724 2427 776 2483 sed
783 2427 831 2501 qui
842 2444 938 2501 perse·
989 2429 1178 2485 intolerabilis
1188 2429 1320 2501 planctus
1330 2429 1440 2485 adorat.
1451 2428 1556 2484 Triduo
1580 2430 1744 2500 expectatus
1763 2430 1806 2483 est

123 2522 266 2579 veraverit
279 2522 410 2594 usquein
425 2522 526 2591 finem,
540 2523 601 2593 ipse
615 2521 708 2577 salvus
722 2521 786 2577 erit.
804 2520 857 2577 Ubi
877 2521 939 2592 jam
988 2523 1129 2596 pontifex,
1143 2522 1212 2594 quia
1223 2523 1301 2579 vicos
1316 2522 1520 2589 circumiebat;
1535 2521 1585 2577 sed
1596 2521 1663 2594 quia
1682 2538 1740 2578 non
1761 2536 1806 2575 ve-

123 2615 160 2671 ad
169 2615 263 2671 finem
272 2617 337 2672 vita
350 2615 569 2671 venitsanctum
584 2615 646 2687 ejus
656 2615 866 2687 corpusculum,
880 2615 940 2669 lon·
990 2616 1041 2685 nit,
1057 2616 1236 2689 supradictus
1248 2616 1291 2671 vir
1300 2616 1473 2689 apostolicus
1486 2615 1521 2670 de
1532 2615 1650 2671 caritate
1662 2614 1729 2669 fisus
1738 2613 1805 2686 quia

122 2725 193 2783 gum
208 2710 328 2765 trahens
338 2709 509 2783 martyrium
524 2725 577 2781 pro
590 2725 689 2764 amore
710 2707 842 2775 bomini3
862 2706 940 2762 beati
985 2713 1109 2783 perfecto
1121 2713 1221 2767 coritas
1233 2712 1309 2778 feras
1330 2707 1805 2780 mittittimorcm(IJoon.1v),in

122 2803 231 2876 Uwaon
241 2803 376 2860 beataid
389 2809 429 2861 est
437 2803 584 2875 Moniales]
595 2820 697 2859 omncs
706 2801 876 2874 congregati
884 2802 940 2856 luc·
990 2803 1109 2859 Basilica
1123 2807 1228 2859 sanctae
1242 2803 1335 2859 lferiae
1352 2803 1384 2874 (e)
1404 2803 1524 2858 nomine
1544 2801 1669 2869 condita,
1691 2800 1739 2855 ubi
1758 2817 1802 2855 sa-

121 2898 206 2953 tuose
216 2897 293 2953 circa
302 2897 363 2969 ejus
373 2898 489 2953 thorum
499 2897 602 2953 flentes
612 2899 642 2952 et
656 2897 806 2969 ejulantes,
821 2897 939 2967 pectora
989 2914 1037 2954 cra
1046 2898 1190 2969 virginum
1203 2914 1324 2969 corpora
1335 2897 1370 2952 de
1380 2895 1556 2954 monasterio
1569 2912 1620 2951 suo
1629 2894 1802 2961 conduntur,

122 2991 203 3047 duris
217 2992 322 3064 pugnis
335 2993 364 3047 et
376 2991 517 3064 lapidibus
527 2991 675 3058 ferientes,
686 3006 769 3046 voces
787 2988 823 3044 ad
838 2989 938 3044 coelum
989 3008 1054 3048 eam
1067 3009 1132 3048 cum
1144 2991 1232 3064 digno
1247 2990 1377 3063 sepelivit
1391 2992 1511 3047 honore.

122 3085 439 3141 dabautclamantesac
450 3084 593 3141 diceutes:
608 3081 938 3154 Domine,nepermittas
1024 3089 1068 3142 28.
1086 3087 1160 3141 Itum
1177 3085 1229 3141 sub
1248 3102 1333 3141 muro
1348 3101 1412 3140 cum
1426 3083 1578 3158 psallentio
1594 3085 1725 3139 sanetum
1743 3082 1805 3154 ejus

123 3196 176 3236 nos
185 3182 247 3236 tam
258 3195 344 3252 grane
352 3179 491 3235 damnum
497 3177 568 3250 pati;
579 3180 676 3233 lumen
682 3180 813 3233 nostrum
823 3175 936 3248 recipis,
948 3133 976 3209 G
988 3196 1091 3253 corpus
1109 3182 1283 3253 portaretur,
1298 3178 1365 3251 quia
1379 3177 1542 3234 instituerat
1556 3181 1588 3233 ut
1609 3177 1688 3232 nulla
1708 3177 1805 3232 vivens

122 3289 176 3330 nos
191 3289 244 3329 cur
254 3272 285 3328 in
299 3272 427 3329 tenebris
438 3270 601 3344 relinquis?
613 3270 722 3344 thuia
734 3270 783 3326 illa
798 3268 937 3342 quidquid
987 3275 1065 3329 foras
1085 3273 1382 3344 monasteriijanuam
1397 3272 1585 3345 egrederetur
1597 3271 1647 3343 (d),
1663 3273 1724 3326 tota
1735 3286 1803 3326 con·

121 3365 306 3440 potissimum
316 3368 412 3423 facere
421 3365 521 3435 voluit,
533 3381 647 3439 semper
658 3364 816 3421 dienatalis
824 3362 938 3421 Domini
989 3367 1120 3440 gregatio
1135 3382 1221 3439 supra
1234 3382 1351 3422 murum
1368 3367 1540 3433 lamentans,
1566 3365 1606 3420 ita
1621 3366 1652 3419 ut
1674 3364 1804 3435 planctus

121 3460 219 3517 facere
238 3460 335 3533 elegit,
351 3459 492 3532 gloriosus
510 3459 649 3516 transitus
667 3458 728 3531 ejus
745 3458 785 3514 sic
806 3456 936 3529 contigit,
989 3476 1088 3516 earnm
1106 3462 1255 3533 superaret
1277 3459 1370 3532 ipsum
1396 3458 1591 3531 psallentium,
1621 3473 1674 3529 pro
1692 3456 1803 3527 psalmo

121 3554 196 3611 lt'am
210 3558 313 3627 quarta
324 3555 397 3610 feria
407 3570 494 3609 mane
508 3553 603 3625 primo
613 3553 676 3608 idus
688 3555 840 3624 Augustas,
861 3550 938 3622 quod
987 3555 1140 3627 lacrymas,
1151 3570 1204 3625 pro
1216 3552 1327 3608 cantico
1338 3552 1492 3623 mugitum,
1504 3554 1533 3606 ot
1543 3550 1684 3622 gemitum
1698 3565 1750 3622 pro
1762 3550 1803 3605 al-

121 3647 192 3704 fecit
201 3647 279 3703 idem
285 3648 392 3703 mensis
399 3647 460 3703 dies
467 3664 516 3703 xm
523 3647 572 3719 (a),
581 3646 669 3702 clausi
675 3649 741 3701 sunt
747 3645 808 3716 ejus
820 3644 937 3717 oculi(b)
987 3647 1074 3703 loluia
1084 3648 1116 3719 (e)
1122 3646 1293 3701 reddebant.
1305 3647 1490 3717 Rogaverunt
1504 3646 1654 3701 desursum
1663 3646 1697 3699 ut
1706 3643 1805 3697 subtus
1825 3644 1831 3652 '

120 3744 152 3797 et
161 3741 310 3799 obscurati
319 3743 386 3797 sunt
396 3740 496 3797 nostri.
511 3742 559 3796 Vae
572 3740 655 3797 nobis
670 3739 738 3813 quia
747 3738 937 3812 peccavimus,
988 3743 1097 3796 turrem
1110 3742 1313 3812 repausaretur
1322 3739 1463 3794 feretrum
1472 3737 1501 3794 in
1514 3735 1803 3810 qoobeataportaba·

121 3835 264 3892 afflictum
276 3838 319 3890 est
329 3835 428 3891 dolore
441 3851 491 3891 cor
499 3837 640 3903 nostrum,
654 3833 784 3889 flevimus
807 3835 836 3888 et
854 3833 937 3905 plan·
989 3841 1044 3909 tur,
1063 3839 1187 3911 graviter
1209 3838 1384 3895 sustinentes
1409 3837 1472 3908 ejus
1496 3835 1665 3893 absentiam.
1693 3833 1751 3891 Sed
1775 3837 1806 3889 ui

120 3930 229 4002 gneus,
249 3928 326 4001 qnod
342 3927 447 3983 diutius
462 3945 519 3983 una
533 3944 585 3984 nos
599 3930 627 3982 te
640 3928 747 3985 habere
759 3946 818 3985 non
831 3928 936 3984 merui·
988 3951 1070 3991 suam
1086 3933 1201 3989 fidelem
1217 3932 1355 3988 hominus
1370 3932 1531 3988 declararet
1541 3931 1571 3987 in
1583 3929 1678 3986 medio
1695 3929 1804 4001 populi,

120 4025 302 4096 mus.lpsuxn
315 4039 402 4078 mane
412 4022 462 4077 ubi
473 4022 556 4077 nobis
566 4025 679 4077 unium
687 4024 797 4079 malum
806 4023 937 4094 contigit,
988 4028 1108 4084 ibidum
1123 4030 1294 4099 pausaretur
1308 4029 1440 4082 sanctum
1455 4042 1568 4098 corpus,
1582 4022 1803 4081 caecumiflumi·

121 4117 172 4173 nbi
185 4133 245 4173 una
254 4132 316 4186 vox,
327 4117 548 4188 unnsplanctus,
557 4116 747 4172 unuscfamor
757 4118 936 4189 catospeue-
989 4122 1078 4178 navit:
1088 4121 1137 4193 qui
1147 4121 1244 4177 multis
1256 4119 1503 4176 annisluoemdiei
1514 4118 1804 4184 nonviderat,lumen

120 4211 237 4280 trabat3
250 4209 384 4284 lapidarii
394 4209 442 4282 qui
452 4209 482 4265 in
493 4213 594 4266 monte
608 4211 813 4283 operabantur,
827 4211 858 4265 in
871 4228 937 4266 aere
989 4216 1111 4288 recepit;
1126 4216 1174 4289 qui
1186 4215 1336 4293 adimanus
1346 4213 1658 4283 tractusvenerat,post
1667 4211 1806 4265 feretrum

120 4307 279 4364 audierunt
293 4307 429 4378 angelum
441 4305 493 4362 bei
507 4306 691 4378 loquentem;
714 4324 787 4362 unus
808 4306 879 4362 dixit
902 4306 938 4361 ad
988 4311 1067 4365 nullo
1085 4311 1262 4364 sustentante
1287 4307 1396 4376 videns,
1417 4311 1557 4378 tanquam
1581 4304 1603 4358 si
1627 4305 1737 4358 nullum
1757 4302 1807 4358 ha·

120 4401 208 4457 alios:
223 4400 292 4472 quid
304 4400 420 4456 facitis?
437 4399 572 4455 dimittite
588 4416 653 4456 cam
671 4400 783 4471 adhuc,
810 4401 877 4473 quia
894 4401 939 4455 hae
988 4404 1095 4459 buissel
1109 4402 1237 4458 laborem
1251 4403 1410 4467 oculorum,
1432 4399 1468 4454 ad
1492 4401 1623 4454 sanctum
1643 4397 1804 4470 sepulcrum

121 4510 207 4551 voces
224 4493 261 4550 ad
283 4494 397 4550 Domini
415 4496 610 4565 pervenerunt
636 4510 729 4550 aures.
752 4494 866 4565 augeli,
892 4494 981 4581 quil)
992 4496 1072 4565 abiit,
1087 4498 1115 4550 et
1128 4512 1217 4567 usque
1231 4495 1317 4550 hodie
1330 4495 1406 4549 clare
1420 4493 1507 4549 videt.

122 4606 189 4645 eam
203 4588 347 4656 ferebant,
358 4588 565 4659 respondentes
579 4587 712 4643 dixerunt
727 4604 733 4643 :
751 4590 814 4643 lam
832 4588 940 4643 factum
1025 4594 1068 4646 29.
1084 4591 1124 4645 Ne
1142 4588 1381 4661 praetermittatur
1403 4589 1431 4641 et
1454 4585 1531 4642 aliud
1556 4584 1737 4642 miraculum.
1754 4580 1806 4641 Ubi

123 4687 175 4739 est.
192 4681 266 4747 Quid
276 4681 435 4737 faciemus?
446 4683 525 4737 lllarn
536 4681 644 4753 recepit
654 4681 813 4753 paradisus,
825 4682 873 4738 ubi
881 4683 941 4753 glo·
989 4702 1053 4740 eam
1073 4682 1203 4755 sepelivit
1216 4681 1397 4754 supradictus
1417 4680 1577 4753 episcopus,
1595 4679 1807 4752 coopertorium

122 4776 216 4831 riatur
226 4792 294 4831 cum
306 4776 439 4831 Domino.
452 4774 602 4833 Credimus
623 4775 701 4848 quod
716 4791 769 4831 nos
781 4792 840 4832 non
854 4777 889 4832 de
908 4795 938 4833 se
989 4796 1048 4835 non
1063 4776 1167 4850 posuit,
1181 4781 1338 4848 antequam
1348 4775 1478 4848 pontifex
1492 4774 1547 4831 loci
1563 4773 1683 4829 veniret.
1697 4773 1805 4828 Liberae

121 4873 249 4943 separat,
264 4886 329 4942 quae
339 4886 368 4925 se
383 4868 410 4925 ei
423 4869 537 4942 placere
553 4870 643 4925 voluit
660 4885 725 4925 cum
749 4886 807 4943 quo
824 4876 936 4943 regnat.
991 4889 1053 4946 qua
1066 4875 1132 4928 aute
1147 4888 1211 4927 eam
1224 4887 1323 4926 cereos
1337 4873 1535 4944 portaverunt,
1549 4872 1617 4925 totae
1631 4867 1661 4922 iu
1676 4884 1747 4939 gyro
1762 4883 1804 4921 se·

156 5031 197 5103 (o)
212 5030 321 5096 Quarta
339 5029 412 5087 feria
424 5030 567 5087 Christum
584 5032 739 5087 Dominum
755 5036 856 5089 natum
876 5050 937 5090 esse
1025 5034 1063 5105 (d)
1077 5033 1186 5104 Nempe
1193 5032 1275 5105 juxta
1289 5032 1420 5114 regulam
1434 5046 1521 5102 quarn
1541 5031 1654 5084 sanctus
1669 5029 1807 5086 cesarius

122 5102 453 5161 Cedrenusetllaximus
467 5103 621 5158 Monachus
633 5120 715 5176 aequo
729 5104 936 5174 existimarunt,
987 5104 1161 5162 monialibus
1175 5102 1355 5177 prescripsit.
1372 5105 1443 5157 Nam
1461 5117 1527 5156 rece
1548 5099 1704 5157 itufationis
1719 5100 1805 5156 Antio.

122 5174 294 5247 utScaliger
306 5173 356 5229 lib.
368 5189 396 5231 vr
411 5173 446 5229 de
467 5174 613 5230 emendat.
633 5179 722 5246 temp.
740 5175 789 5230 ubi
807 5176 842 5231 de
860 5193 937 5232 anno
989 5195 997 5232 1
1019 5176 1118 5232 statuit
1135 5177 1254 5232 atntttto
1266 5192 1300 5231 ca
1314 5174 1389 5229 uobis
1402 5188 1515 5245 usqueo
1547 5178 1658 5228 mortem
1676 5188 1755 5229 suom
1775 5172 1808 5228 de

123 5246 228 5303 natalis
239 5244 363 5312 bomini,
375 5245 544 5300 observavit.
987 5250 1149 5305 monasterio
1163 5248 1264 5319 egredi,
1278 5247 1322 5300 uel
1333 5246 1366 5301 de
1379 5247 1440 5316 ipso
1457 5245 1569 5299 basilica
1581 5245 1610 5298 in
1628 5260 1684 5315 quo
1691 5244 1806 5314 januam

155 5317 194 5391 (b)
215 5315 370 5388 Gregorius
380 5308 553 5372 Turonensis
566 5315 614 5371 lib.
628 5334 655 5373 rr
667 5334 691 5373 c.
709 5320 735 5385 2,
750 5318 861 5374 obitum
875 5337 938 5375 san·
988 5321 1104 5386 habetis,
1118 5324 1168 5375 cut
1184 5319 1370 5391 permittatur,
1386 5321 1435 5372 eat
1451 5331 1503 5387 per
1519 5318 1635 5386 seipsam
1657 5320 1806 5388 prasumat

120 5394 173 5445 etae
187 5386 477 5459 lladegundisilligat
489 5405 566 5444 anno
581 5387 754 5445 duodecimo
770 5389 847 5462 regis
860 5391 936 5446 Chil-
988 5393 1071 5447 crire.

121 5459 245 5527 deberti,
261 5458 309 5531 qui
326 5459 483 5531 respondet
499 5477 576 5514 anno
597 5460 701 5517 Christi
720 5478 747 5517 n.
763 5478 864 5531 cxxvii,
880 5479 936 5535 quo
1025 5462 1057 5534 (e)
1070 5462 1149 5517 lianc
1162 5459 1268 5516 laetitia
1283 5474 1382 5515 vocem
1393 5458 1505 5514 olfelato
1519 5458 1588 5515 olim
1609 5458 1638 5513 in
1659 5453 1805 5526 Exsequiis

120 5529 271 5587 dominica
281 5530 406 5586 litterali
418 5531 560 5587 currebat.
988 5536 1157 5604 usurpatam
1164 5533 1226 5603 jam
1238 5530 1387 5588 annotavit
1399 5529 1550 5587 blenardus
1558 5533 1655 5586 noster
1667 5528 1696 5581 in
1702 5526 1806 5580 librum

155 5601 192 5677 (o)
207 5603 240 5659 ln
259 5601 339 5657 illam
359 5592 506 5658 basilioain
526 5603 613 5660 modo
633 5608 739 5660 sanotae
751 5603 938 5677 lladegnndis
988 5599 1646 5687 sacramentorumtquamvocempraecipueiu
1658 5594 1806 5652 funeribus

119 5674 234 5733 nomini
248 5672 376 5729 dicatam
390 5674 544 5746 collegium
558 5675 763 5732 canonicorum
779 5679 913 5735 successit
928 5696 935 5735 :
988 5675 1169 5732 sacerdotum
1182 5676 1270 5733 Graeor
1285 5675 1389 5748 saepius
1398 5674 1593 5747 ingeminant,
1605 5672 1637 5727 ut
1648 5669 1760 5725 constat
1772 5682 1805 5723 ex

122 5746 258 5807 allevare
270 5744 354 5803 tibrlo
370 5749 474 5802 sanctae
491 5747 582 5803 crucis
596 5746 734 5819 insignita
758 5746 902 5824 hodieque
921 5767 938 5806 a
989 5747 1176 5821 Euchologio.

121 5816 393 5879 “neumenialibus
408 5817 600 5876 Benedictinis
610 5820 775 5894 occupatur.
