3884 6150
134 277 183 331 851
878 267 1076 322 LUCULENTll
1763 266 1812 318 152

135 397 199 453 quae
213 396 279 452 pars
291 383 334 434 est
341 377 468 449 justitias.
479 377 513 429 Et
524 375 596 429 sicut
608 374 707 428 beatus
716 373 893 444 Augustinus
903 372 947 427 di·
959 384 988 457 A
999 373 1077 429 Sicut
1088 374 1166 429 idem
1182 373 1325 444 apostolus
1340 372 1409 447 dicit
1422 388 1429 428 :
1447 370 1573 427 Tradidit
1582 372 1755 439 semetipsum
1765 386 1812 440 pro

71 470 76 476 ’
135 475 183 542 cit,
200 474 248 528 Dei
264 475 353 528 cultor
367 468 546 540 intelligitur.
561 470 589 523 lu
605 483 659 523 noc
675 483 793 534 securo,
813 468 842 522 id
858 471 901 521 est
917 467 948 521 in
998 468 1074 522 nohis
1088 469 1247 523 oblationem
1262 471 1286 521 et
1299 467 1414 521 hostiam
1428 467 1481 520 Deo
1496 467 1524 518 in
1538 464 1646 517 odorem
1660 463 1811 517 suauitatis.

135 566 268 640 presenti
283 566 349 631 vita,
366 565 484 635 propter
496 561 565 615 illud
580 561 657 632 quod
672 561 810 616 Dominus
825 561 884 616 ait:
897 561 950 627 Qui
999 562 1092 625 Quare
1108 578 1177 631 crgo
1194 558 1463 632 culpamusludaeos
1473 557 1514 612 rel
1526 556 1641 621 ludam,
1659 571 1728 609 cum
1742 554 1811 609 dicat

132 660 341 733 perseveraverit
351 672 434 726 usque
443 657 473 709 ia
482 659 570 724 finem
582 656 624 708 hic
633 655 724 708 satous
735 657 795 709 erit.
807 655 874 717 Due
886 653 946 725 pie·
997 655 1159 725 Apostolus,
1173 654 1240 725 quia
1253 653 1315 724 ipse
1330 668 1359 707 se
1377 650 1514 705 tradidit?
1539 649 1698 704 Sciendum
1719 651 1809 702 nmen

136 758 178 808 tas
206 766 347 807 ebremou
375 764 478 803 cauare
504 764 536 802 er
565 748 732 802 Satricanis
761 762 856 802 uosrm
882 749 947 803 issu
998 751 1042 802 est
1057 749 1124 818 quia
1138 747 1258 801 tradidit
1271 763 1338 800 eum
1354 745 1441 800 ludas
1459 746 1576 814 propter
1588 741 1753 806 avaritiam,
1766 742 1809 796 lu-

134 847 243 902 Cnmsrr
259 846 413 914 exspectat,
430 858 529 896 secura
548 840 583 894 de
602 840 658 893 fide
672 843 701 893 et
716 855 802 910 opere
821 857 887 910 suo;
909 840 945 894 si·
998 841 1052 897 daei
1078 846 1193 913 propter
1213 839 1360 905 invidiam,
1383 839 1459 893 Deus
1477 839 1561 891 Pater
1577 851 1631 906 pro
1652 839 1752 889 nostra
1769 850 1808 887 re·

132 941 180 992 cut
193 955 208 992 e
219 940 318 992 contra
331 935 463 1007 impietas
476 932 656 989 reformidat.
672 935 782 988 Daarnu
797 950 863 988 seen
879 933 948 988 dicit
998 935 1176 1006 demptione,
1191 934 1275 988 Filius
1290 934 1349 1003 ipse
1365 949 1395 985 se
1413 929 1532 985 tradidit
1544 946 1596 1000 pro
1609 930 1710 982 nostra
1723 927 1809 980 chari·

134 1032 278 1086 coelestem
288 1030 423 1101 patriam.
435 1030 483 1082 Est
492 1028 570 1082 enim
581 1043 645 1096 spes
655 1027 825 1096 exspectatio
836 1027 946 1082 tuturo·
998 1032 1066 1084 tate.
1084 1029 1162 1084 Sicut
1173 1028 1203 1082 in
1218 1025 1388 1098 Apocalypsi
1404 1024 1473 1078 dicit
1486 1025 1612 1079 loannes
1628 1040 1635 1076 2
1653 1023 1709 1088 Oui
1722 1020 1812 1075 auae

133 1140 198 1179 rum
213 1125 366 1179 bonorum.
379 1122 449 1193 Spes
459 1120 534 1175 dicta
548 1124 599 1186 cst,
612 1118 689 1190 quasi
703 1124 779 1174 recte
796 1119 948 1190 gradiendi
997 1138 1054 1185 aas,
1070 1127 1095 1177 et
1115 1122 1181 1176 lauit
1198 1136 1246 1176 aas
1264 1136 1281 1174 a
1296 1121 1415 1189 peccatis
1434 1119 1532 1172 nostris
1554 1120 1584 1172 in
1604 1117 1740 1184 sanquine
1758 1129 1809 1167 suo.

134 1234 193 1290 pes.
209 1217 249 1271 De
270 1233 327 1288 qua
344 1215 519 1287 Apostolus:
536 1216 601 1283 Spes
623 1228 683 1283 que
700 1214 817 1275 uidetur,
836 1229 889 1267 non
906 1216 948 1269 ast
997 1216 1087 1270 Aliter
1101 1230 1171 1285 ergo
1187 1231 1253 1268 eum
1272 1213 1359 1268 ludas
1374 1210 1502 1279 tradidit,
1518 1211 1601 1266 aliter
1614 1207 1719 1275 iudai,
1734 1205 1812 1261 aliter

132 1326 202 1380 spes.
217 1310 366 1365 Contraria
382 1312 424 1364 est
438 1309 478 1362 illi
492 1306 664 1378 desperatio,
679 1307 724 1361 cui
738 1306 816 1361 nulla
828 1310 870 1360 est
887 1323 945 1377 pce·
998 1310 1091 1376 Pater,
1106 1309 1189 1362 aliter
1202 1308 1262 1378 ipse
1276 1324 1305 1360 se
1321 1306 1448 1361 tradidit.

133 1404 245 1459 nitendi
267 1405 396 1458 facultas.
422 1400 556 1466 Quandiu
580 1401 658 1454 enim
683 1400 771 1454 homo
797 1403 947 1470 peecatum
1033 1404 1072 1457 Ur
1096 1419 1145 1458 nas
1168 1417 1319 1456 narramur
1344 1417 1378 1455 aa
1403 1416 1471 1455 oum
1495 1412 1659 1461 mmmmm.
1685 1393 1814 1449 Redemit

132 1501 221 1564 amat,
237 1497 362 1551 suturam
374 1494 580 1550 beatitudinem
595 1511 654 1548 nou
671 1497 778 1564 sperat3
796 1494 846 1548 scd
858 1493 903 1547 ille
917 1494 948 1546 fi·
998 1512 1050 1551 nos
1060 1496 1095 1550 ab
1108 1495 1189 1550 omni
1204 1494 1365 1565 iniquitate,
1380 1492 1528 1547 fundendo
1541 1508 1593 1562 pro
1608 1488 1695 1544 nobis
1705 1486 1814 1557 sangui·

135 1590 285 1645 ducialiter
299 1591 452 1660 exspectat,
468 1587 517 1657 qui
532 1587 593 1657 ejus
604 1586 755 1658 praeceptis
770 1586 799 1639 iu
815 1587 947 1641 omnibus
998 1606 1065 1644 nem
1082 1605 1184 1654 suum,
1200 1586 1303 1642 codem
1320 1586 1432 1640 dicente
1450 1603 1457 1640 ι
1473 1586 1565 1655 Empti
1577 1586 1649 1639 anim
1659 1585 1722 1637 estis
1729 1583 1814 1651 pretio

135 1683 325 1753 obtemperat.
340 1683 379 1737 Da
392 1697 448 1752 qua
465 1696 522 1734 non
540 1679 768 1750 potuitamplius
783 1679 899 1746 sentire,
917 1684 948 1735 ut
996 1699 1103 1752 magna.
1128 1683 1162 1735 Et
1180 1681 1320 1752 propheta
1343 1679 1412 1733 dicit
1431 1696 1439 1733 ι
1462 1678 1552 1734 Gratis
1570 1675 1723 1732 venundati
1743 1677 1812 1728 estis.

134 1793 199 1830 eam
212 1776 398 1843 beatificaret,
412 1790 498 1844 quam
515 1790 580 1827 cum
595 1773 652 1826 ait:
667 1773 871 1828 Exspecrauras
883 1773 945 1827 hau·
956 1747 984 1818 B
995 1777 1039 1830 Ab
1059 1778 1132 1829 omui
1149 1776 1303 1844 iniquitate.
1324 1774 1355 1826 ln
1371 1771 1525 1842 baptismo,
1544 1770 1593 1824 ubi
1612 1766 1767 1838 originalia
1786 1769 1812 1819 ct

135 1873 190 1922 tam
203 1883 286 1938 spem.
302 1869 376 1921 Dene
393 1868 497 1922 beatam
509 1882 593 1936 spem,
607 1865 678 1937 quia
692 1880 738 1919 nee
754 1866 846 1920 oculus
865 1865 944 1926 uidit,
997 1868 1119 1922 actualia
1144 1870 1262 1938 peccata
1280 1865 1480 1932 dimittuntur,
1506 1865 1578 1930 sive,
1605 1862 1681 1917 sicut
1708 1860 1811 1914 dictum

131 1977 179 2016 nec
192 1963 268 2016 auris
286 1961 403 2022 audiuit,
420 1975 467 2014 aec
487 1962 517 2013 in
537 1974 581 2014 eor
600 1960 714 2013 hominis
728 1958 860 2021 ascendit,
875 1959 946 2027 quod
997 1965 1049 2028 est,
1072 1960 1221 2015 fundendo
1247 1959 1419 2030 sanguinem
1444 1975 1526 2012 suum
1548 1973 1599 2027 pra
1624 1955 1720 2018 nabis,
1735 1954 1811 2023 juxta

128 2056 300 2124 preparavit
309 2056 435 2108 Dominus
448 2053 621 2120 riilipcntihus
633 2068 669 2106 se.
686 2051 783 2106 Nullus
794 2051 872 2104 enim
883 2068 947 2106 nar·
996 2055 1150 2126 praelatum
1164 2052 1363 2107 testimonium
1380 2069 1386 2106 :
1403 2053 1455 2119 Qui
1473 2052 1570 2105 dileeit
1584 2064 1632 2103 uos
1647 2053 1673 2102 et
1687 2049 1755 2101 lacit
1769 2061 1810 2099 nos

131 2164 195 2202 rare
222 2150 317 2218 potest
342 2146 432 2217 qualis
455 2149 499 2200 est
520 2145 568 2200 illa
593 2144 741 2199 beatitudo
764 2147 944 2211 sauctorum
996 2165 1013 2203 a
1032 2151 1148 2219 peccatis
1168 2149 1268 2201 uostris
1286 2148 1316 2199 in
1331 2147 1463 2214 sanguiue
1476 2159 1535 2198 suo.
1550 2141 1633 2207 Quod
1650 2141 1720 2195 dicit
1732 2142 1809 2194 laen·

132 2241 209 2312 quod
228 2242 352 2295 loannes
373 2238 556 2294 considerans
576 2238 712 2293 dicebat:
730 2240 806 2294 Nune
826 2238 878 2306 ptri
898 2239 947 2293 Dei
997 2257 1068 2296 nes:
1087 2243 1155 2296 Fecit
1169 2255 1216 2294 nos
1234 2242 1286 2294 Deo
1306 2243 1396 2293 nostro
1412 2253 1534 2307 regnum,
1549 2236 1701 2290 sacedotes
1722 2237 1812 2288 Droet

132 2350 234 2396 suanus,
245 2339 270 2388 et
284 2333 403 2388 nondum
417 2335 532 2403 apparet
544 2332 617 2401 quod
632 2333 741 2385 erimus.
998 2338 1082 2397 Patri,
1097 2334 1152 2388 hoc
1167 2337 1195 2386 et
1208 2333 1253 2386 liic
1266 2332 1335 2386 dicit
1347 2331 1508 2402 Apostolus.
1528 2332 1659 2385 Parracis
1680 2342 1808 2383 ,accerri-

165 2429 200 2481 at
215 2427 359 2481 adveutum
377 2427 469 2494 gloriae
486 2441 570 2480 unam
591 2425 650 2478 Dei.
667 2423 830 2478 Adventum
846 2423 945 2493 gloriae
996 2444 1085 2494 aileu,
1101 2426 1185 2481 idest
1199 2425 1334 2497 placitum
1348 2425 1392 2478 vel
1411 2424 1579 2494 perlectum,
1595 2425 1626 2474 ut
1645 2422 1703 2476 Deo
1718 2421 1753 2473 sit
1767 2435 1807 2471 aa·

131 2519 200 2574 dicit
209 2518 286 2573 diem
297 2517 407 2589 judicii,
429 2518 545 2589 quando
560 2533 648 2571 ornnes
663 2518 810 2571 astabimus
825 2522 888 2571 onte
899 2520 945 2571 tri·
996 2525 1102 2591 aeptus,
1120 2523 1149 2573 ct
1170 2519 1218 2590 qui
1240 2523 1307 2573 autc
1331 2517 1448 2581 diaboli,
1466 2533 1541 2570 nunc
1555 2515 1604 2569 Dei
1622 2518 1666 2568 est
1681 2514 1807 2585 populus,

131 2614 215 2667 hunul
229 2613 338 2667 Christi.
353 2613 427 2665 Bene
441 2614 536 2680 urriani
549 2613 607 2672 Dei,
623 2609 691 2681 quia
703 2626 826 2680 magnus
839 2609 944 2677 veniet,
996 2614 1123 2668 dicentes
1139 2629 1204 2667 cum
1219 2612 1368 2668 Psalmista
1384 2628 1391 2665 :
1408 2614 1462 2668 Nos
1473 2615 1562 2664 autem
1576 2609 1694 2679 populus
1712 2607 1769 2674 ejus
1788 2611 1809 2659 et

130 2705 179 2775 qui
195 2705 288 2776 primo
307 2705 422 2759 humilis
443 2704 528 2771 venit,
543 2704 615 2758 sicut
633 2703 692 2774 ipse
710 2702 798 2756 dicit:
815 2702 881 2757 Cum
902 2717 944 2756 se·
995 2722 1053 2762 ones
1075 2721 1185 2776 pascua
1210 2705 1274 2774 ejus.
1297 2706 1474 2761 Secrsroneu
1493 2719 1624 2759 aououuu
1644 2716 1763 2764 ananan,
1783 2698 1808 2752 id

129 2799 200 2853 derit
211 2814 260 2852 ree
273 2801 302 2852 in
315 2799 381 2854 solio
400 2800 477 2866 rapui
493 2800 547 2861 sui,
562 2797 795 2866 congregabuntur
809 2801 873 2849 ante
886 2811 946 2848 aum
996 2803 1048 2866 cst,
1064 2799 1210 2854 virtutum.
1239 2798 1317 2853 Sicut
1343 2796 1424 2851 idern
1449 2796 1546 2850 dicit:
1573 2798 1607 2851 Ut
1635 2797 1666 2850 in
1692 2797 1809 2850 omnibus

130 2907 217 2946 omnes
230 2896 328 2960 pentes.
344 2891 378 2944 Et
392 2890 495 2945 iterum
513 2908 519 2945 :
537 2892 609 2945 Tune
627 2890 757 2944 uidebant
775 2890 874 2943 Filium
898 2889 943 2942 ho-
994 2893 1165 2948 enhiheemus
1184 2895 1357 2960 nosmetipsos
1369 2892 1438 2945 sinit
1456 2892 1504 2944 Dei
1522 2891 1715 2953 ministrasse
1730 2891 1809 2944 nauhu

129 2986 209 3037 minis
234 2986 381 3037 venientem
404 2986 433 3036 in
458 2983 539 3044 nithe,
561 2999 619 3036 cum
643 2985 775 3051 potestate
802 2997 901 3049 magua
920 2986 946 3035 et
992 2987 1139 3055 patientia,
1169 2987 1197 3037 ia
1221 2985 1334 3053 uigiliis,
1357 2986 1385 3036 in
1405 2983 1529 3052 jeiuniis,
1558 2987 1582 3036 ct
1607 2984 1742 3037 charitate
1762 2999 1807 3036 nori

129 3075 274 3143 majestate
291 3076 331 3128 De
345 3075 399 3128 hac
415 3075 483 3128 dicit
493 3078 522 3129 et
535 3076 635 3129 Petrus
649 3091 655 3128 :
673 3076 830 3129 inueniatur
842 3076 871 3127 in
885 3075 943 3127 lau·
956 3105 982 3177 C
994 3081 1066 3147 pata,
1079 3094 1129 3148 par
1142 3093 1219 3131 arma
1227 3078 1345 3147 justitiae
1356 3093 1374 3130 o
1387 3077 1491 3131 deutris
1512 3080 1538 3130 et
1555 3093 1572 3129 a
1591 3078 1721 3131 sinistris
1740 3077 1808 3145 Ergo

130 3169 190 3222 dem
210 3172 235 3223 ct
254 3170 370 3237 gloriam
394 3171 419 3221 et
440 3168 628 3222 revelationem
645 3169 708 3221 Jesu
726 3165 824 3221 Christi
839 3169 947 3221 Domini
997 3174 1151 3225 sectatores
1174 3170 1310 3225 debemus
1328 3187 1389 3228 esse
1409 3169 1552 3225 bonorum
1578 3185 1713 3239 operum,
1735 3173 1765 3221 ut
1782 3169 1806 3221 in

131 3263 227 3323 nostri,
244 3267 269 3316 et
289 3261 440 3316 Salvatoris
461 3263 547 3315 nostri
566 3263 629 3315 Jcsu
649 3260 758 3317 Christi.
781 3259 945 3313 Notandum
996 3264 1079 3319 bonis
1106 3263 1240 3336 operibus
1265 3280 1435 3317 crescamus.
1459 3264 1490 3318 ln
1514 3262 1569 3316 illis
1591 3262 1727 3316 uidelicet
1749 3277 1806 3332 qua

129 3354 205 3425 quod
220 3354 249 3407 in
263 3354 316 3408 hac
328 3353 407 3407 brevi
420 3352 544 3423 Epistola
554 3352 599 3406 his
614 3353 704 3406 Deum
719 3351 880 3406 nominavit
890 3352 943 3405 Do·
995 3356 1149 3427 Apostolus
1169 3359 1320 3410 enumerat
1344 3355 1441 3410 dicens
1466 3373 1472 3410 :
1498 3359 1611 3410 Fructus
1630 3358 1749 3425 Spiritus
1764 3360 1804 3408 est.

130 3448 243 3502 minum
255 3448 369 3513 lesum;
387 3463 473 3517 supra
489 3445 537 3500 ubi
553 3446 592 3500 ait
608 3465 615 3500 :
629 3445 770 3516 Apparuit
782 3446 944 3513 prutiaSal·
996 3452 1058 3504 liae
1078 3449 1184 3518 ioqriere
1199 3455 1224 3504 et
1242 3450 1393 3504 eehortare.
1417 3450 1546 3520 Loquere
1570 3450 1677 3516 verbis,
1698 3449 1750 3504 hoc
1769 3449 1805 3501 est

128 3544 229 3596 ualuis
247 3543 332 3596 nostri
347 3544 403 3594 Dei.
424 3542 457 3594 Et
478 3539 524 3594 liic
539 3555 603 3593 cum
620 3539 688 3593 dicit
704 3556 710 3593 :
726 3540 873 3593 aduentum
887 3540 943 3607 glo·
996 3542 1134 3612 praedica;
1149 3543 1299 3596 exhortare
1311 3542 1463 3612 exemplis3
1480 3542 1556 3612 qirod
1571 3542 1653 3609 dicis,
1667 3543 1713 3596 iac
1726 3543 1804 3614 prius.

129 3637 178 3687 riae
191 3637 285 3701 mapni
296 3636 345 3688 Dei
362 3639 387 3688 et
400 3634 550 3688 saluatoris
565 3635 650 3687 nostri
665 3635 728 3687 Jesu
742 3633 850 3690 Christi.
865 3632 946 3686 iesus
995 3637 1072 3689 Tunc
1088 3635 1165 3689 euim
1188 3636 1242 3689 erit
1255 3638 1321 3706 apta
1336 3635 1451 3702 locutio,
1468 3635 1578 3705 siquod
1596 3636 1738 3705 praedicat
1753 3652 1804 3688 ma·

130 3726 279 3796 proprium
301 3742 406 3779 nonren
431 3728 483 3793 est,
505 3725 711 3794 interpretatur
735 3725 865 3779 Salvator
888 3724 945 3778 sive
996 3729 1095 3800 gister,
1109 3729 1188 3799 prius
1203 3732 1338 3800 operatus
1350 3729 1445 3795 luerit,
1457 3729 1529 3782 sicut
1542 3729 1576 3783 de
1592 3730 1718 3784 Domino
1732 3729 1806 3799 scrip

130 3817 270 3879 salutaris.
282 3818 408 3873 Christus
418 3834 485 3871 vcro
500 3817 535 3871 ab
549 3817 682 3872 unctione
696 3817 809 3872 dicitur.
819 3817 945 3872 Chrisma
995 3825 1056 3875 tum
1073 3826 1116 3876 est
1131 3839 1137 3875 :
1152 3822 1221 3888 Quia
1236 3825 1314 3892 cepit
1327 3825 1401 3876 iesus
1414 3824 1503 3890 fucere
1516 3826 1540 3876 et
1555 3823 1659 3877 (locere.
1677 3823 1733 3877 Sed
1747 3841 1761 3876 e
1775 3823 1806 3875 di·

132 3926 257 3980 namque
268 3910 365 3963 unctio
379 3911 593 3980 interpretatur.
605 3912 710 3965 Unctus
721 3913 763 3964 est
771 3910 832 3980 ipse
841 3911 946 3981 specia-
995 3932 1076 3969 versa
1088 3915 1218 3970 nonnulli
1229 3915 1340 3985 majora
1349 3915 1457 3981 dicunt,
1466 3915 1579 3969 minora
1592 3916 1690 3970 iacere
1702 3917 1805 3971 nolunt.

131 4002 196 4057 liter
210 4019 269 4074 prae
288 4003 423 4058 onmibus
444 4003 520 4057 dono
540 4002 662 4072 Spiritus
676 4003 775 4069 sancti,
790 4004 861 4057 sicut
877 4003 946 4058 dicit
996 4008 1067 4062 sicut
1089 4007 1193 4062 Scribe
1215 4013 1244 4062 et
1258 4008 1403 4076 Pharisaei,
1419 4009 1453 4062 de
1469 4007 1572 4079 quibus
1589 4009 1728 4080 scriptum
1747 4014 1805 4062 est:

130 4096 272 4169 propheta
288 4112 294 4152 :
314 4099 397 4152 Uneii
411 4101 435 4151 te
447 4099 525 4158 Deus,
541 4099 609 4150 Deus
627 4101 688 4150 tuus
705 4097 760 4151 oleo
774 4097 874 4152 latitia
886 4114 946 4167 pra>
994 4102 1119 4171 Allipont
1133 4117 1214 4156 onera
1227 4104 1324 4171 grauia
1342 4107 1367 4156 et
1380 4104 1521 4171 imponunt
1536 4104 1565 4155 in
1589 4103 1715 4157 laumeros
1728 4103 1805 4157 honri·

129 4191 292 4246 consortibus
312 4193 375 4245 tuis.
397 4188 500 4244 ldcirco
514 4192 611 4243 autem
626 4191 770 4260 apostolus
788 4189 832 4244 bis
853 4191 944 4245 Deum
994 4211 1069 4257 nura,
1082 4195 1168 4264 digito
1181 4199 1271 4250 utitem
1284 4210 1335 4250 sua
1349 4196 1442 4249 uolunt
1458 4193 1508 4266 [lta
1522 4194 1600 4267 Catil
1613 4199 1804 4252 camoenali

129 4283 298 4351 nominavit,
314 4286 346 4338 ut
363 4285 427 4354 plus
446 4284 570 4338 mulceat
586 4282 744 4337 audientes.
760 4283 838 4338 Sicut
857 4284 945 4340 etiam
995 4287 1063 4357 quia
1077 4291 1193 4341 noverat
1205 4287 1306 4341 beatus
1316 4288 1419 4341 Paulus
1431 4288 1577 4359 apostolus
1592 4288 1733 4361 scriptum
1745 4309 1752 4345 ε
1764 4293 1805 4358 Oui

130 4378 159 4431 in
172 4377 291 4432 Psalmis
307 4377 410 4431 dicitur
425 4394 431 4432 :
446 4380 526 4440 Deus,
543 4381 610 4432 Dcus
629 4392 712 4441 meus,
727 4379 828 4447 respice
844 4380 873 4432 in
892 4395 942 4433 me.
993 4381 1103 4435 soluerit
1114 4396 1197 4434 unum
1211 4381 1243 4435 de
1255 4381 1394 4436 mandatis
1404 4384 1464 4436 istis
1475 4383 1595 4437 minimis
1608 4387 1634 4438 et
1647 4383 1803 4440 maenius

130 4469 182 4534 Qu
204 4487 283 4525 sanir
313 4487 476 4527 sauarresuu
499 4486 549 4525 ano
573 4486 660 4525 noers.
683 4473 763 4526 iesus
786 4470 870 4525 Filius
895 4470 1121 4542 DeiDhominas,
1138 4476 1264 4528 minimus
1277 4475 1415 4529 uocabitur
1437 4477 1465 4529 in
1483 4492 1563 4545 regno
1583 4477 1726 4544 calorum3
1747 4478 1801 4532 idea

131 4562 210 4616 dedit
221 4563 406 4634 semetipsum
424 4564 583 4635 pronubis,
600 4564 668 4635 quia
680 4581 732 4635 pro
752 4565 842 4619 salute
859 4565 947 4620 totius
997 4566 1140 4620 exhortari
1156 4567 1262 4621 curavit
1276 4567 1455 4638 discipulum,
1472 4572 1502 4622 ut
1521 4585 1586 4640 quae
1609 4570 1735 4626 docebat
1749 4587 1801 4625 rer·

130 4655 243 4725 generis
255 4656 376 4710 humani
391 4673 421 4710 se
435 4657 582 4711 immolari
597 4657 726 4727 permisit
740 4658 768 4711 in
783 4675 833 4712 ara
845 4658 944 4713 crucis.
996 4660 1050 4727 bis,
1065 4660 1199 4730 operibus
1213 4660 1347 4732 impleret
1359 4661 1446 4732 prius.
1480 4677 1484 4685 “

879 4894 1063 5017 XVll.

168 5077 275 5144 Lectio
291 5079 441 5162 Epistolae
457 5080 542 5145 beati
559 5079 650 5144 Pauli
666 5083 805 5163 apostoli
820 5083 862 5146 ad
884 5083 1037 5148 Hebraeos
1054 5088 1087 5166 (1,
1105 5088 1133 5165 l)
1152 5107 1158 5147 :
1175 5086 1360 5167 Multisurie
1377 5089 1551 5170 multasque
1566 5091 1677 5154 modis
1690 5091 1762 5153 olim

607 5162 693 5226 Deus
708 5162 840 5243 loquens
849 5165 1004 5245 patribus
1020 5167 1054 5227 in
1065 5166 1244 5248 prophetis,
1261 5172 1321 5229 etc.

746 5283 954 5340 COllllEN'lUll
973 5285 1184 5340 LUCULENTll.

163 5369 272 5425 llebraei
283 5371 318 5425 ab
329 5373 420 5428 lleber
431 5383 742 5450 sumpseruntnameu,
756 5380 804 5451 qui
816 5381 941 5453 fuitsep-
989 5383 1054 5451 eius.
1077 5383 1211 5453 Legimus
1231 5383 1260 5437 in
1277 5383 1349 5438 libro
1366 5384 1512 5439 Geneseos
1534 5387 1613 5456 quod
1638 5386 1798 5460 cougregati

128 5464 213 5519 timus
231 5465 266 5520 ab
285 5464 387 5519 Adam.
410 5468 544 5525 ilebrmus
565 5474 770 5545 interpretatur
786 5474 938 5541 transienS,
990 5475 1039 5529 filii
1059 5476 1126 5530 Noae
1146 5480 1210 5546 post
1226 5492 1315 5546 aquas
1337 5476 1434 5531 diluvii
1449 5477 1479 5531 in
1496 5481 1573 5532 terra
1588 5480 1701 5536 Senaar
1715 5497 1798 5551 cepre-

125 5557 236 5615 llebraei
260 5562 451 5631 transeuntes,
469 5579 555 5633 quam
579 5569 695 5638 gentem
717 5569 792 5623 Deus
816 5570 938 5623 multum
990 5573 1056 5623 runt
1070 5568 1212 5624 aedificare
1227 5573 1346 5637 turrem,
1362 5570 1396 5624 de
1411 5587 1469 5642 qua
1483 5570 1627 5642 dixerunt,
1637 5575 1715 5646 quod
1729 5591 1801 5629 cacu-

125 5652 232 5722 dilexit‚
258 5655 287 5709 in
311 5657 423 5710 tantum
452 5659 482 5709 ut
509 5656 612 5711 dicat:
641 5662 726 5714 lsrael
745 5664 938 5733 prinrogenitru
988 5679 1055 5716 men
1068 5662 1144 5717 illius
1159 5662 1336 5739 pertingeret
1349 5681 1439 5734 usque
1453 5664 1488 5718 ad
1501 5666 1615 5733 caelum,
1628 5669 1658 5721 et
1668 5668 1691 5722 si
1705 5668 1800 5722 iterum

123 5762 213 5817 meus,
240 5754 265 5805 et
290 5754 399 5808 sanctus
423 5752 509 5808 lsrael
526 5753 648 5816 Domino,
674 5757 805 5823 primitie
823 5759 937 5826 frugum
988 5756 1152 5815 inundasset
1168 5757 1307 5813 diluvium
1327 5775 1383 5813 riou
1403 5758 1539 5830 perirent,
1556 5759 1630 5818 sicut
1645 5761 1755 5818 dudum
1767 5759 1801 5815 illi
