3884 6150
125 294 177 357 tlt
523 297 689 357 meudula
705 297 751 353 ab
768 294 880 353 OPERA
897 287 1014 346 sancit
1031 290 1181 348 osunen}
1199 285 1415 348 anabiensis.
1752 291 1805 348 tlt

125 406 214 466 tidem
235 411 371 466 cumrunt
382 406 487 464 summi
498 405 654 478 pontifices,
673 402 851 461 emendando
869 403 934 459 Bre-
946 396 1022 483 Atis
1042 397 1144 468 officia,
1160 397 1269 470 aliaque
1287 397 1317 453 id
1340 411 1429 469 genus
1452 395 1585 454 exerdtia
1603 395 1727 454 virtutis.
1740 397 1806 454 llere

125 503 212 559 viario
220 501 437 574 Romano,quod
450 499 569 555 aliorum
582 499 745 570 exemplum
757 512 817 554 esse
825 495 936 552 debeat.
986 496 1095 562 oportet
1108 491 1212 561 lacere,
1229 491 1278 547 sed
1290 490 1351 562 pias
1363 489 1450 546 etiam
1461 491 1638 563 precationes
1651 506 1711 547 non
1723 491 1806 548 omit-

127 593 181 650 Sed
207 593 274 665 quia
294 591 384 646 multa
402 590 432 644 in
449 589 508 644 dies
527 605 544 644 a
560 589 628 643 viris
640 587 728 643 doctis
742 587 935 651 illustrantur,
986 589 1057 641 tere.

127 688 269 743 eaminse
281 700 380 740 curam
392 677 938 753 etiamsusceperuutepiscopimaxime
1023 682 1067 732 77.
1083 678 1178 749 Neque
1192 678 1294 733 desunt
1313 678 1444 751 diligenti
1461 694 1493 734 ac
1515 679 1630 735 cordato
1647 679 1710 735 vim
1731 683 1805 736 tem

126 779 267 848 Gallicani,
277 794 401 850 quorum
413 777 466 832 hae
475 776 505 830 iu
515 792 547 831 ru
555 774 688 830 sedulitas
696 772 830 844 etreligio
840 770 934 844 437
987 770 1808 844 porisiutervallaetieriaeadutrumquepraestandum,ubi

126 874 192 929 alios
206 872 242 927 ad
260 872 337 927 idem
351 887 423 943 opus
433 869 535 925 merito
548 868 653 924 incitat.
667 869 702 922 Et
713 867 829 939 quidem
847 865 878 920 in
890 880 936 920 ec·
987 865 1073 920 semel
1084 864 1145 936 ejus
1158 864 1287 919 animum
1303 865 1403 936 pietas,
1421 870 1450 921 et
1470 865 1629 921 divinarum
1641 882 1752 934 rerum,
1766 882 1809 923 se-

125 964 285 1021 clesiasticis
298 963 397 1019 officiis
413 985 427 1014 «
442 978 500 1017 non
513 961 626 1019 novella
638 960 731 1016 audiri
745 959 826 1014 decet
838 959 881 1014 vel
895 957 937 1014 le·
987 957 1070 1012 clusis
1082 957 1231 1013 inutilibus
1244 957 1329 1027 curis,
1342 958 1498 1014 sollicitudo
1515 958 1659 1029 imbuerit,
1674 975 1743 1014 cum
1763 960 1806 1015 le-

125 1058 207 1126 via,»
224 1062 255 1112 ut
271 1056 369 1112 scribit
382 1055 539 1111 Bernardos
553 1054 584 1109 in
595 1036 712 1126 epistola
736 1056 788 1109 312
803 1052 839 1107 ad
852 1055 937 1106 Arre-
989 1050 1244 1123 gamussaculares
1256 1050 1330 1105 viros
1344 1051 1405 1122 (nec
1419 1057 1515 1108 nostra
1526 1052 1704 1108 aemoeefiam
1714 1068 1808 1109 exem

125 1166 277 1218 marcnses,
295 1172 309 1200 a
323 1150 372 1205 sed
385 1154 459 1204 certe
475 1147 638 1204 authentica
652 1146 817 1217 etantiqua,
833 1161 897 1216 quae
910 1148 939 1199 et
988 1144 1037 1216 pla
1048 1144 1170 1214 desunt),
1184 1143 1242 1199 imo
1263 1143 1348 1199 etiam
1364 1160 1457 1215 reges,
1473 1145 1523 1217 qui
1546 1150 1661 1202 strenue
1675 1162 1740 1201 rem
1753 1163 1807 1218 pu·

123 1244 273 1300 Ecclesiam
286 1243 436 1311 aedillcent,
446 1245 475 1297 et
484 1240 702 1298 ecclesiasticam
712 1238 859 1294 redoleant
877 1253 939 1308 gra·
987 1236 1091 1292 blisum
1103 1252 1154 1308 per
1174 1252 1204 1291 se
1225 1237 1278 1308 ipsi
1296 1237 1540 1309 administrabant,
1561 1238 1636 1295 inter
1654 1242 1699 1295 tot
1715 1254 1807 1311 nego-

124 1338 248 1393 vitatem.
264 1333 344 1401 Quod
356 1335 379 1389 si
404 1350 477 1390 nova
491 1334 590 1389 audire
602 1333 681 1403 libet,
695 1335 723 1387 et
737 1347 821 1386 causa
842 1329 938 1401 requi·
988 1329 1093 1384 tiorum
1112 1330 1209 1385 turbas
1233 1329 1340 1385 eisdem
1363 1331 1571 1403 precationibus
1597 1349 1655 1387 non
1672 1332 1807 1389 demisse.

21 1422 30 1430 ’
124 1432 171 1498 rit,
186 1446 229 1497 ea,
244 1434 275 1484 ut
288 1427 525 1499 dixi,recipienda
547 1426 716 1493 censuerim,
731 1440 794 1496 quae
808 1422 939 1478 cordibus
989 1422 1077 1492 liujus
1088 1422 1131 1478 rei
1142 1426 1226 1478 testes
1239 1423 1310 1478 duos
1323 1425 1447 1495 appello,
1463 1424 1608 1481 alfredum
1620 1425 1733 1483 scilicet
1748 1428 1808 1481 An-

124 1518 310 1586 audientium,
327 1533 383 1589 quo
398 1516 531 1588 gratiora,
545 1531 579 1570 eo
597 1514 709 1569 utiliora
730 1510 939 1581 reddatete1o·
990 1516 1102 1587 giorum
1127 1531 1236 1587 regem,
1264 1520 1293 1572 et
1313 1520 1443 1572 sanctum
1467 1517 1649 1574 Ludovicum.
1676 1518 1810 1575 Alinadus

124 1612 185 1683 quii
196 1611 319 1682 dignitas
333 1614 361 1664 et
373 1609 504 1665 auctoris.
518 1610 605 1663 Porro
614 1623 695 1663 sensa
708 1605 866 1661 indubitata
879 1620 937 1658 res·
988 1608 1105 1680 qnippe,
1114 1608 1254 1664 referente
1263 1608 1331 1664 vita
1343 1611 1405 1680 ejus
1412 1610 1548 1682 scripture
1557 1615 1687 1667 accurato
1694 1614 1809 1680 Asuero,

124 1704 276 1777 plaudeant
302 1703 427 1770 veritate,
453 1705 554 1756 sonent
574 1698 723 1770 justitiam,
750 1697 940 1753 humilitatem
992 1720 1005 1750 «
1019 1700 1093 1755 iuter
1113 1700 1187 1755 bella
1208 1705 1237 1756 et
1254 1702 1402 1772 praesentis
1425 1703 1490 1758 vitea
1511 1703 1672 1776 frequentia
1690 1703 1813 1776 impedi·

124 1797 268 1863 suadeant,
284 1796 403 1851 doceant
415 1793 578 1866 aequitatem
594 1808 677 1864 :quae
686 1791 773 1847 mam
784 1790 882 1847 lumen
897 1766 979 1846 veB
991 1797 1097 1861 manta,
1113 1808 1224 1848 necnon
1235 1810 1413 1866 paganorum
1427 1796 1619 1853 imesmfiones
1632 1801 1662 1852 et
1670 1795 1813 1869 quotidia-

124 1894 216 1950 ritatis
229 1892 372 1947 mentibus
393 1892 516 1963 pariant,
531 1890 653 1944 formam
666 1888 802 1958 moribus,
827 1905 940 1944 crucem
990 1903 1041 1942 nas
1054 1885 1180 1957 corporis
1199 1886 1390 1956 infirmitates,
1414 1889 1585 1962 interregni
1601 1889 1811 1962 gubernacula,

55 1976 60 1985 “
123 1987 207 2055 vitiis,
222 1985 367 2041 affectibus
381 1984 569 2053 devotionern,
581 1982 708 2038 sensibus
723 1981 910 2052 disciplinam.
924 2000 939 2032 u
991 1978 1176 2035 nihilominus
1189 1978 1306 2036 mnsam
1320 1981 1447 2054 quotidie
1460 1983 1568 2050 audire,
1583 1983 1710 2055 psalmos
1723 1999 1812 2056 qnos·

123 2080 174 2135 Tot
187 2080 283 2146 verba,
292 2082 336 2133 tot
347 2078 470 2146 oracula,
482 2076 658 2131 sanctissimo
673 2074 803 2130 Ecclesiae
814 2076 895 2130 Patre
908 2091 940 2129 ac
990 2075 1056 2130 dam
1071 2076 1099 2129 et
1110 2072 1262 2143 orationes,
1277 2077 1306 2129 et
1318 2074 1402 2130 horas
1415 2074 1531 2131 diurnas
1543 2080 1573 2131 et
1592 2081 1748 2132 nocturnas
1763 2091 1811 2132 oe·

124 2173 239 2228 doctore
254 2172 351 2243 digna.
990 2167 1109 2235 lebnam,
1137 2170 1164 2220 et
1189 2166 1318 2222 ecclesias
1348 2174 1489 2225 nocturno
1508 2174 1646 2241 tempore,
1675 2169 1813 2226 orationis

159 2266 367 2332 iteratorum,
381 2264 458 2319 utad
479 2278 596 2334 scopum
608 2262 734 2329 redeam,
748 2275 851 2332 parum
866 2260 939 2316 inte·
990 2282 1083 2335 causa,
1096 2267 1170 2322 clam
1189 2276 1206 2314 a
1223 2262 1281 2316 suis
1295 2263 1373 2318 adire
1394 2262 1541 2319 solebat.»
1562 2262 1606 2319 Sic
1626 2278 1695 2318 vero
1717 2266 1811 2319 totum

124 2363 182 2414 rest
194 2374 251 2430 quo
261 2358 328 2428 jure
340 2356 467 2429 primurn
480 2356 596 2411 inducta
605 2355 641 2410 sit
652 2356 713 2410 bac
723 2354 857 2410 Breviarii
869 2354 939 2408 reci-
990 2359 1139 2431 cnjuslibet
1154 2359 1210 2415 diei
1226 2372 1341 2413 cursum
1356 2355 1542 2427 expendebat,
1563 2376 1577 2404 a
1594 2360 1627 2410 ut
1639 2359 1706 2412 0010
1727 2356 1812 2412 hom

123 2450 203 2506 tundi
216 2451 359 2523 obligatio,
373 2450 435 2521 lege
449 2466 486 2505 an
501 2448 715 2515 consuetudine,
730 2464 796 2502 eum
811 2446 940 2520 legitimo
990 2453 1021 2507 in
1034 2438 1191 2519 scribiendo,
1207 2451 1328 2522 legendo
1342 2454 1370 2505 et
1389 2449 1494 2504 orando
1502 2467 1511 2518 ς
1533 2453 1594 2504 octo
1609 2449 1640 2503 in
1658 2465 1732 2504 cura
1747 2466 1810 2506 cor·

124 2544 310 2599 fundamento
321 2543 469 2611 innitatur,
481 2541 585 2598 scilicet
597 2544 740 2613 praecepto
749 2540 875 2612 generali
884 2556 940 2612 quo
990 2545 1080 2617 poris;
1094 2550 1156 2601 octo
1165 2543 1378 2616 inexpediendo
1388 2541 1469 2613 regni
1480 2541 1810 2615 negotiotransigeret,»

124 2636 276 2692 Chrish'ani
290 2634 540 2707 omnesdjugem
550 2635 743 2705 precationem
755 2638 898 2703 tenentur,
913 2638 941 2689 et
990 2639 1068 2711 quod
1082 2638 1116 2694 de
1133 2655 1166 2694 eo
1181 2637 1279 2693 scribit
1292 2635 1449 2690 Willelmus
1471 2635 1627 2690 monachus
1638 2635 1809 2691 blalmesbu·

125 2729 238 2802 speciali
253 2730 300 2785 Dei
325 2728 523 2784 ministrorum
542 2727 714 2795 conditione,
729 2727 779 2799 qui
801 2730 861 2782 toto
881 2741 941 2781 sese
991 2732 1100 2787 niensis.
1114 2731 1226 2787 Utinam
1238 2728 1340 2784 similis
1355 2728 1487 2783 sedulitas
1499 2727 1609 2783 animos
1630 2733 1745 2784 nostros
1762 2746 1811 2785 oc·

125 2822 218 2877 divino
232 2821 320 2876 cultui
333 2821 541 2892 manciparunt.
555 2821 580 2874 ls
588 2819 666 2874 enim
678 2819 806 2874 divinum
817 2823 846 2874 et
862 2834 941 2890 apos-
990 2828 1115 2895 cuparet.
1130 2825 1169 2878 Do
1190 2827 1285 2878 sancta
1308 2821 1447 2876 Ludcvico
1466 2820 1496 2875 id
1518 2821 1664 2877 mcmoriae
1686 2821 1813 2894 prodidit

125 2915 242 2970 tolicum
255 2914 289 2969 de
302 2914 478 2969 indesinente
491 2913 618 2968 oratioue
632 2917 807 2984 pracceptum
820 2912 941 2983 implere
991 2921 1089 2973 auctor
1102 2918 1163 2989 ejus
1177 2914 1293 2987 aequalis
1304 2914 1337 2968 in
1349 2929 1480 2989 sermone
1494 2913 1611 2984 inedito,
1626 2930 1716 2987 quem
1733 2930 1810 2970 nuu-

125 3012 265 3074 censetur,
281 3027 295 3055 a
311 3006 360 3077 qui
372 3006 512 3060 canonicis
524 3006 602 3059 horis
613 3005 751 3076 quotidie,
761 3006 844 3075 juxta
853 3005 941 3060 ritum
991 3027 1077 3082 quam
1088 3010 1155 3065 satis
1167 3008 1297 3065 laudatus
1306 3007 1444 3062 Antonius
1452 3006 1623 3062 llerovallius
1635 3006 1721 3062 nobis
1733 3023 1812 3063 com·

125 3097 317 3154 ecclesiasticae
326 3097 493 3165 traditionis,
509 3097 669 3169 psalmodiis
674 3097 860 3170 precibusque
872 3115 939 3153 con·
951 3124 978 3199 C
990 3103 1144 3159 municavit
1158 3120 1165 3158 ε
1182 3121 1196 3154 a
1211 3102 1317 3156 Omnes
1331 3100 1415 3155 horas
1429 3099 1584 3168 canonicas,
1597 3103 1626 3156 et
1639 3100 1676 3155 de
1689 3100 1813 3172 gloriosa

124 3192 210 3247 suetis
224 3191 313 3245 Deum
327 3188 442 3245 laudare
456 3193 484 3245 et
501 3205 603 3260 rogare
621 3188 679 3245 nbn
697 3190 814 3260 desistit,
830 3196 888 3246 out
900 3191 941 3247 ait
991 3197 1104 3268 Virgine
1119 3212 1232 3267 semper
1240 3210 1307 3250 cum
1319 3197 1385 3249 nota
1396 3193 1546 3260 audiebat3
1561 3192 1699 3249 submisse
1713 3198 1812 3249 lamen

126 3284 240 3339 bedain
253 3285 335 3338 Lucae
349 3299 410 3354 cap.
428 3285 471 3337 18.
485 3281 557 3339 Sunt
569 3282 683 3354 quidem
697 3286 725 3338 et
737 3283 792 3338 alia
812 3300 870 3339 non
884 3284 939 3339 mi-
990 3290 1104 3346 easdem
1117 3289 1192 3345 inter
1208 3304 1238 3343 se
1252 3291 1280 3343 et
1294 3287 1473 3358 capellanum
1487 3302 1571 3341 suum
1583 3290 1612 3341 et
1632 3303 1687 3358 pro
1712 3286 1812 3342 defun·

124 3375 346 3432 norismomenti
355 3391 498 3430 sacrorum
505 3375 938 3445 ministrorumofficiaetonera3
991 3383 1043 3439 ctis
1057 3399 1161 3438 novem
1174 3381 1309 3437 lectiones
1326 3380 1452 3452 quotidie
1470 3379 1587 3435 dicebat.
1601 3379 1693 3435 bladis
1711 3378 1811 3454 439

125 3468 266 3541 nequead
286 3469 340 3523 hoc
359 3483 451 3522 unum
474 3468 515 3522 eis
532 3468 667 3540 assignati
688 3474 755 3524 suut
766 3473 824 3525 tarn
837 3470 942 3542 copiosi
990 3482 1073 3532 nocte
1094 3474 1228 3545 surgebat
1242 3474 1277 3529 ad
1298 3473 1492 3529 confitendum
1515 3472 1645 3541 Domino,
1662 3477 1692 3528 et
1709 3472 1812 3545 regina

126 3562 254 3618 Ecclesiae
278 3565 444 3633 proventus,
458 3561 539 3633 quasi
553 3561 671 3616 recitato
684 3562 773 3617 semel
786 3564 940 3633 breviario,
990 3570 1073 3625 bonus
1092 3568 1238 3625 memoria
1259 3566 1412 3639 aliquando
1435 3582 1501 3622 eum
1525 3569 1640 3637 propter
1664 3565 1760 3638 frigus
1777 3564 1811 3622 de

125 3655 252 3709 muneris
274 3654 318 3708 sui
340 3669 483 3708 summam
518 3654 613 3709 statim
647 3656 831 3726 expleverint.
856 3657 941 3721 Quae·
991 3663 1160 3719 vestimento
1180 3661 1274 3732 aliquo
1299 3659 1453 3731 operiebat.
1477 3678 1491 3711 a
1512 3658 1556 3714 Sic
1573 3657 1647 3713 nulli
1669 3675 1809 3731 uuquam,

126 3746 191 3801 darn
205 3745 423 3817 quippealiaab
443 3745 637 3801 ecclesiasticis
650 3747 715 3801 viris
728 3749 892 3820 exiguntur,
905 3751 943 3806 le
992 3756 1078 3811 etiarn
1100 3753 1323 3825 occupatissimo,
1351 3752 1441 3808 deerit
1458 3756 1571 3822 tempus
1597 3754 1625 3806 et
1652 3751 1746 3807 otium
1776 3751 1811 3808 ad

126 3838 180 3892 ctio
206 3842 234 3892 et
256 3837 382 3892 studium
402 3843 562 3892 sanctarum
581 3839 789 3909 scripturarum
813 3847 841 3897 et
859 3859 944 3899 sacrae
993 3849 1049 3904 oco
1071 3847 1239 3915 vacandum,
1253 3845 1277 3901 si
1307 3844 1419 3916 pietatis
1441 3844 1566 3900 studium
1591 3860 1650 3901 non
1676 3844 1810 3902 defuerit.

123 3929 293 4000 traditionis,
307 3928 393 3984 divini
415 3928 511 4002 438
531 3930 608 3987 verbi
634 3933 803 4003 praedicatio,
821 3936 942 3994 charita·

666 4311 762 4386 440
798 4277 1272 4397 ΑΡΡΕΝΒΙΧ

201 4461 481 4564 Contr‘aenr
511 4463 842 4594 probationes
885 4472 1135 4599 quasdam
1174 4472 1415 4604 lieurplc
1460 4467 1741 4574 Gallicanae

677 4621 724 4708 et
764 4639 948 4713 currus
991 4610 1263 4715 Gallicani.

863 4802 1074 4817 *ι-

142 4899 161 4953 l.
183 4913 314 4956 nouimus
334 4914 414 4955 eurus
435 4916 584 4966 novamus,
603 4919 638 4959 au
658 4920 755 4962 nissae
782 4924 920 4967 orrrc1uu.
950 4923 980 4996 Ι)
1026 4913 1105 4969 Dicat
1119 4914 1258 4983 presbyter
1278 4931 1286 4967 :
1304 4913 1357 4968 Per
1385 4909 1480 4966 omnia
1496 4909 1597 4966 saecula
1629 4890 1816 4965 saeculirum.

345 4993 508 5050 &librali
520 4994 723 5051 Matucaium&
991 5005 1023 5071 rt.
1039 5008 1139 5061 Amen.

159 5083 227 5138 Ecce
252 5102 337 5158 super
355 5092 467 5142 montes
488 5087 574 5159 pedes
593 5089 808 5160 evangelizantis
829 5110 938 5165 pacem,
1026 5102 1058 5156 ln
1070 5099 1188 5155 aduentu
1200 5101 1307 5156 Domini
1319 5113 1372 5154 aon
1385 5097 1511 5160 dicimus
1529 5093 1624 5150 Gloria
1637 5093 1668 5149 in
1683 5095 1817 5161 excelsis,

123 5174 245 5243 alleluia,
261 5180 489 5235 etannuntiantis
503 5181 586 5249 buna,
600 5181 711 5238 alleluia
726 5199 733 5237 :
748 5183 858 5239 celebra
870 5187 942 5242 tuda
993 5194 1136 5249 Dominicis
1150 5193 1242 5248 diebus
1259 5197 1284 5248 et
1295 5192 1384 5260 satas,
1398 5190 1444 5247 sed
1459 5193 1565 5245 tuntum
1582 5186 1675 5243 diebus
1693 5188 1817 5255 testium

122 5266 285 5325 festivitates
299 5275 362 5326 tuas
379 5273 500 5339 alleluia,
519 5278 547 5328 et
565 5276 651 5331 redde
674 5275 791 5330 Domino
812 5281 875 5332 vota
893 5283 942 5333 tua
1350 5291 1446 5342 Oratio.

123 5359 244 5416 alleluia.
259 5363 279 5424 i
295 5405 302 5417 .
315 5365 449 5421 Dominus
463 5366 539 5422 dabit
551 5369 667 5424 verbum
682 5370 943 5442 evangelizantibus
1029 5380 1101 5435 lteus
1114 5378 1163 5450 qui
1177 5394 1228 5450 per
1240 5377 1383 5448 angelicos
1402 5376 1502 5431 choros
1518 5374 1672 5430 adveutum
1681 5370 1750 5435 niti
1775 5375 1822 5430 tui

126 5455 154 5508 in
168 5453 273 5510 virtute
295 5456 395 5512 multa.
409 5461 454 5515 Ps.
469 5460 503 5514 Et
516 5461 612 5516 redde.
628 5467 647 5528 γ
665 5463 777 5519 ,Gloria
802 5470 830 5520 et
852 5465 943 5519 honor
994 5472 1106 5527 bomini
1124 5470 1212 5526 nostri
1231 5472 1297 5526 lesu
1309 5469 1412 5525 Christi
1427 5467 1596 5523 annuntiare
1615 5464 1742 5536 voluisti,
1766 5468 1822 5540 qui

126 5547 200 5602 Patri
213 5550 242 5604 et
254 5547 323 5604 Filio
337 5554 366 5605 et
374 5550 492 5622 Spiritui
505 5558 601 5610 sancto
613 5556 643 5610 in
662 5558 763 5613 saecula
774 5560 944 5616 saeculorum
994 5582 1045 5637 per
1059 5566 1226 5636 angelorum
1239 5563 1390 5637 praeconia,
1407 5561 1500 5618 Gloria
1524 5561 1555 5616 iu
1576 5559 1693 5617 excelsis
1706 5560 1776 5627 Deo,
1789 5564 1822 5617 et

126 5657 219 5698 amen.
236 5643 269 5697 Et
283 5640 380 5699 redde.
647 5706 649 5711 ,
995 5660 1024 5714 in
1040 5662 1114 5714 terra
1127 5675 1182 5732 pax
1201 5657 1364 5714 hominibus
1379 5655 1461 5712 bouae
1476 5653 1635 5721 voluntatis,
1648 5652 1821 5711 adclaman-

162 5767 173 5796 ⁸
189 5769 256 5826 Vide
266 5787 332 5845 pag.
345 5773 380 5829 25
395 5776 423 5830 et
434 5786 512 5846 seqq.
