3884 6150
643 368 1291 489 inmundarum.

765 519 812 581 (Ex
827 532 876 568 ms.
892 517 986 569 Codice
999 518 1178 581 Tomaeensi.)

165 681 188 731 l.
211 674 369 730 Procedente
390 674 464 728 beato
490 674 629 729 Antonino
655 680 777 744 martyre
802 689 858 728 una
882 688 942 728 cnm
951 683 982 757 Α
1027 672 1331 728 3.Etindevenimus
1346 671 1376 726 in
1392 675 1487 742 partes
1505 667 1809 742 spinalamberti

126 767 255 836 callepio·
270 770 336 828 suls,
352 782 385 821 ea
398 782 427 821 eo
445 768 517 836 quod
528 770 665 822 civilatem
673 769 840 822 Placentiam
853 782 939 834 cares·
990 765 1148 838 Tripoliml,
1170 766 1217 820 ubi
1236 764 1391 836 requiescit
1414 769 1528 819 sanetus
1540 761 1683 818 Leontius
1709 772 1739 829 s;
1751 778 1809 832 qua

125 876 170 916 sas
184 865 232 923 est,
255 861 396 929 inquibus
418 861 484 914 locis
498 863 687 930 pereprinatna
704 865 752 922 est,
771 862 810 914 ire
828 862 943 929 oestipia
991 857 1110 929 quidem
1126 858 1223 913 civitas
1234 860 1365 930 tempore
1375 857 1529 914 lastiniani
1543 853 1737 927 imperatoris
1749 854 1806 907 sub·

126 952 226 1007 aaran
236 956 383 1022 sequentes,
397 955 565 1008 etmiracula
578 958 732 1008 sanctorum
748 954 943 1024 prophetaram
992 967 1075 1005 versa
1088 953 1131 1005 est
1144 968 1162 1006 a
1175 951 1365 1006 terraemotuh
1381 967 1446 1005 curn
1461 949 1524 1004 aliis
1537 947 1717 1004 civitatibus.
1734 947 1807 999 Veni-

122 1046 264 1116 peroidere
281 1051 425 1116 ceperunt.
452 1048 490 1101 lta
510 1046 681 1101 exeuntibus
698 1046 781 1102 nobis
796 1045 831 1100 de
853 1049 940 1102 Cons-

125 1138 486 1210 tantinopolipervenimus
497 1139 646 1210 Cyprumb
660 1138 690 1205 in
700 1139 844 1193 civitatem
853 1140 940 1194 Cons-

126 1230 259 1299 tantiam,
277 1231 304 1285 in
319 1249 376 1303 qua
388 1231 542 1302 requiescit
554 1236 668 1286 sanetus
687 1232 865 1303 Epiphanius
879 1248 886 1285 z
902 1231 940 1285 ci-

125 1324 197 1378 vitas
212 1324 493 1395 pulchra,deliciosa,
510 1307 613 1380 ornata
627 1324 732 1397 palmis
748 1325 941 1396 dactylorum.

126 1417 235 1472 Deinde
244 1419 375 1473 venimus
386 1418 514 1489 partibus
525 1418 623 1490 Syriae,
638 1419 667 1472 in
677 1419 803 1473 insulam
816 1417 941 1474 Santari-

127 1527 175 1565 cus
186 1521 196 1546 ⁰
207 1510 243 1565 ad
249 1512 363 1582 Tyrum.
372 1514 443 1566 Tunc
453 1514 572 1567 uenimus
583 1512 784 1567 Thalamaidom
792 1513 941 1566 civitatem:

125 1605 214 1658 millia
223 1606 306 1659 seam
316 1604 669 1661 eastraSamaritanornmd
683 1605 843 1659 milliarino
857 1603 943 1671 Sapa-

126 1700 182 1751 mia
195 1698 244 1751 snb
262 1703 349 1752 monte
369 1700 499 1755 carmelo.
517 1700 604 1768 Super
622 1700 683 1768 ipsa
701 1701 792 1753 castra
813 1698 943 1752 milliario

125 1792 213 1854 semis,
228 1793 418 1845 monasterinm
430 1792 523 1846 alnei
532 1792 680 1861 propbeta,
693 1792 740 1845 nbi
752 1793 869 1846 occurrit
882 1807 941 1845 mn-

128 1884 381 1953 denominandam
404 1886 555 1946 suscitavit,
569 1887 599 1938 in
623 1887 709 1938 nnonle
732 1885 862 1942 carmelo.
887 1884 942 1938 lbi-

105 1977 184 2047 'que
211 1980 254 2031 est
275 1981 357 2047 petra
383 1977 497 2032 modica
516 1976 661 2031 rotunda·
680 1994 686 2031 :
702 1976 818 2048 quaudo
846 1993 943 2047 exagi-

128 2072 204 2123 tatur
218 2074 311 2138 sonat,
326 2069 394 2141 quia
403 2070 494 2125 solida
505 2072 557 2125 est.
572 2069 645 2124 Talis
656 2073 753 2124 aulem
764 2074 853 2140 petrae
870 2070 945 2125 illius

130 2161 361 2235 [Supplevirtus],
375 2167 406 2217 ut
419 2163 440 2217 si
452 2179 589 2234 suspensa
604 2163 691 2217 inerit
701 2163 815 2217 mulieri
830 2164 872 2217 vel
890 2163 940 2217 ali-

128 2256 174 2310 cui
188 2256 316 2322 animali,
328 2257 460 2327 jactnm⁰
477 2272 626 2328 nunquam
637 2255 722 2311 taoiet
738 2273 744 2310 :
760 2259 790 2310 et
805 2273 821 2310 o
833 2255 944 2310 civitate

34 2397 36 2400 Α
128 2365 154 2404 vi
167 2354 215 2404 aut
227 2366 265 2404 vn
275 2349 365 2404 millia
377 2353 522 2420 personat.

164 2445 190 2496 2.
205 2443 243 2496 ile
257 2443 442 2498 Tholomaida
455 2442 602 2497 maritima
616 2443 745 2497 venimus
765 2443 795 2495 in
809 2442 880 2496 fines
893 2444 945 2498 Ga·

128 2534 219 2603 lilaeae,
235 2533 264 2589 in
285 2536 426 2590 civitatem
449 2552 514 2608 quin
536 2540 651 2591 vocatur
670 2535 871 2591 Neocaesareaf
891 2553 897 2591 :
915 2536 944 2590 in

65 2652 68 2657 ·
130 2644 187 2701 qua
201 2628 384 2684 adoravimus
397 2630 524 2684 amulam
533 2633 562 2683 et
574 2629 754 2684 canistellum
765 2633 869 2684 sancta
887 2630 944 2685 lda-

128 2722 179 2777 riae
196 2721 243 2777 :in
258 2739 315 2794 quo
329 2723 392 2777 loco
410 2726 472 2777 erat
485 2722 621 2777 cathedra
633 2721 683 2776 ubi
696 2721 814 2776 sedebat
828 2721 944 2793 qnando

130 2815 237 2871 adeam
246 2817 365 2887 angelus
373 2816 517 2870 veniebat.
529 2815 639 2870 Deinde
652 2814 743 2869 millia
751 2814 805 2869 tria
813 2815 945 2870 venimus

127 2909 159 2964 in
173 2910 260 2977 Cana,
274 2909 470 2982 ubifibominns
492 2909 544 2963 tuit
562 2908 598 2963 ad
614 2908 728 2980 nuptias
745 2926 751 2962 ε
769 2912 798 2963 et
815 2909 946 2963 accubui-

130 3003 243 3057 masin
263 3003 325 3074 ipso
345 3001 485 3069 aceubitu,
504 3002 551 3057 ubi
567 3018 622 3073 ego
636 3002 773 3073 indignus
791 3008 945 3073 parentum

130 3111 263 3150 meorum
275 3096 393 3150 nomina
409 3095 516 3166 scripsi.
533 3096 571 3148 En
585 3088 688 3167 auibus
700 3095 809 3166 hydriae
825 3095 889 3150 duae
906 3096 945 3151 ibi

130 3193 206 3244 sunt.
223 3189 339 3260 Implevi
351 3205 425 3259 aqua
442 3192 552 3254 unam',
567 3189 710 3260 etprotuli
724 3205 757 3243 ei
772 3205 807 3243 ea
826 3189 942 3244 vinum:

130 3287 160 3338 et
174 3283 203 3337 in
217 3282 338 3338 humero
351 3284 467 3354 plenam
482 3282 582 3350 levavi,
598 3286 626 3337 et
649 3282 737 3337 obtuli
753 3283 790 3337 ad
805 3284 902 3350 altare,
917 3286 945 3337 et

129 3375 191 3449 ipso
205 3375 234 3430 in
246 3377 327 3431 fonte
337 3375 493 3431 lavavimus
506 3392 558 3446 pro
574 3375 787 3430 benedictione.

166 3520 239 3576 “ida
255 3522 445 3585 Tornaeense,
460 3520 562 3587 eollepa
580 3534 644 3583 sao;
670 3517 721 3572 sed
735 3522 815 3589 patet
829 3535 861 3574 en
880 3536 948 3574 eon·

131 3596 302 3674 tartunam.
319 3596 334 3645 7
370 3592 445 3672 lures
461 3608 477 3645 a
492 3590 629 3670 scriptore
640 3589 739 3670 induci
752 3589 842 3671 socios
865 3590 948 3645 itine-

92 3799 94 3802 .
131 3682 181 3774 ‘¹⁸1³
196 3663 323 3789 illinit·
342 3661 825 3812 tinniebat,bilbilim
846 3733 875 3784 n
894 3732 948 3810 ry.

131 3821 217 3876 prum
231 3803 290 3874 pari
302 3803 451 3856 intervallo
466 3802 571 3856 distare
588 3803 622 3856 ab
636 3802 717 3856 ltalia
733 3821 739 3857 :
755 3806 783 3856 et
797 3803 826 3856 in
838 3801 949 3872 Syriam

132 3875 250 3946 quidem
270 3877 348 3927 reeta
372 3872 454 3926 ituris
477 3873 778 3944 praeternavigandani
804 3876 947 3944 Cyprum;

133 3943 393 4013 Constantinoplim
407 3958 475 3997 vero
497 3943 551 3997 illis
569 3960 627 3997 non
650 3945 743 4014 inagis
758 3945 949 3998 necessariam

133 4033 195 4071 esse
209 4031 296 4087 quam
312 4014 449 4067 Bruxellae
464 4013 520 4067 sint
532 4015 558 4067 ei
574 4014 622 4083 qui
634 4015 796 4086 Aninerpiae
809 4018 948 4082 moratur,

133 4090 165 4142 ut
183 4085 317 4143 Gandavo
335 4085 443 4154 Bruges
453 4084 626 4155 perveniat?

168 4170 179 4199 0
198 4157 311 4213 Nullam
332 4155 368 4210 ad
385 4157 486 4225 aarum
510 4155 633 4209 insulam
651 4158 758 4209 norunt
777 4170 885 4227 geogra
907 4155 946 4223 hi,

133 4246 166 4285 ae
180 4246 216 4284 ne
231 4227 297 4282 alibi
314 4226 440 4307 quidem,
462 4243 525 4298 quae
549 4229 664 4281 vocetur
681 4228 833 4283 Santeri'cns
850 4173 949 4281 veini-

133 4301 196 4356 mili
208 4300 305 4371 aliquo
321 4314 448 4353 nomino.

168 4373 180 4413 d
196 4373 295 4427 Castra
308 4369 554 4424 Samaritanorum
568 4383 648 4439 aeqne
662 4367 769 4439 ignotae
785 4385 801 4422 a
822 4368 950 4438 pallatio·

133 4442 178 4498 nis
193 4444 269 4497 sunt.
284 4442 392 4497 Sunam
404 4443 510 4506 autem,
528 4438 573 4492 hie
589 4439 736 4511 Sugamia,
752 4383 830 4493 rimie
845 4439 950 4493 mulier

133 4512 291 4570 Sunamitis
314 4529 330 4566 x
352 4510 486 4565 milliaria
501 4510 617 4565 horaria
634 4513 664 4564 ut
685 4509 841 4565 minimum
864 4510 950 4564 distat

132 4582 322 4651 Ptolemaide,
352 4600 403 4637 nec
415 4580 529 4636 modice
549 4582 631 4636 abest
650 4597 667 4635 a
686 4586 785 4636 monte
807 4582 947 4650 Carmeia,

133 4657 235 4711 saltem
251 4671 285 4735 ea
300 4658 451 4734 parteque
464 4653 613 4722 prophetae
628 4651 784 4707 creduntur
794 4652 947 4707 habitasse.

992 1061 1056 1098 mus
1078 1043 1145 1098 inde
1158 1044 1297 1100 Vibilum¹
1312 1060 1395 1115 ,quoe
1409 1046 1438 1097 et
1453 1042 1513 1114 ipsa
1526 1041 1625 1096 civitas
1639 1055 1710 1094 eum
1723 1039 1807 1093 honn-

993 1139 1075 1193 nibus
1090 1137 1225 1192 subversa
1247 1139 1304 1199 esl;
1321 1139 1386 1207 post
1397 1137 1427 1190 in
1441 1135 1585 1190 civitatem
1596 1132 1682 1199 Toni,
1700 1148 1767 1202 quae
1785 1136 1808 1184 et

991 1231 1053 1303 ipsa
1077 1231 1212 1286 subversa
1242 1233 1295 1285 est.
1320 1229 1428 1284 Deinde
1457 1229 1591 1283 venimus
1614 1227 1646 1279 in
1672 1225 1810 1279 civitatem

991 1323 1254 1398 splendidissimam
1265 1322 1399 1394 Berytbo,
1412 1321 1441 1376 iu
1451 1337 1509 1393 qua
1519 1337 1614 1391 nuper
1625 1319 1685 1373 init
1691 1317 1811 1371 studium

990 1418 1154 1474 litterarum
1166 1417 1175 1470 i
1188 1460 1195 1483 ,
1210 1433 1274 1488 qua
1286 1416 1384 1471 civitas
1399 1415 1534 1470 subversa
1546 1413 1612 1482 tuit,
1630 1411 1748 1466 dicente
1770 1427 1813 1463 no

991 1512 1034 1566 bis
1045 1512 1181 1583 episcopo
1197 1509 1408 1581 civitatis‚{quia
1420 1508 1542 1579 cognitae
1553 1508 1678 1561 luerunt
1688 1519 1812 1575 persona

992 1604 1116 1676 exceptis
1129 1603 1300 1675 peregrinis,
1313 1617 1376 1673 quie
1390 1600 1431 1656 ibi
1445 1600 1603 1672 perierant.
1630 1600 1700 1668 lpsa
1721 1596 1811 1650 civitas

991 1698 1086 1770 posita
1099 1699 1143 1751 est
1158 1696 1209 1751 sub
1223 1698 1362 1751 montana
1376 1693 1486 1750 Libani.

1027 1836 1054 1890 l.
1067 1838 1089 1889 Α
1101 1834 1223 1906 Rerytho
1234 1833 1364 1888 venimus
1375 1831 1599 1903 Sidonem,'quae
1610 1833 1741 1902 exparte
1751 1829 1808 1883 ruit:

920 1976 925 1986 .
993 1932 1022 1982 et
1034 1927 1096 1999 ipsa
1109 1927 1238 1983 adhaeret
1248 1927 1363 1982 Libano.
1376 1925 1512 1981 Homines
1522 1924 1551 1979 in
1567 1941 1601 1979 ea
1611 1922 1745 1995 pessimi.
1760 1922 1807 1975 illic

954 2049 983 2122 B
996 2021 1084 2076 currit
1096 2019 1374 2093 ilnviushsclepiusk
1391 2020 1521 2086 :etlons,
1533 2017 1613 2072 unde
1631 2015 1737 2088 surgit,
1754 2020 1807 2068 slat.

995 2118 1032 2170 De
1042 2115 1141 2173 Sidone
1152 2117 1272 2170 venimus
1285 2115 1427 2185 sareptam
1449 2132 1458 2166 ε
1479 2127 1539 2182 qna
1552 2113 1655 2166 aloitas
1672 2109 1773 2164 modica
1789 2115 1809 2164 rt

994 2209 1073 2263 calda
1089 2209 1243 2267 Christiana
1255 2211 1294 2262 est
1305 2225 1313 2261 :
1324 2209 1353 2260 in
1364 2222 1419 2277 qna
1429 2210 1467 2260 est
1477 2205 1650 2260 cenaculum
1662 2202 1736 2257 illnd
1747 2203 1809 2272 qnid

994 2303 1099 2370 saetam
1121 2304 1213 2369 saecat
1230 2301 1307 2363 Elia,
1326 2305 1351 2354 et
1364 2301 1446 2355 lectas
1460 2299 1507 2353 abi
1520 2298 1659 2357 recubuit,
1685 2300 1711 2350 et
1729 2297 1810 2350 alian

994 2410 1158 2450 marmoreas
1175 2395 1222 2448 nbi
1245 2393 1330 2448 vidua
1347 2393 1398 2447 illa
1416 2393 1593 2459 fermentavit
1613 2410 1623 2444 :
1639 2393 1670 2444 in
1691 2404 1743 2459 qao
1762 2389 1809 2443 loco

994 2489 1080 2542 malla
1095 2488 1245 2558 offerantur
1257 2492 1282 2541 et
1296 2487 1388 2541 malta
1399 2488 1513 2540 virtutes
1527 2488 1608 2554 flant.
1623 2485 1768 2539 Exeuntes
1779 2481 1809 2535 de

995 2581 1115 2653 Sarepta
1130 2579 1261 2635 venimus
1269 2579 1299 2634 in
1315 2578 1460 2633 civitatem
1471 2579 1589 2648 Tyrum.
1601 2577 1710 2646 ATyro
1729 2592 1810 2646 usque

996 2675 1032 2729 ad
1046 2675 1197 2746 Sareptena
1209 2671 1345 2752 continue
1359 2671 1450 2727 millia
1459 2687 1495 2726 vn
1504 2673 1523 2724 ¹.
1540 2671 1633 2741 Tyrus
1650 2669 1752 2724 civitas
1765 2669 1811 2722 bo·

995 2767 1090 2822 mines
1109 2766 1196 2822 habet
1214 2769 1356 2839 potentes,
1377 2765 1435 2821 vita
1449 2764 1584 2838 pessima,
1600 2760 1812 2827 tamaianam,

996 2861 1073 2933 quod
1095 2860 1151 2916 dici
1176 2877 1235 2915 non
1250 2862 1361 2932 potest;
1378 2875 1513 2931 gynaecea
1531 2857 1661 2929 publica,
1678 2856 1812 2911 holoseri-

995 2972 1071 3022 cuni,
1086 2958 1114 3010 et
1128 2953 1240 3009 diversa
1254 2969 1364 3025 genera
1378 2953 1509 3008 telarum.

1031 3101 1056 3153 5.
1073 3100 1109 3151 nt
1126 3113 1193 3152 vero
1216 3096 1252 3151 de
1266 3098 1339 3168 Tyro
1362 3096 1493 3150 venimus
1511 3095 1540 3150 in
1562 3095 1715 3151 civitatem
1730 3092 1813 3148 Naza-

995 3190 1068 3256 reth,
1079 3189 1109 3243 in
1120 3206 1176 3260 qua
1184 3192 1251 3244 sunt
1261 3189 1358 3244 multae
1366 3188 1493 3243 virtutes.
1506 3189 1548 3244 lbi
1558 3192 1588 3243 et
1602 3187 1715 3260 pendet
1724 3191 1812 3241 lomus

994 3284 1024 3338 in
1047 3300 1103 3354 quo
1122 3282 1298 3338 Dominush
1318 3283 1338 3337 B
1356 3286 1375 3339 C
1390 3286 1400 3306 '
1417 3281 1517 3336 babuit
1541 3280 1714 3352 impositum
1726 3289 1745 3315 ¹¹
1762 3296 1769 3332 :
1785 3280 1811 3333 iii

955 3393 1053 3491 Cqua
1068 3378 1110 3431 est
1123 3391 1272 3448 synagoga
1287 3375 1388 3447 posita,
1403 3379 1431 3430 et
1447 3377 1524 3430 trabs
1537 3376 1587 3430 ubi
1600 3391 1669 3430 cum
1687 3373 1748 3429 aliis
1768 3390 1809 3426 se-

1000 3518 1052 3573 cde
1074 3517 1201 3573 divinare
1221 3518 1290 3590 quid
1312 3518 1481 3590 scriptorem
1499 3516 1635 3584 moverit,
1654 3519 1685 3570 nt
1708 3515 1811 3570 aCana

1000 3590 1132 3655 Galilaea,
1151 3588 1229 3644 unde
1251 3605 1337 3661 porro
1350 3605 1448 3644 versas
1466 3606 1545 3644 mare
1561 3588 1687 3643 Galilaea
1705 3591 1736 3642 et
1756 3588 1812 3640 loca

1000 3659 1102 3716 Christi
1129 3659 1334 3730 praedicatione
1359 3677 1391 3715 aa
1412 3660 1556 3715 miraculis
1574 3659 1701 3714 illustria
1723 3674 1812 3711 ascen-

1000 3733 1069 3786 dere
1085 3748 1148 3786 mos
1161 3731 1271 3785 terebat
1303 3733 1511 3803 eregrinorum,
1522 3730 1566 3785 vel
1579 3730 1619 3784 ad
1630 3728 1772 3784 Nazareth
1783 3744 1811 3781 ac

1000 3806 1130 3857 montem
1145 3801 1258 3856 Thabor
1274 3748 1440 3869 deflectere,
1461 3818 1528 3870 non,
1544 3802 1685 3882 inquam,
1699 3801 1813 3879 apparet

1021 3872 1070 3927 uid
1085 3889 1151 3927 eum
1165 3873 1287 3928 moverit
1300 3876 1358 3928 uta
1371 3874 1448 3928 Cana
1462 3873 1558 3927 flectat
1573 3874 1776 3926 narrationem
1786 3886 1811 3923 in

1000 3890 1121 3999 ganeam
1137 3943 1308 3999 milliaribus
1323 3946 1385 4025 plus
1401 3956 1489 4015 quam
1504 3961 1566 4010 xxx,
1582 3942 1622 3998 ad
1638 3942 1811 4014 perlustran-

1000 4016 1067 4070 dam
1077 4015 1220 4096 Phenieiae
1235 4015 1424 4082 maritanam,
1440 4014 1575 4086 aTripoli
1592 4029 1686 4085 usqne
1699 4014 1811 4084 iprum,

1000 4085 1397 4238 quffierilrirrietiriloiiipspliiiiigridi
1413 4154 1651 4211 annotastiniani
1659 4157 1712 4236 it,
1715 4154 1812 4210 Christi

999 4231 1051 4283 553
1075 4231 1210 4283 meminit
1229 4228 1375 4295 Beronins,
1391 4228 1528 4298 additque
1548 4242 1583 4280 ex
1602 4226 1741 4297 Agathia,
1760 4240 1814 4279 non

1000 4300 1087 4353 solam
1111 4299 1389 4370 Constantinopolim
1410 4298 1485 4353 toede
1503 4313 1688 4361 concussam,
1714 4296 1764 4351 sed
1786 4299 1813 4349 et

999 4370 1131 4441 regiones
1145 4369 1269 4425 Orientis
1283 4373 1312 4425 et
1323 4370 1449 4425 civitates
1463 4371 1523 4424 solo
1536 4372 1681 4439 aquatus,
1696 4371 1729 4422 ut
1744 4367 1813 4422 inter

999 4441 1070 4496 alias
1086 4441 1240 4512 Berytbum
1253 4441 1283 4495 in
1298 4441 1453 4496 Phoenicia.
1786 4453 1788 4455 '

1034 4515 1041 4552 ¹
1064 4511 1175 4566 Bihlum
1189 4511 1329 4583 intelligo,
1343 4511 1440 4567 media
1452 4511 1528 4565 inter
1542 4508 1685 4580 Tripolim
1699 4508 1813 4579 otssery·

999 4582 1082 4638 thnm
1096 4582 1155 4646 νίας
1170 4583 1220 4637 sed
1233 4584 1334 4638 Tanim
1349 4584 1458 4637 nnllam
1472 4579 1538 4636 novi
1553 4585 1637 4635 extra
1650 4582 1811 4653 AEgyptuni,

999 4670 1052 4708 nec
1062 4653 1174 4725 reperio
1188 4653 1346 4778 ‹pridquam
1361 4654 1440 4726 quod
1455 4652 1509 4707 huo
1522 4651 1641 4707 flectam
1652 4653 1686 4707 iu
1701 4653 1760 4707 tota
1774 4666 1812 4704 re

169 4727 295 4782 ‘’Nescio
321 4741 357 4778 an
375 4726 468 4794 Jactus
489 4723 607 4777 nornine
627 4724 764 4777 aborsum
782 4722 946 4846 intellipat:
998 4725 1054 4779 teri
1067 4740 1194 4796 geogrnp
1207 4742 1254 4779 iia.

133 4797 277 4854 modicam
291 4794 403 4865 concipi
418 4796 542 4865 oportet,
556 4810 620 4865 quie
633 4794 823 4865 suspendatur
834 4810 883 4847 niu
896 4783 1007 4856 ieriD·
1031 4795 1039 4848 i
1059 4797 1131 4852 Cum
1139 4796 1259 4851 stadium
1269 4796 1421 4851 litterarum
1428 4794 1502 4877 legis
1509 4794 1812 4866 proaoademi'a,aguo-

132 4870 177 4924 val
198 4868 316 4924 animali
338 4883 344 4920 :
364 4864 414 4919 sed
437 4881 520 4919 eausa
539 4865 699 4935 portentosi
721 4865 830 4920 sonitus
852 4864 945 4932 reddi,

133 4940 201 5012 quia
214 4938 305 4995 solida
320 4941 372 5004 est,
388 4940 449 4990 tam
464 4938 507 4990 est
520 4935 725 5007 incongruum,
740 4952 825 5006 quam
840 4935 863 4989 si
873 4936 949 4991 diea-

133 5015 181 5066 tur
193 5010 275 5065 facile
290 5007 406 5080 gestari,
422 5005 490 5078 quia
505 5005 617 5077 gravis:
632 5022 701 5061 nam
715 5009 749 5062 ut
763 5023 864 5060 sernum
878 5007 946 5063 rad·

135 5081 183 5135 dat
217 5085 288 5148 atra,
302 5095 401 5135 cavam
417 5094 478 5133 esse
492 5077 635 5145 convenit,
653 5093 710 5132 non
725 5076 858 5132 solidam.

168 5150 179 5191 f
197 5098 384 5205 heocaesarea
400 5149 523 5204 Galilaea
542 5150 620 5203 nulla
634 5152 687 5216 est,
703 5148 754 5202 sed
775 5148 804 5201 in
819 5150 948 5205 extrema

135 5220 224 5294 Syrie
237 5229 317 5291 parte
331 5221 367 5274 ad
380 5219 490 5275 radices
509 5219 594 5275 Tauri
607 5218 714 5274 montis
731 5236 796 5285 una,
813 5235 829 5272 a
844 5218 949 5272 tinibus

134 5293 257 5349 Galilaeae
274 5290 338 5361 plus
352 5307 439 5360 quarn
460 5308 475 5345 c
498 5290 669 5346 milliaribus
688 5290 807 5356 distans,
826 5289 875 5344 sed
896 5305 948 5343 nec

134 5366 296 5423 Caesaream
310 5361 443 5430 Philippi,
458 5361 495 5414 ad
510 5362 665 5418 tordanem
679 5362 763 5416 sitam
778 5361 808 5415 in
821 5360 947 5427 Galilaea,

133 5435 261 5508 cogitare
277 5432 323 5487 hie
339 5446 464 5500 congruo
478 5448 647 5502 possumus;
662 5432 748 5487 distat
763 5431 842 5487 enim
855 5448 871 5485 a
885 5433 948 5485 Pto-

133 5506 259 5563 lemaide
273 5502 359 5575 triplo
374 5500 487 5580 longius
498 5519 584 5573 quani
595 5504 684 5571 Cana,
700 5504 737 5558 ad
751 5520 838 5574 quain
852 5506 949 5557 tamen

135 5580 240 5634 ducere
256 5575 301 5629 hic
316 5574 497 5644 supponitur.

169 5648 306 5704 sColilur
324 5646 438 5699 sanetus
458 5642 592 5697 Leontius
613 5643 815 5697 celeberrimus
830 5648 949 5716 martyr,

133 5720 237 5792 Tripoli
248 5719 277 5772 in
291 5716 372 5791 Syria
407 5731 486 5769 assus
507 5715 538 5769 it
552 5713 638 5769 lunii.
653 5713 723 5767 liinc
739 5715 819 5769 facile
835 5719 878 5769 est
897 5733 950 5770 no-

124 5808 194 5848 uren
210 5790 297 5860 urbis,
313 5805 372 5864 quo
406 5786 562 5855 exciderat,
579 5783 729 5860 supplere,
746 5801 806 5841 non
823 5784 895 5841 item
908 5787 952 5842 ta-

997 4867 1050 4978 80ἷῗ
1059 4866 1813 5010 alabandinatitillantes-'ba

998 5009 1136 5065 Sidonem
1152 5012 1250 5064 autem
1262 5012 1292 5063 et
1309 5009 1413 5081 Tyrum
1428 5008 1601 5064 Eleutherus
1626 5006 1766 5073 decurrit,
1780 5021 1810 5060 ai

998 5080 1105 5135 Libano
1121 5078 1259 5134 defluens.

1034 5153 1041 5186 ¹
1057 5151 1134 5205 Licet
1153 5150 1336 5205 Placentinus
1350 5149 1386 5204 sit
1400 5148 1530 5229 scriptor,
1545 5148 1595 5218 qui
1609 5148 1738 5220 proinde
1757 5163 1811 5220 pos

999 5225 1042 5276 set
1057 5221 1180 5276 milliara
1198 5236 1351 5276 numerare
1370 5219 1560 5275 estimatione
1582 5219 1694 5286 italica,
1712 5224 1743 5274 ut
1765 5219 1810 5274 tn'a

999 5293 1188 5364 equivaleant
1208 5292 1258 5347 uni
1276 5293 1365 5346 leucae
1380 5289 1513 5363 horariae,
1526 5294 1650 5361 apparet
1671 5295 1771 5347 tamon
1783 5305 1810 5343 ex

998 5366 1059 5419 toto
1072 5363 1280 5433 contextuleum
1295 5378 1448 5417 numerare
1458 5360 1595 5416 milliaria
1604 5362 1738 5429 horaria,
1750 5362 1811 5416 sicin

999 5435 1088 5489 etiam
1102 5433 1211 5489 faciunt
1229 5433 1275 5490 alii
1290 5450 1389 5489 rerum
1401 5433 1432 5487 in
1444 5433 1530 5486 Terra
1544 5431 1654 5488 Sancto
1670 5436 1810 5504 gestando

1000 5505 1054 5560 scri
1076 5508 1162 5561 tores.

1036 5522 1145 5640 mpQuid
1166 5592 1235 5647 ergo
1259 5575 1294 5631 da
1313 5575 1424 5631 Christo
1440 5573 1633 5630 Nazarethani
1650 5572 1811 5645 quaerebant

1001 5647 1142 5772 (loan?vn)
1158 5665 1164 5703 :
1180 5647 1314 5714 Quomodo
1334 5649 1376 5701 lle
1396 5647 1501 5702 litteras
1522 5647 1583 5708 seit,
1599 5661 1662 5701 cam
1680 5661 1735 5701 non
1749 5643 1811 5699 didi·

1001 5720 1066 5774 cecil
