3878 6150
207 276 258 328 979
778 274 905 333 SAECULl
924 278 1019 333 sexu

206 382 286 439 simis
305 382 434 438 Ecclesiis
448 382 482 437 ad
496 379 614 436 invicem
626 380 804 439 immitteret.
823 386 857 440 Et
871 386 923 439 hoc
938 386 1022 441 etiam

206 494 224 534 a
238 477 357 549 sceptris
369 492 433 548 quae
454 480 518 530 ante
536 492 587 529 nos
600 475 717 531 luenrnt
730 481 827 532 contra
849 479 943 551 ipsum
958 481 1024 535 scri·

206 576 289 645 ptum
303 574 374 639 erat,
389 569 471 624 variis
492 569 658 641 dogmatum
678 575 707 624 et
727 587 744 625 a
767 572 938 628 rectitudine
959 573 1024 630 alie—

206 665 280 721 natis
293 662 439 720 baudibus
458 667 486 717 et
501 663 672 718 commentis
685 680 718 718 ac
733 664 918 737 blasphemiis
941 684 1024 722 usum

206 759 301 827 tuisse,
312 772 344 811 ac
354 757 484 811 universa
494 757 686 826 conturbasse,
695 762 723 812 et
733 757 813 813 illum
823 775 1023 831 quemcunque

207 866 331 908 errorem
351 849 582 906 abominabilium
595 851 847 907 haeresiarcharum
864 858 892 907 et
910 854 1021 925 iniquo·

207 961 271 1000 rum
286 946 452 1016 dogmatum
472 944 607 1015 recipere,
628 945 747 999 Nestorii
773 944 906 1016 dicimus,
929 951 957 1001 et
972 949 1024 1003 En·

205 1039 297 1111 tychis
303 1043 420 1108 ;etcum
428 1042 548 1108 uterque
556 1038 659 1093 horum
669 1043 880 1110 praeceptorum
890 1040 1023 1096 contrarii

207 1132 417 1205 quodammodo
431 1132 551 1188 invicem
564 1148 623 1186 esse
634 1132 792 1199 videantur,
806 1133 842 1188 ad
861 1150 949 1188 uuum
958 1151 1023 1190 vero

207 1225 360 1298 impietatis
377 1224 465 1279 finem
487 1225 621 1291 tendant,
640 1225 724 1279 etiam
738 1225 853 1291 illorum
867 1227 1024 1299 divulgatos

207 1337 364 1389 sermones,
380 1336 445 1375 eom
468 1320 497 1374 in
520 1335 611 1374 unum
630 1319 804 1375 formavisse.
820 1320 933 1375 Duobus
947 1321 1024 1376 enim

207 1414 392 1470 existentibus
405 1413 583 1485 dogmatibus
604 1414 639 1467 ad
654 1413 774 1468 invicem
788 1414 1022 1486 repugnantibus,

207 1530 328 1585 quorum
342 1519 495 1583 utrumque
514 1511 645 1566 similiter
656 1511 692 1565 ad
712 1511 815 1566 animae
835 1512 1023 1583 perditionem

207 1606 332 1676 adducit,
355 1605 475 1661 Nestorii
494 1605 623 1660 videlicet
636 1611 664 1660 et
682 1605 814 1677 Eutychis
827 1605 1022 1678 (quemadmo-

207 1701 276 1756 dum
285 1699 402 1756 diceudo
413 1699 598 1768 narravimus)
609 1699 659 1770 qui
671 1716 706 1754 cx
720 1700 890 1754 Asianorum
904 1704 933 1754 et
941 1700 1024 1771 Apol-

1038 275 1314 337 SUPPLEMENTUM.
1841 295 1891 346 980

1033 396 1127 470 Arate
1148 390 1304 466 ἁγιωτάταις
1325 391 1467 458 ἐκκλησίαις
1485 396 1601 471 ἐμθαλιίν
1622 404 1687 475 πρός
1710 398 1824 462 άλληλας
1842 408 1890 454 πό·

1073 482 1157 556 λιμόν,
1185 491 1229 539 καί
1251 494 1328 541 τοῦτο
1354 493 1396 541 καί
1418 499 1471 551 τοῖς
1492 497 1542 566 πρό
1565 494 1635 566 ὑμῶν
1664 500 1807 570 σκήπτροις
1830 503 1890 571 πρός

1073 575 1150 629 αὑτὸν
1173 581 1322 655 γεγράφθαι,
1339 581 1465 644 ποικίλαις
1485 588 1530 657 μὲν
1555 582 1690 660 δογμάτων
1712 593 1756 642 καί
1780 587 1891 648 ἀπηλλο-

1072 674 1221 744 τριωμέναις
1234 681 1279 733 τῆς
1301 674 1433 748 ὀρθότητος
1447 683 1585 751 περινοίαις
1598 698 1636 742 τι,
1653 686 1697 733 καί
1716 681 1889 756 βλασφημίαις

1073 765 1247 835 χρησάμενον,
1272 763 1375 820 ἅπαντα
1393 762 1421 820 δέ
1440 772 1646 847 συνταράξαντα,
1668 779 1712 826 καί
1736 781 1816 847 μόνον
1842 785 1888 830 τίικ

1072 861 1116 914 τῆς
1139 856 1258 930 ἐκατέρου
1291 866 1341 910 τῶν
1369 860 1543 935 αἱρεσιαρχὼν
1565 863 1660 926 πλάνης
1688 863 1823 942 βδελυρῶν
1852 888 1888 934 τε,

1073 951 1116 998 καί
1138 944 1247 1001 ἀνοσίων
1269 946 1403 1025 δογμάτων
1424 951 1605 1027 ἀντεχόμενον,
1628 943 1774 1033 Νεστορίου
1795 979 1834 1026 τε,
1851 968 1892 1014 καί

1074 1038 1216 1111 Είιτυχοῡς,
1245 1048 1287 1095 καὶ
1311 1051 1361 1097 τῶν
1391 1046 1510 1120 ἐκατέρου
1532 1051 1629 1102 τούτων
1657 1053 1840 1124 καθηγεμόνων
1869 1054 1893 1117 ἐξ

1073 1129 1189 1194 ἐναντίας
1207 1138 1253 1206 μίν
1273 1156 1326 1197 πως
1341 1132 1406 1189 εἶναι
1426 1134 1568 1192 δοκούντων
1588 1140 1716 1215 ἀλληλοις,
1737 1144 1843 1219 πρὸςέν
1865 1144 1893 1200 δέ

1072 1223 1141 1285 τέλος
1163 1233 1207 1286 τῆς
1228 1224 1344 1290 ἀσεόείας
1366 1229 1544 1304 ἐπειγομένων,
1568 1240 1611 1286 καί
1631 1241 1690 1296 τοὺς
1712 1236 1815 1289 ἐκείνων
1837 1259 1892 1309 χα-

1073 1324 1283 1392 ρακτηριστικοὺς
1295 1320 1505 1396 ἐντυπωσάμενον
1528 1325 1625 1398 λόγους.
1646 1333 1723 1382 Δυοίν
1737 1334 1792 1405 γάρ
1814 1335 1892 1384 όντων

1074 1407 1192 1463 ἐναντίων
1219 1409 1333 1474 ἀλληλοις
1361 1411 1513 1489 δογμάτων,
1539 1421 1573 1470 ὧν
1597 1421 1716 1497 ἐκατερον
1746 1415 1840 1497 ὁμοίως
1863 1426 1893 1486 εἰς

1072 1500 1185 1574 ψυχικὴν
1208 1503 1335 1560 ἀπώλειαν
1359 1510 1425 1581 ἄγει,
1451 1516 1496 1563 τοῦ
1518 1518 1670 1588 Νεστορίου,
1686 1523 1734 1569 τοῦ
1757 1536 1788 1570 τε
1813 1519 1892 1571 Ebru-

1072 1603 1146 1666 χοῦς,
1161 1598 1274 1673 καθάπερ
1291 1599 1401 1662 εἰπόντες
1421 1604 1536 1676 ἐφθημεν,
1553 1604 1618 1680 άπερ
1633 1606 1661 1659 ἐκ
1678 1616 1729 1660 τῶν
1748 1615 1889 1683 Ἀριιανίω,

1072 1694 1178 1742 καὶτῶν
1195 1690 1370 1767 Ἀπολιναρίου
1389 1699 1500 1755 συνίστη
1512 1703 1678 1770 μιασμάτων,
1696 1700 1776 1762 αιίτός
1798 1723 1826 1756 τι
1842 1725 1889 1757 πα-

205 1794 299 1850 lirani
313 1793 480 1865 contagione
494 1793 649 1848 consistunt
658 1811 666 1862 ;
681 1793 741 1864 ipse
755 1793 931 1865 paradoxum
955 1777 1061 1865 quidB
1073 1779 1178 1858 Ράδθξον
1194 1786 1293 1852 παθὼν,
1312 1789 1401 1859 ὁμοίως
1422 1790 1455 1850 εἰς
1480 1790 1595 1866 ἑκάτερον
1615 1791 1779 1865 ἐμπέπτωκε.
1799 1802 1846 1849 Καὶ
1858 1807 1889 1871 τῇ

121 1895 127 1903 ’
206 1903 355 1959 perpessus
368 1887 397 1941 in
416 1892 571 1959 auramque
585 1886 716 1941 similiter
729 1887 830 1941 incidit
843 1903 850 1941 :
866 1889 895 1942 et
907 1887 946 1941 ibi
958 1887 1022 1958 qui·

207 1981 273 2037 dem
288 1981 358 2036 illud
371 1980 519 2049 mittendo,
533 1980 657 2051 seipsum
672 1985 700 2035 et
712 1997 858 2035 sermones
872 1997 936 2035 suos
949 1981 1024 2035 visus

207 2081 249 2131 est
267 2075 442 2130 constituisse
472 2091 623 2129 commune
644 2075 852 2145 receptaculum
878 2078 1024 2129 tantorum

207 2169 383 2224 delictorum.
406 2167 447 2223 Sit
467 2167 563 2238 itaque
576 2167 677 2239 etipse
692 2168 744 2222 sub
759 2167 892 2238 praedicto
908 2169 1025 2222 anathe-

205 2263 346 2330 matismo,
360 2277 446 2332 quem
461 2260 608 2315 universus
622 2260 826 2332 patriarchalis,
845 2261 1022 2332 pontificalis,

206 2371 238 2410 ac
253 2354 434 2410 monachicus
454 2359 568 2424 nostroe,
585 2359 616 2408 ut
638 2355 678 2408 ita
700 2355 836 2422 dicamus,
863 2355 1025 2425 reipublicae

208 2452 295 2504 coetus
304 2449 379 2519 juste
392 2447 422 2502 in
437 2448 530 2518 ipsum
550 2447 679 2502 induxit:
696 2448 731 2502 de
744 2447 948 2518 Theopolitaua
960 2448 1024 2519 qui-

207 2543 273 2598 dem
296 2541 419 2597 Ecclesia
443 2540 556 2612 ejectus,
584 2540 690 2596 idcireo
708 2542 783 2613 quod
808 2543 927 2596 thronus
950 2541 1025 2596 illins

205 2636 299 2709 ipsum
319 2634 448 2702 removit,
472 2635 601 2706 eoquod
624 2635 712 2706 ipsius
736 2635 925 2707 principatum
950 2641 1025 2691 recte

205 2746 262 2785 nou
275 2731 429 2800 acceperat,
445 2729 493 2783 sed
512 2729 605 2784 adhuc
622 2728 734 2784 vivente
754 2744 797 2798 eo,
819 2733 847 2782 et
861 2729 890 2783 in
909 2729 1023 2783 sanctis·

205 2823 284 2878 simis
303 2822 431 2878 Ecclesiis
452 2825 686 2891 commemorato,
705 2822 754 2894 qui
775 2826 841 2877 ante
863 2822 956 2893 ipsum
980 2839 1024 2877 sa·

206 2917 364 2972 cordolium
378 2916 517 2985 habebat,
537 2921 565 2971 et
584 2920 700 2986 propter
711 2932 776 2971 eum
789 2916 839 2987 qui
853 2920 918 2988 post
931 2917 1026 2987 ipsum

207 3009 270 3078 luit,
297 3008 332 3063 de
347 3009 501 3064 sacerdotio
521 3008 673 3064 exciderat.
694 3009 748 3063 Nec
773 3025 839 3063 vcro
860 3025 1026 3081 progressus

207 3102 264 3156 huc
276 3118 366 3173 nsque
380 3102 512 3170 substitit,
533 3101 580 3155 sed
593 3105 621 3155 et
634 3100 685 3154 sub
701 3102 846 3156 communi
859 3102 1025 3158 orthodoxas

207 3212 239 3250 ao
254 3194 400 3250 catholicas
413 3195 541 3249 Ecclesiae
556 3194 793 3249 anathematismo
802 3195 920 3266 positus,
929 3197 1025 3251 multis

1072 1880 1117 1948 μέν
1132 1882 1218 1944 τοῦτο,
1238 1887 1274 1950 τῇ
1291 1874 1318 1932 δὲ
1338 1879 1415 1933 ἐκεῖνο
1429 1882 1584 1957 πρεσβεύων,
1602 1891 1686 1938 κοινόν
1702 1885 1776 1951 ἔδοξε
1795 1886 1888 1960 δοχεῑον

1073 1966 1161 2018 ἐαυτὸν
1182 1984 1209 2019 τε
1230 1973 1273 2019 καί
1296 1973 1353 2030 τοὺς
1367 1971 1448 2025 αὐτοῦ
1463 1972 1549 2046 λόγους
1564 1983 1614 2027 τῶν
1634 1978 1796 2035 τηλικούτων
1810 1981 1887 2053 πλημ-

1073 2057 1222 2130 μελημάτων
1238 2069 1410 2120 καταστῆσαι.
1432 2068 1515 2116 Ἔστω
1535 2071 1621 2118 τοίνυν
1637 2072 1681 2120 καί
1696 2068 1776 2130 αὑτός
1790 2075 1839 2124 ὑπὸ
1851 2077 1886 2124 τόν

1074 2150 1202 2226 εἰρημένον
1217 2150 1433 2227 ἀναθεματισμόν,
1459 2155 1486 2208 ὃν
1502 2157 1572 2210 ἅπαν
1595 2165 1624 2212 τό
1643 2171 1840 2236 πατριαρχικόν
1854 2183 1885 2227 τι,

1074 2248 1117 2296 καὶ
1139 2245 1273 2318 ἱερατικὸν,
1294 2252 1337 2298 καί
1357 2254 1498 2320 μουαχικὸν
1522 2259 1566 2310 τῆς
1590 2255 1725 2327 ἡμετέρας,
1751 2259 1785 2315 ὡς
1805 2257 1884 2321 εἰπεῖν,

1074 2334 1201 2398 πολιτείας
1221 2346 1315 2410 σχῆμα
1330 2334 1433 2400 δικαίως
1448 2339 1572 2415 ἐπήγαγεν
1588 2344 1669 2415 αυτῷ,
1687 2354 1733 2407 τῆς
1750 2352 1798 2420 μὲν
1811 2356 1885 2401 Θεαι-

1074 2427 1183 2480 πολιτῶν
1208 2426 1392 2502 ἐκθεόλημίνος,
1417 2427 1484 2486 διότι
1507 2453 1555 2508 περ
1579 2437 1658 2489 αὺτὸν
1685 2440 1698 2491 ό
1723 2436 1784 2492 κατ’
1802 2439 1886 2498 ἐκείνην

1074 2517 1230 2574 ἀπεσείσατο
1254 2523 1350 2596 θρόνος,
1379 2525 1420 2576 οἷα
1447 2523 1510 2598 μηδὲ
1535 2534 1580 2585 τὴν
1604 2526 1692 2603 ἀρχὴν
1719 2532 1798 2606 ὀρθῶς
1820 2535 1887 2594 αἰτίς

1075 2611 1265 2687 ἐπειλημμένον,
1288 2611 1344 2667 αλλ’
1355 2619 1394 2668 ἔτι
1409 2622 1500 2680 ζῶντός
1514 2639 1541 2672 τε
1560 2620 1645 2674 καὶέν
1666 2633 1724 2685 ταῖς
1742 2625 1887 2698 ἁγιωτάταις

1075 2703 1217 2767 ἐκκλησίαις
1237 2696 1484 2782 ἀνακηρυττομένου,
1510 2720 1555 2764 τοῦ
1579 2718 1630 2789 πρό
1652 2715 1735 2769 αὑτοῦ
1758 2723 1803 2777 την
1826 2721 1886 2792 seps

1075 2802 1153 2857 σύνην
1175 2798 1324 2871 ἐσχηκότος,
1346 2805 1418 2876 παρά
1434 2799 1461 2856 δέ
1476 2811 1520 2857 τοῦ
1535 2802 1592 2878 μετ’
1604 2807 1684 2860 αὐτόν
1701 2818 1747 2870 της
1763 2813 1886 2884 ίερωσίνης

1075 2889 1280 2952 ἐκπεπτωκότος·
1305 2889 1334 2948 οὗ
1351 2898 1452 2948 στάντα
1472 2892 1500 2949 δὲ
1520 2901 1599 2973 μέχρι
1619 2904 1715 2953 τούτου
1736 2908 1822 2975 μόνον,
1838 2899 1885 2955 ἀλλ’

1074 2978 1122 3041 ἤδη
1146 2988 1189 3036 καί
1211 2986 1261 3039 ὑπὸ
1284 2993 1365 3040 κοινόν
1393 2985 1599 3063 ἀναθεματισμόν
1624 3001 1669 3053 τῆς
1693 2992 1828 3069 όρθοδόξον
1850 2999 1886 3047 κεί

1075 3080 1207 3142 καθολικῆς
1222 3081 1354 3145 ἐκκλησίας
1371 3090 1515 3159 γενόμενον,
1531 3094 1575 3140 καί
1589 3089 1691 3143 πολλῶν
1705 3094 1767 3164 ἧμιν
1779 3091 1883 3167 βιβλίων,

1036 3150 1063 3225 C
1075 3170 1231 3247 βλασφήμων
1251 3193 1289 3242 τε,
1307 3181 1349 3229 καί
1373 3175 1583 3253 ἀπηγορευμένων
1606 3181 1779 3254 ἐμπλήσαντα
1796 3192 1824 3239 τὸ
1843 3206 1884 3239 το-

206 3288 542 3360 libris,blasphemiisque
554 3291 582 3342 et
594 3287 851 3343 abominationibus
862 3288 942 3343 nobis
954 3306 1025 3345 rem·
1075 3261 1190 3336 mim·
1219 3267 1300 3319 'Q‘
1324 3272 1366 3320 καὶ
1388 3266 1578 3346 ἀπαίοθεύθθίν
1600 3272 1687 3328 ἅπασί
1706 3285 1757 3329 ²³¹*
1778 3272 1852 3332 “5³⁰⁵
1865 3297 1886 3329 π

206 3383 351 3455 publicam
385 3382 521 3453 implevit.
547 3380 640 3445 Quare
669 3380 806 3436 universis
831 3381 1026 3439 interdicimus
1075 3358 1210 3414 κεκτῆσθαι
1232 3357 1347 3432 mm·
1367 3367 1416 3414 Καί
1435 3363 1522 3438 ὧσπῑθ
1537 3360 1581 3420 ⁰5²
1601 3365 1687 3430 ἔξεστι
1702 3371 1737 3423 τὰ
1757 3376 1885 3445 Nemesis-1

206 3476 312 3548 aliquid
326 3476 360 3531 do
375 3474 454 3530 libris
475 3474 564 3547 ipsius
584 3475 739 3546 possidere.
755 3477 789 3531 Et
807 3474 878 3530 sicut
891 3493 948 3531 non
961 3477 1025 3532 licet
1074 3451 1189 3556 ῪΡΨἫ
1206 3450 1221 3508 ἦ
1242 3453 1378 3558 {wlff
1401 3453 1498 3528 θῑθλίαι
1517 3452 1583 3510 δώῃ
1598 3469 1651 3520 ²⁰²³
1665 3467 1720 3536 '‘Pl'’
1735 3466 1803 3536 ἡμῶν
1819 3460 1886 3516 ²3⁷*

207 3570 328 3625 Nestorii
346 3568 432 3624 libros
453 3568 587 3636 seribere,
602 3569 646 3624 vel
663 3569 810 3641 possidere
827 3570 901 3641 (quia
914 3570 1023 3642 praede·
1075 3560 1224 3652 '‘millu'’
1242 3561 1266 3595 ‘¹'
1292 3553 1347 3607 ταῖς
1368 3547 1462 3600 ἑαυτὼ
1485 3544 1644 3619 δίατάξωθ»
1665 3550 1739 3619 ἔδοξ’
1756 3565 1807 3617 ‘⁰²³
1824 3560 1886 3632 Μεθ’

208 3662 363 3719 cessoribus
375 3662 480 3717 nostris
501 3661 722 3733 imperatoribus
734 3663 762 3717 iu
777 3662 834 3717 suis
847 3664 1024 3718 constitutio·
1075 3639 1217 3740 Ποίίυξωυ
1241 3639 1307 3690 κατὰ
1327 3644 1489 3714 xlmam
1512 3642 1651 3718 ⁵h⁰ll⁴³l⁰¹³
1669 3647 1748 3720 ⁰⁹l²⁰²⁰¹
1766 3651 1886 3703 adseri-

208 3756 292 3810 nihus
311 3755 404 3810 risum
426 3760 469 3810 est
489 3759 613 3810 statuere
635 3755 738 3810 similia
759 3756 803 3810 his
823 3772 887 3828 quaa
911 3757 985 3812 dicta
999 3762 1027 3812 et
1076 3745 1128 3792 '⁰¹²’
1146 3747 1211 3779 ⁰⁰⁷&
1224 3733 1288 3800 μήτ’
1301 3733 1335 3784 τὰ
1355 3737 1454 3808 broepp
1468 3735 1576 3809 θθθίπα
1589 3756 1628 3804 ³⁸2
1645 3744 1691 3791 καὶ
1712 3746 1837 3817 ypoepbra
1849 3761 1886 3813 pr-

208 3850 312 3919 eoripta
337 3853 403 3903 sunt
422 3865 439 3902 a
463 3848 618 3919 Porphyrio
639 3849 669 3902 in
690 3849 886 3920 Christianos),
911 3851 949 3906 sic
974 3868 1026 3906 nec
1076 3823 1220 3896 strarapd
1234 3843 1286 3875 τω
1299 3829 1457 3898 “immi”
1476 3824 1533 3882 ἀλλ’
1550 3832 1617 3883 ‘'⁹³⁸‘'
1632 3827 1742 3905 peste,
1759 3842 1802 3888 καὶ
1815 3834 1886 3888 ἀθί-

209 3941 284 3996 dicta
296 3944 324 3996 et
337 3940 441 4012 scripta
453 3940 548 3996 Severi
561 3947 697 3997 maneant
712 3959 798 4013 penes
807 3944 930 4014 aliquem
945 3946 1024 4000 Chri·
1075 3931 1135 3986 τρια
1154 3921 1198 3974 τῆς
1219 3916 1349 3977 ‘Mal‘
1372 3917 1513 3988 ἑκκέησίαςι
1539 3928 1603 3997 ’'³³9‘'
1626 3943 1653 3979 τ’
1678 3927 1806 4000 θλθίίσθω
1824 3932 1886 4002 παίθ

209 4034 343 4102 stianum,
360 4033 408 4089 sed
427 4033 483 4087 sint
497 4034 617 4104 prolana
639 4039 666 4089 et
684 4036 775 4090 aliena
793 4036 828 4090 ab
846 4038 967 4092 Ecclesia
984 4055 1026 4092 ca·
1076 4013 1125 4112 pao
1144 4013 1311 4081 κ’κτημὲνωνι
1330 4011 1352 4063 εἰ
1375 4019 1410 4084 μὴ
1431 4013 1567 4086 βούλονταί
1592 4013 1750 4072 mmmm
1774 4024 1887 4074 &im

208 4127 323 4197 tholica,
341 4127 464 4198 igneque
479 4126 711 4181 comburantura
731 4128 1026 4200 possidentibus,nisi
1076 4116 1188 4167 ‘zm'
1216 4103 1351 4175 ΓΡαῬίσθω
1378 4122 1405 4155 ³⁵
1428 4107 1500 4180 παθὰ
1522 4103 1629 4178 limi
1652 4114 1684 4162 τὸ
1709 4112 1807 4179 λοιπὸν)
1830 4110 1885 4187 peda

208 4221 331 4295 quiipsa
345 4221 460 4289 habeut,
485 4220 573 4275 velint
594 4220 754 4291 periculum
769 4223 836 4294 pati.
865 4226 887 4277 Α
912 4225 1026 4280 nemine
1076 4197 1125 4241 τὼ
1154 4190 1187 4252 ⁸³³
1209 4191 1307 4259 “4³²⁰‘’
1332 4191 1396 4267 padi
1417 4205 1466 4248 τῶν
1487 4197 1520 4258 *ῖς
1543 4203 1625 4270 τάχος
1648 4210 1811 4276 γραφόντων,
1831 4202 1887 4278 μηδι

209 4332 277 4388 ergo
299 4315 467 4382 scribantur,
492 4330 585 4385 neque
605 4314 640 4369 ad
660 4315 918 4386 pulchritudinem,
933 4334 1027 4390 neque

209 4409 245 4464 ad
260 4409 438 4464 velocitatem
451 4407 646 4479 scribentium,
658 4409 773 4464 sciendo
790 4410 856 4481 quia
869 4412 1027 4482 amputatio

209 4519 310 4557 manus
324 4502 367 4557 his
391 4502 441 4574 qui
466 4500 571 4574 scripta
585 4502 645 4572 ejus
667 4503 838 4574 scripserint,
860 4521 945 4576 poena
962 4506 1026 4560 erit.

209 4594 304 4667 Neque
319 4595 396 4650 euim
409 4594 539 4651 volumus
559 4595 588 4648 in
604 4595 699 4649 tuturo
715 4600 844 4668 ternpore
856 4614 891 4652 ex
906 4596 961 4653 illis
972 4598 1028 4653 bla-
1084 4650 1091 4668 ‚

209 4688 368 4760 aphamiam
379 4688 515 4759 protrahi.
531 4687 668 4743 Similiter
679 4692 775 4744 autem
789 4694 817 4745 et
832 4690 898 4745 huic
913 4691 1029 4747 interdi-

209 4783 300 4839 cimus
315 4781 431 4838 omnino
454 4781 562 4854 regiam
583 4781 723 4837 civitatem
736 4783 857 4855 ingredi,
873 4790 922 4840 aut
936 4785 1029 4840 distri-

210 4881 288 4932 ctum
302 4876 373 4948 ejus,
388 4892 440 4930 nec
454 4874 579 4947 aliquam
593 4875 678 4930 eliam
692 4875 726 4930 de
741 4876 918 4948 insignibus,
934 4879 983 4933 sed
998 4878 1028 4933 in

210 4970 305 5042 aliqua
323 4969 473 5025 solitudine
493 4973 521 5024 et
541 4969 571 5023 in
588 4969 700 5025 silentio
715 4970 822 5033 sedere,
839 4975 868 5025 ct
886 4987 945 5026 non
965 4989 1026 5026 cor·

211 5080 344 5135 rumpere
358 5068 484 5134 caeteros,
498 5079 592 5135 neque
611 5063 641 5118 in
657 5063 865 5136 blasphemiam
888 5065 963 5137 ipsos
978 5066 1026 5121 ad-

211 5156 323 5226 ducere,
338 5159 367 5212 et
380 5172 438 5212 non
450 5173 564 5230 semper
575 5157 683 5229 aliquid
698 5157 763 5212 novi
778 5156 906 5212 invenire
930 5163 1028 5215 eontra

210 5266 279 5305 vera
301 5250 445 5323 dogmata,
471 5267 522 5323 per
543 5251 619 5324 quod
639 5267 738 5306 rursus
752 5251 835 5306 nobis
858 5253 1026 5308 conturbare

210 5343 398 5400 sanctissimas
411 5344 545 5400 Ecclesiae
558 5344 681 5402 festinet.

246 5441 309 5496 Cer.
328 5439 359 5493 ll.
381 5469 415 5480 -
433 5438 562 5496 Sedsnec
576 5440 691 5497 Petrum
709 5439 872 5512 episcopum
884 5438 1026 5512 Apamia,

211 5532 335 5588 etsimul
358 5533 393 5588 ab
413 5532 490 5604 ipsis,
512 5550 529 5587 a
550 5532 652 5606 quibus
669 5533 802 5604 Severus,
826 5533 878 5588 sub
893 5533 1028 5606 praedicto

210 5627 391 5682 anathemate
408 5625 544 5698 positum,
570 5626 725 5697 imperium
744 5626 885 5698 admittit,
902 5627 950 5683 sed
973 5628 1030 5682 sint

203 5719 294 5776 valida
310 5737 377 5795 quse
395 5724 497 5778 contre
518 5719 614 5794 ipsum
631 5718 711 5775 luere
732 5725 844 5776 statuta.
866 5723 900 5777 Et
912 5722 962 5794 qui
976 5722 1028 5777 sub

159 5868 170 5879 ,
190 5816 345 5870 communi
357 5816 606 5877 anathematismo
620 5816 731 5893 positus
744 5819 799 5887 ost,
816 5815 869 5872 sub
882 5816 945 5890 ipso
959 5820 1035 5886 esu,

1076 4281 1155 4335 ἄλλον
1176 4288 1243 4345 τινός
1270 4294 1320 4338 τῶν
1345 4290 1458 4360 πάντων,
1482 4285 1574 4352 εἰδότος
1600 4295 1633 4354 ὡς
1663 4293 1786 4357 ἀποκοπή
1812 4304 1887 4373 χειρός

1076 4376 1151 4428 ἔσται
1165 4385 1216 4437 τοῖς
1231 4380 1264 4430 τά
1285 4377 1379 4433 ἐκείνου
1393 4386 1532 4457 γράφουσιν
1546 4387 1562 4444 η’
1576 4391 1665 4446 ποινή.
1683 4385 1751 4444 otti
1765 4393 1815 4466 γάρ
1831 4391 1886 4465 βου·

1078 4467 1171 4541 λόμεθα
1185 4475 1227 4522 καί
1249 4479 1284 4542 τῷ
1298 4471 1436 4546 λειπομένῳ
1456 4480 1545 4551 χρόνῳ
1569 4482 1616 4536 την
1638 4478 1667 4542 ίξ
1689 4479 1790 4535 ἐκείνων
1806 4483 1885 4538 iscri-

1078 4562 1166 4636 ρισθαι
1188 4561 1362 4637 βλασφημίαν.
1381 4571 1484 4640 Ὁμοίως
1502 4564 1529 4620 δέ
1556 4565 1588 4628 δὴ
1607 4575 1651 4623 καί
1667 4580 1761 4628 τοῦτον
1775 4581 1886 4634 παντοίως

1077 4658 1266 4731 απαγορεύομιν
1282 4665 1325 4718 τῆς
1346 4655 1478 4732 βασιλίδος
1493 4659 1630 4714 ἐπιόαίνιιν
1655 4665 1754 4729 πόλεως
1769 4669 1784 4727 ἐ
1805 4688 1886 4743 περιοι-

1078 4742 1145 4807 κίδος
1167 4742 1254 4813 αὗτης,
1270 4749 1346 4810 ἄλλης
1366 4769 1393 4803 τε
1412 4759 1462 4804 τῶν
1486 4751 1622 4807 ἐπιθαίνειν
1647 4758 1747 4821 πόλεως
1765 4761 1781 4818 ἢ
1800 4780 1884 4834 repros-

1078 4836 1146 4901 κίδος
1166 4836 1254 4907 adres,
1274 4842 1350 4904 ἄλλης
1373 4863 1400 4896 τε
1420 4852 1470 4897 τῶν
1493 4843 1687 4925 ἐπισημοτέρων
1706 4857 1787 4919 τινός,
1802 4850 1884 4906 ἀλλ’ἐν

1078 4929 1169 5006 ἐρημία
1193 4937 1254 4999 τινί,
1279 4937 1322 4986 καὶ
1345 4936 1445 5007 ἡσυχίᾳ
1468 4937 1603 5007 καθῆσθαι,
1624 4947 1670 4993 καί
1691 4948 1727 5016 μη
1749 4941 1884 5018 διαφθείρειν

1078 5023 1185 5097 ἐτέρους,
1216 5020 1280 5097 μηδὲ
1307 5024 1340 5086 είς
1363 5025 1528 5100 βλασφημίαν
1552 5024 1646 5092 αὖτοὺς
1673 5038 1809 5108 προάγειν,
1832 5029 1884 5108 μηδι

1077 5111 1117 5168 ἀεί
1132 5135 1158 5168 τι
1172 5121 1257 5170 καινόν
1272 5114 1423 5193 ἐξευρίσκειν
1438 5121 1504 5173 κατά
1518 5129 1567 5173 τῶν
1583 5119 1685 5182 ἀληθῶν
1702 5122 1846 5200 δογμάτων,
1857 5122 1885 5177 δι’

1079 5206 1107 5259 οὔ
1131 5208 1209 5262 πάλιν
1238 5211 1297 5282 ημῖν
1326 5211 1484 5286 συνταράξαι
1510 5215 1556 5273 τὰς
1589 5213 1741 5287 ἁγιωτάτας
1769 5218 1884 5276 intrata
1911 5212 1914 5217 ⁴

1078 5319 1221 5354 σπευσειεν.

1118 5429 1156 5490 Οὗ
1170 5440 1220 5508 μην
1235 5431 1293 5492 etot
1316 5441 1410 5513 Πίερον
1423 5441 1467 5492 τόν
1484 5444 1620 5515 Ἀπαμείας
1634 5449 1773 5520 γενόμενον
1795 5445 1883 5501 ἐπίσκο-

1077 5548 1136 5595 πον,
1154 5534 1196 5582 καί
1216 5527 1271 5602 ἅμα
1291 5534 1337 5603 μίν
1359 5533 1539 5608 καθηρημένον,
1557 5533 1613 5610 ἄμα
1632 5531 1663 5590 δέ
1682 5538 1724 5593 ἐπί
1747 5548 1801 5602 τοῖς
1813 5534 1884 5594 «Isse

1079 5616 1114 5694 ἐφ’
1130 5616 1165 5682 οἷς
1184 5628 1289 5698 Σευηρος
1311 5623 1361 5677 ὑπὸ
1380 5629 1410 5678 τὸ
1431 5624 1559 5700 ιέρημίνον
1581 5625 1701 5704 ἀνάθεμα
1723 5631 1884 5707 γενόμενον,ε’

1078 5713 1198 5787 βασιλεία
1218 5720 1363 5790 προσίεται,
1381 5714 1437 5771 ἀλλ’
1449 5722 1515 5773 ίστω
1536 5726 1612 5798 κυρία
1631 5727 1677 5778 καί
1699 5727 1736 5779 τά
1752 5719 1886 5780 κετέλτι]

1080 5807 1245 5884 hepartius.
1263 5817 1312 5866 Kal
1325 5813 1375 5869 ὑπὸ
1393 5819 1436 5870 τόν
1453 5820 1535 5872 κοινόν
1549 5818 1659 5891 saxo&
1677 5817 1884 5898 mmm
