3878 6150
132 308 184 362 755
586 303 630 357 ΑΙ)
648 301 826 357 epistolas
845 301 886 359 ΕΤ
905 301 1059 362 omenta
1077 304 1208 362 estnon
1227 304 1322 362 PAPAE
1340 305 1363 361 ll
1769 306 1820 359 tto

134 417 160 468 et
174 414 272 482 septies
287 417 394 467 tantum
406 409 500 465 reddet
515 409 573 463 tibi.
584 409 648 466 Noli
655 409 753 479 offena
766 426 880 466 munera
884 426 952 481 pra·
964 423 994 498 Α
1004 415 1091 484 bitur,
1110 416 1180 471 dnm
1191 419 1219 470 et
1232 413 1408 470 abundantia
1431 428 1530 469 eorum
1546 413 1577 468 iu
1601 413 1769 482 egestatem,
1793 415 1823 466 at

133 522 249 572 uo3non
257 509 328 561 enim
337 505 466 573 suscipiet
477 503 538 557 illo.
549 503 955 574 Etuolit'uspitertsuuttu'um
1003 509 1241 582 superbiacorum
1252 508 1396 564 transierit
1406 507 1437 562 in
1448 503 1822 564 contusionemlustoenim

134 601 276 669 injuntum,
288 600 416 668 quonium
427 599 554 653 Dominus
564 597 711 665 judenest,
725 600 751 651 et
759 611 813 651 non
828 602 867 652 cst
879 598 955 669 opud
1000 603 1196 677 judiciodatur
1205 604 1372 675 plerumque
1384 606 1504 674 potestas
1516 599 1712 673 peccatoribus
1728 598 1821 668 (llius-

135 695 214 749 illum
226 694 313 761 ploria
324 706 457 762 personae,
470 692 532 748 Non
544 693 657 761 accipiet
669 693 798 747 Dominus
809 705 955 761 personam
1003 699 1064 754 dem
1076 703 1144 754 sent.
1162 700 1207 767 it,
1221 714 1255 753 eu
1272 699 1300 755 S.
1319 698 1394 767 Auq.
1407 700 1438 752 in
1453 711 1497 766 ps.
1511 695 1614 764 annin),
1633 709 1690 765 qua
1709 695 1821 747 saneim

134 790 165 843 in
174 802 330 858 pauperem,
343 789 369 842 et
374 786 555 855 precationem
565 785 622 840 lusi
634 784 770 840 eraudiet.
787 787 849 842 Non
863 785 952 856 despi·
1004 792 1062 864 sjus
1083 796 1299 864 persequantur,
1323 790 1419 863 utqui
1441 790 1556 862 spiritus
1573 788 1621 843 Dei
1636 787 1777 858 juvantur
1793 791 1822 842 et

134 884 184 937 ciet
193 895 285 950 preces
296 879 409 950 pupilli,
422 894 470 934 nec
482 879 604 942 uiduam,
625 881 650 934 si
668 878 794 947 effundat
821 879 955 949 loquelam
1004 891 1139 959 aguntur,
1164 885 1232 941 itant
1249 902 1301 958 per
1322 884 1453 941 laborum
1471 882 1604 940 exercitia
1623 880 1766 936 clariores.
1788 880 1821 936 Et

132 977 254 1045 armilus-
270 975 366 1030 Nonne
385 973 510 1041 latrum&
523 972 614 1027 uuna
626 973 663 1027 td
681 973 824 1027 maxillam
844 973 953 1029 descen·
1004 996 1179 1052 quanquam,
1192 980 1302 1049 iratres,
1317 979 1378 1034 haic
1390 979 1429 1033 ita
1442 994 1471 1033 se
1490 977 1623 1044 habeant,
1647 991 1706 1030 non
1724 977 1821 1028 tamen

133 1068 213 1130 dunt,
237 1071 262 1122 ct
282 1067 442 1122 acclamatio
458 1066 516 1134 eius
539 1081 620 1137 super
640 1066 816 1122 deducentem
838 1069 902 1122 eas?
928 1067 954 1123 Α
1004 1077 1072 1129 sunt
1080 1072 1281 1141 consentiendi,
1295 1072 1342 1127 sed
1353 1070 1532 1144 reprobandi,
1547 1068 1597 1141 qui
1611 1068 1746 1139 prelatos
1756 1081 1820 1120 suos

132 1161 248 1218 murillo
258 1163 329 1216 enim
340 1159 490 1215 ascendunt
504 1175 589 1229 usque
608 1160 646 1214 ad
658 1161 752 1215 colum
779 1164 804 1215 et
826 1163 954 1216 Dominus
1004 1167 1226 1239 reprehendunt,
1241 1166 1284 1222 vel
1298 1168 1439 1221 accusent.
1456 1164 1535 1220 Unde
1551 1162 1688 1218 canonica
1709 1165 1820 1215 saucto-

133 1256 278 1311 exauditor
289 1271 343 1309 non
357 1255 534 1310 delectabitur
549 1256 579 1307 in
592 1254 658 1308 illis.
676 1253 728 1320 Qui
740 1254 840 1309 adorat
859 1257 953 1319 Deum,
1004 1278 1070 1317 rum
1083 1263 1198 1317 petrum
1212 1264 1315 1316 eretum
1330 1272 1351 1330 e,
1367 1275 1403 1315 ne
1420 1258 1560 1314 columne
1574 1261 1680 1311 seuere
1697 1254 1824 1310 eerlesiu

131 1349 345 1405 inoblectatione
357 1350 529 1420 suscipietur,
543 1353 569 1402 et
578 1349 700 1417 precatio
713 1347 789 1402 illius
808 1363 892 1418 usque
916 1349 955 1404 ad
1004 1355 1145 1424 vacillent,
1163 1358 1311 1425 sequentes
1322 1370 1354 1408 ac
1374 1352 1548 1420 roborantes,
1567 1366 1668 1406 omncs
1689 1348 1823 1418 infames,

130 1444 215 1498 nubes
222 1443 428 1513 propinquabit.
445 1442 536 1498 Oratio
552 1441 722 1507 humiliantis
735 1456 763 1496 se
781 1442 864 1497 nubes
874 1458 956 1512 pcne-
1005 1452 1175 1521 cunctusque
1200 1453 1342 1521 suspectus
1359 1448 1404 1502 vel
1420 1446 1560 1514 inimicos,
1580 1448 1609 1500 et
1629 1460 1678 1500 cos
1700 1444 1751 1515 qui
1766 1458 1825 1498 non

132 1538 230 1604 trobit;
246 1542 272 1591 et
284 1536 367 1591 donec
381 1538 557 1606 propinquet,
568 1551 623 1613 non
638 1536 831 1590 consolabitur.
847 1537 882 1590 Et
901 1553 956 1591 non
1005 1551 1071 1598 sunt
1085 1559 1183 1598 corum
1198 1543 1298 1614 gentis,
1312 1543 1355 1598 rel
1367 1557 1490 1613 quorum
1501 1538 1581 1606 fides,
1596 1538 1653 1593 rita
1666 1541 1698 1592 et
1709 1536 1825 1592 libertas

132 1630 261 1694 discedet,
275 1631 357 1685 donec
379 1632 496 1699 aspiciat
512 1629 695 1684 illusimus:
714 1632 739 1682 et
755 1631 885 1684 Dominus
902 1645 956 1685 non
1005 1637 1141 1704 nescitur,
1164 1637 1251 1708 etqui
1263 1652 1321 1692 uun
1341 1639 1408 1690 eunt
1425 1635 1509 1689 boum
1525 1631 1756 1699 conversationis,
1781 1630 1825 1686 sel

137 1724 483 1793 elonqobit,sedjudicobit
496 1723 625 1791 injustos,
638 1724 755 1789 olfaciet
762 1722 911 1791 judicium,
929 1728 955 1778 et
1005 1746 1127 1802 querum
1147 1730 1204 1785 vite
1222 1734 1265 1786 est
1292 1729 1463 1798 accusabilis,
1485 1728 1521 1782 ab
1541 1726 1619 1782 omni
1643 1724 1825 1781 accusatione

131 1819 297 1886 fortissimus
309 1832 363 1871 non
377 1817 484 1871 babebit
496 1818 526 1871 in
541 1815 596 1870 illis
613 1817 790 1885 patientiam,
808 1821 839 1871 ut
853 1819 951 1871 contri-
963 1797 991 1871 Β
1004 1826 1198 1897 epieeeperum
1208 1823 1335 1879 funditus
1348 1822 1558 1878 submovemus.
1571 1819 1710 1877 Similiter
1722 1822 1751 1875 et
1764 1834 1822 1874 om·

134 1911 206 1967 bidei
224 1911 475 1981 dorsumt'pSDt‘tlm,
492 1914 517 1965 ei
537 1909 661 1978 §iniibus
678 1909 777 1964 reddat
792 1910 951 1975 uindictam,
1002 1935 1144 1990 nes‚qu03
1162 1917 1264 1973 divinae
1277 1917 1356 1989 leges
1374 1920 1501 1972 mortuos
1525 1914 1683 1987 appellant,
1707 1913 1822 1968 submo-

132 2004 215 2060 donec
228 2005 306 2060 tollat
314 2004 514 2074 plenitudinem
531 2003 717 2074 superborum,
741 2007 766 2057 et
781 2005 951 2073 sceptraini-
1001 2011 1106 2068 veudee
1120 2027 1179 2068 eeee
1195 2012 1231 2067 eb
1245 2011 1345 2066 eedem
1358 2009 1546 2079 eeeueeuene‚
1561 2013 1589 2064 ee
1603 2006 1822 2080 publicaepoeni-

133 2114 248 2169 quorum
259 2098 429 2160 contribulet,
449 2097 532 2151 donec
551 2095 651 2150 reddat
667 2095 790 2150 omnibus
807 2097 953 2153 secundum
1001 2106 1097 2162 tertie
1105 2105 1310 2161 submittendus
1315 2104 1487 2175 judicemus.
1500 2104 1597 2174 Neque
1613 2102 1684 2157 dum
1694 2100 1822 2156 Ecclesia

135 2197 211 2247 fliius
224 2206 296 2253 θυοδ»
312 2191 493 2247 “secundum
506 2189 676 2260 operuddae,
692 2193 718 2243 ⁸⁸
729 2190 953 2260 secundumprae-
1002 2200 1121 2271 alicujus
1136 2199 1271 2272 episcopi,
1286 2202 1336 2253 aut
1346 2197 1546 2269 possessiones,
1555 2195 1600 2251 vel
1613 2211 1659 2250 res
1668 2194 1821 2250 mentulis

133 2289 311 2355 sumptionem
324 2286 409 2347 illius,
424 2285 507 2339 donec
513 2284 620 2352 judicet
630 2282 768 2352 judicium
781 2283 870 2353 plebis
886 2300 951 2350 sua,
1002 2294 1073 2365 ejus,
1088 2294 1134 2348 val
1146 2309 1161 2347 a
1174 2292 1392 2365 quibuscunque
1404 2291 1466 2346 aliis
1480 2307 1537 2346 non
1553 2306 1604 2344 sua
1624 2294 1727 2361 sponte
1750 2287 1819 2342 deu.

133 2384 159 2436 et
173 2379 315 2434 oblectabit
323 2379 415 2448 justos
428 2377 615 2433 misericordia
624 2390 686 2430 sua.
701 2378 772 2432 Deus
782 2380 877 2432 autem
889 2377 953 2447 (lra-
1001 2392 1116 2455 nentur,
1131 2385 1238 2458 aliquid
1250 2386 1290 2441 illi
1304 2385 1397 2456 debet,
1411 2388 1561 2456 eutputest
1573 2398 1747 2455 equaquam
1758 2387 1820 2436 anta

132 2477 177 2529 ter
188 2471 358 2543 charissime)
370 2471 487 2543 impleat
507 2469 689 2541 desiderium,
714 2473 742 2525 et
759 2469 951 2528 ministerium
1001 2483 1272 2554 redintegrationem
1281 2480 1411 2537 emnium
1420 2496 1516 2536 rerum
1530 2495 1648 2534 suerum
1661 2477 1760 2549 objici:
1774 2476 1820 2532 sed

132 2567 183 2623 tibi
209 2565 343 2622 divinitus
363 2565 506 2634 collatum,
530 2564 685 2629 secundum
706 2563 816 2620 divilias
841 2582 906 2621 suas
922 2566 952 2622 in
1001 2577 1081 2649 priue
1090 2576 1131 2632 jur
1143 2576 1254 2648 legibue
1264 2575 1481 2647 redintegranda
1490 2579 1556 2628 suut
1567 2572 1676 2640 omniu,
1686 2575 1714 2628 et
1726 2574 1820 2644 postea

133 2660 223 2733 810ri³
237 2659 266 2715 in
280 2659 390 2715 Chfi⁸t⁰
402 2659 468 2714 10⁵⁰
483 2657 602 2713 D⁰miss⁰
617 2661 726 2713 ¹10ffl0·
741 2658 797 2713 ⁰0⁰
806 2663 904 2714 aulem
924 2663 954 2716 θῐ
1001 2676 1128 2742 tempore
1138 2687 1155 2725 a
1167 2669 1295 2725 Patribus
1303 2668 1443 2741 praefinito
1451 2671 1518 2723 sunt
1526 2667 1642 2739 negotia
1648 2665 1816 2722 vinulenta.

132 2753 208 2810 Patri
226 2757 322 2808 11⁰³i1'0
344 2752 434 2825 Sl⁰fi³
459 2752 490 2807 1¹¹
516 2751 619 2829 similla
642 2751 823 2808 saessulffl'um·
850 2755 950 2810 Amen·
1001 2763 1154 2820 nefuundi
1163 2767 1230 2818 sunt
1241 2762 1327 2818 etiam
1338 2767 1474 2834 raptores,
1485 2760 1574 2831 fures,
1588 2759 1730 2832 sacrilegi,
1742 2759 1818 2815 adul-

133 2849 201 2904 Dtlfl
217 2847 391 2921 ¹3di03118·
405 2845 520 2917 mensis·
534 2845 687 2902 issdi0fi⁰¹10
701 2846 746 2902 ¹4·
1001 2857 1066 2925 leri,
1082 2862 1110 2914 el
1124 2858 1229 2912 horum
1244 2855 1359 2911 similes.
1377 2854 1555 2912 Manifestum
1577 2859 1620 2911 est
1646 2854 1726 2909 enim
1747 2851 1818 2926 quod

623 3009 628 3020 ,
1001 2965 1114 3022 semper
1128 2950 1198 3006 tales
1209 2949 1300 3022 magis
1314 2949 1481 3005 discordiam
1498 2965 1587 3020 mam
1597 2964 1699 3020 paoem
1712 2952 1816 3004 sectam

360 3007 548 3065 Eplsww
571 3006 655 3080 [ΟΜ
673 3005 713 3078 Π]
1001 3048 1058 3100 tur.
1072 3044 1170 3100 Nullus
1181 3060 1293 3117 quoque
1303 3044 1461 3099 monachus
1470 3042 1538 3098 talia
1547 3056 1678 3114 uuquam
1691 3041 1813 3113 arripiat,

373 3132 407 3172 ΑΒ
423 3130 563 3171 ¹³¹³¹³⁰⁰P⁰⁸
578 3129 673 3170 ΠΜ
688 3112 713 3168 b·
962 3153 1053 3243 Caco
1075 3137 1219 3193 saeculuia
1242 3141 1292 3193 aut
1314 3136 1499 3193 ecclesiastica
1518 3136 1636 3208 negotia
1655 3135 1816 3208 perturbare

135 3225 280 3296 Episcopus
292 3239 394 3280 summo
408 3225 436 3278 in
450 3225 547 3307 nonme
560 3238 616 3278 ⁶⁸80
629 3222 774 3306 habendos,
788 3238 836 3277 ²10⁰
846 3237 952 3294 Ptelea
1001 3236 1164 3304 prasumat,
1187 3231 1254 3303 quia
1270 3234 1383 3286 mortua
1395 3230 1425 3285 in
1444 3229 1548 3285 talibus
1569 3245 1626 3284 vox
1647 3234 1691 3284 est
1710 3244 1814 3285 eorum.

406 3295 524 3366 imm
536 3309 669 3350 amam·
1002 3325 1162 3380 immobiles
1174 3325 1251 3380 cuim
1263 3324 1398 3380 Dominus
1410 3340 1476 3379 suos
1488 3339 1616 3378 summos
1631 3338 1748 3394 semper
1764 3321 1815 3377 vult

169 3415 361 3472 Dilectissimis
380 3421 464 3488 atque
478 3414 639 3470 clarissimis
659 3414 794 3470 lratmbus
815 3415 953 3471 universis
1002 3435 1116 3474 manere
1133 3417 1339 3491 predicatores,
1353 3423 1382 3473 et
1394 3434 1453 3473 non
1467 3416 1666 3489 aquibusdam
1679 3415 1813 3481 temerari,

134 3511 282 3584 episcopis,
307 3513 336 3566 cl
355 3510 463 3565 cunctis
489 3509 648 3582 specialiter
669 3524 721 3581 per
741 3509 903 3580 Campaniae
925 3515 954 3566 et
1001 3513 1050 3569 sed
1071 3513 1125 3568 sibi
1145 3512 1234 3569 libere
1255 3516 1284 3567 et
1309 3511 1404 3583 quiete
1417 3510 1585 3567 lamularid.
1603 3509 1687 3567 Unde
1710 3514 1740 3565 el
1763 3510 1814 3581 ipso

96 3648 100 3655 .
134 3604 219 3658 ltalia
228 3603 387 3676 provincias
403 3603 590 3660 militantibus
610 3602 741 3673 Domino,
760 3602 890 3674 Pelagius
907 3619 951 3658 sa·
1001 3606 1057 3661 ait:
1073 3606 1125 3673 Oui
1136 3622 1183 3662 uos
1197 3608 1296 3674 tanqit,
1317 3609 1405 3676 lonqit
1419 3606 1558 3676 pupillam
1570 3605 1644 3659 oculi
1655 3607 1720 3660 mei.
1731 3607 1765 3661 lit
1776 3604 1815 3673 qui

132 3696 232 3753 lutam.
887 3723 893 3736 ·
1001 3717 1048 3755 uos
1062 3703 1212 3762 contristat,
1224 3715 1266 3754 mc
1278 3703 1419 3755 contristat
1435 3699 1524 3771 (zach.
1537 3714 1574 3767 n;
1591 3699 1696 3757 coloes.
1712 3699 1763 3767 ιιι).
1778 3698 1812 3764 u,

170 3788 391 3844 Sollicitudinem
414 3790 543 3844 omnium
567 3789 754 3845 Ecclesiarum
777 3790 867 3861 (juxta
882 3795 953 3862 Apo·
1002 3797 1151 3865 quitecerit
1159 3795 1303 3864 injuriam,
1315 3793 1505 3864 recipietquod
1515 3794 1611 3862 inique
1620 3794 1705 3862 pessit
1714 3791 1812 3862 (llutth

134 3884 247 3955 stolum)
256 3883 495 3951 circumferentes,
508 3883 611 3938 divinae
622 3883 695 3938 circu
709 3900 760 3938 nos
774 3884 872 3955 graliee
890 3901 952 3940 me·
1002 3888 1038 3960 1).
1055 3889 1089 3943 El
1102 3888 1168 3943 alibi
1181 3903 1188 3942 :
1203 3887 1256 3954 Dor
1269 3904 1314 3943 uos
1326 3889 1433 3957 recipit,
1445 3902 1487 3941 me
1500 3887 1614 3956 recipite
1640 3890 1679 3954 el,
1706 3888 1755 3956 qui
1775 3897 1812 3939 sos

134 3993 228 4033 mores
242 3994 301 4032 esse
315 3976 450 4033 debemus
472 3977 597 4048 (dranus
620 3979 701 4049 episc.
724 3977 786 4042 GP„
812 3982 889 4047 epist.
916 3980 954 4036 ad
1001 3984 1114 4053 spernit,
1125 3998 1166 4037 me
1178 3983 1283 4053 spernit
1296 3982 1371 4051 (Luc.
1387 3981 1423 4051 ι).
1437 3981 1475 4035 lta
1488 3995 1604 4051 quoque
1617 3983 1647 4034 et
1660 3995 1679 4034 a
1691 3979 1812 4051 plebibus

132 4073 301 4143 Simplicium
318 4072 443 4142 popam),
457 4070 533 4142 quod
553 4086 603 4124 nos
623 4087 674 4141 per
687 4069 881 4142 dignitationis
894 4087 953 4126 suae
1001 4078 1045 4132 vel
1059 4075 1166 4131 caeteris
1181 4075 1351 4147 generaliter
1362 4072 1494 4129 omuibus
1504 4076 1571 4129 sunt
1582 4072 1708 4129 timendi
1728 4076 1757 4128 et
1778 4072 1812 4127 ie·

134 4165 269 4221 Dominus
283 4164 506 4221 misericordiam
519 4164 553 4219 ad
564 4163 775 4236 hocfastigium
783 4165 952 4222 sacerdotale
1000 4169 1082 4225 rendi
1095 4175 1179 4242 alque
1194 4169 1347 4225 venerandi
1355 4172 1481 4240 pastores
1503 4173 1532 4223 et
1548 4166 1751 4239 praedicatores
1768 4167 1811 4221 nc·

132 4260 271 4333 provexit,
286 4252 318 4316 ul
331 4258 471 4326 mandatis
483 4258 571 4331 ipsius
583 4259 763 4326 inherentes,
778 4257 809 4313 in
829 4259 952 4330 quadam
1001 4263 1101 4334 clasiae,
1116 4269 1149 4319 ut
1166 4264 1218 4318 sub
1237 4262 1436 4319 exercitatione
1456 4262 1538 4317 bone
1559 4260 1717 4317 voluntatis
1737 4258 1810 4316 susti·

134 4355 382 4426 sacerdotumejus
395 4354 511 4425 specula
523 4353 666 4411 constituh'
685 4351 885 4424 prohibeamus
900 4353 952 4408 illi·
1000 4363 1122 4413 ncantur
1134 4357 1300 4429 temporalia
1319 4357 1421 4428 (Prosp.
1437 4361 1504 4411 sent.
1520 4355 1564 4423 et,
1580 4370 1617 4409 eu
1637 4356 1713 4425 Auq.
1732 4357 1761 4409 in
1773 4366 1809 4424 ps.

132 4449 197 4517 ata,
213 4448 395 4521 etsequenda
413 4448 563 4504 doceamus
584 4447 697 4518 (llilorii
714 4462 797 4518 pope
815 4449 894 4517 epist.
914 4448 952 4502 ad
1000 4452 1389 4524 cxx1r),sperenluraetema.
1404 4445 1809 4522 Augetenimmeritarirtutis,

132 4543 280 4598 Ascanium
297 4545 377 4612 episc.
398 4542 644 4612 Torromnensem).
663 4541 768 4604 Onnes,
787 4539 943 4596 charissimi
963 4543 1053 4619 uni
1075 4545 1251 4618 propositum
1276 4561 1333 4599 non
1355 4544 1450 4610 violat,
1471 4542 1519 4598 sed
1541 4545 1640 4612 auget,
1663 4539 1810 4614 religionis.

132 4638 181 4707 qui
193 4637 288 4691 uolunt
301 4638 330 4691 in
345 4635 450 4691 cbristo
461 4639 508 4706 pie
519 4639 607 4691 uicem
620 4635 658 4707 (ll
671 4638 738 4691 lim.
761 4636 810 4705 ιιι),
835 4651 948 4691 necesse
997 4640 1122 4695 Charitas
1151 4655 1217 4694 vero
1243 4653 1357 4709 semper
1372 4636 1518 4692 homiuem
1541 4635 1661 4691 inuoreu
1681 4633 1811 4708 (Eiusdem

132 4733 183 4800 est,
198 4734 230 4785 ut
243 4729 278 4786 ab
293 4728 389 4801 impiis
399 4734 427 4785 et
440 4729 622 4785 dissimilibus
640 4730 785 4801 patiantur
797 4728 949 4801 opprobria
997 4738 1065 4791 sent.
1079 4736 1151 4803 273).
1175 4735 1208 4788 Et
1228 4732 1300 4788 sicut
1322 4730 1483 4803 malignitas
1503 4734 1625 4798 veteres,
1645 4728 1688 4785 ita
1708 4726 1809 4785 dilectio

131 4826 336 4896 Prosperisent.
351 4826 396 4893 32,
411 4840 445 4880 eu
457 4826 485 4881 S.
498 4824 571 4893 Aup.
586 4825 617 4879 in
635 4839 680 4894 ps.
698 4824 834 4894 crx11),et
853 4822 946 4895 despi·
998 4845 1083 4884 ueros
1106 4827 1181 4883 feeit.
1208 4827 1289 4882 fides
1313 4841 1429 4895 eorum,
1452 4823 1500 4896 qui
1524 4824 1617 4879 Deum
1637 4822 1729 4879 vauri
1755 4824 1810 4876 suut

130 4918 243 4974 ciautur
258 4923 394 4990 tauquam
408 4918 486 4973 stulti
499 4920 529 4973 et
541 4917 644 4984 insani,
660 4915 710 4989 qui
721 4917 785 4972 ideo
797 4916 949 4988 presentia
998 4923 1138 4995 (Ejusdem
1150 4927 1218 4978 sent.
1234 4921 1307 4991 361),
1323 4919 1400 4992 quod
1415 4935 1475 4975 non
1489 4917 1575 4986 videt,
1590 4916 1693 4973 credit.
1716 4911 1810 4972 Namsi

130 5012 204 5067 bona
217 5013 350 5084 perdunt,
362 5015 395 5068 ut
408 5011 559 5067 invisibilia
571 5028 603 5068 ac
617 5010 671 5066 sibi
684 5012 832 5083 profutura
849 5010 946 5084 acqui·
997 5017 1083 5086 videt,
1105 5033 1163 5072 uou
1185 5019 1227 5071 est
1248 5014 1327 5070 fides.
1350 5013 1483 5070 eredenti
1501 5010 1649 5083 colligitur
1671 5011 1808 5075 meritum,

130 5110 204 5161 rant.
214 5107 267 5163 Sed
282 5106 344 5163 hac
356 5107 498 5178 despectio
513 5110 541 5162 et
550 5104 643 5162 irrisio
656 5104 686 5161 in
701 5104 777 5177 ipsos
798 5108 946 5178 retorque·
997 5111 1102 5167 videnti
1117 5110 1245 5167 redditur
1259 5108 1422 5182 premium.
1436 5109 1512 5163 Tunc
1526 5105 1689 5178 pretiosum
1702 5101 1810 5178 pastoris

165 5230 261 5290 'Cum
275 5232 349 5287 bello
363 5232 625 5314 Langobardorum,
642 5248 698 5304 quo
721 5229 851 5285 universa
872 5231 947 5286 ltalia
996 5232 1047 5304 qui
1061 5232 1187 5303 nequod
1205 5230 1379 5286 abstulerunt
1398 5227 1558 5291 redderent,
1583 5225 1745 5281 criminosis
1761 5221 1809 5294 pri-

130 5304 277 5386 flagrabat,
301 5304 393 5361 adhuc
410 5309 533 5386 urgente,
561 5305 652 5359 cultus
678 5301 814 5374 episcopis
842 5302 948 5357 deferri
996 5320 1077 5359 mum
1090 5303 1218 5358 omnium
1230 5302 1374 5373 episcopos
1386 5297 1610 5355 accusationibus
1630 5296 1808 5370 impetebant

128 5376 226 5431 solitus
239 5376 369 5430 nonnihil
382 5376 538 5430 diminutus
552 5391 611 5430 esse
630 5374 783 5442 videretur,
804 5373 946 5445 persuasi·
998 5377 1106 5446 (Boron.
1118 5391 1189 5430 mano
1204 5376 1265 5441 582,
1279 5389 1354 5427 num.
1368 5372 1406 5441 8.)

128 5464 184 5520 que
200 5447 340 5502 bellorum
357 5453 486 5519 tempore
502 5447 569 5518 jura
590 5447 682 5516 silere,
710 5445 791 5502 bouis
816 5444 946 5500 Ecclesiae
1032 5447 1124 5501 bHaec
1139 5461 1251 5518 quoque
1264 5443 1423 5499 adulterina
1436 5444 1488 5495 est.
1775 5507 1782 5519 '

127 5535 184 5573 non
206 5524 365 5593 parcerent,
384 5519 456 5574 hanc
470 5518 638 5573 decretalem
654 5517 800 5590 epistolam
813 5517 848 5572 de
863 5532 945 5571 aecu-
1032 5531 1043 5558 ο
1062 5520 1130 5583 Qun
1156 5519 1313 5588 sequuntur
1330 5528 1419 5585 usque
1445 5511 1480 5565 ad
1504 5510 1636 5592 llmsperi
1659 5512 1810 5594 'sententias

127 5591 282 5645 sationibus
294 5607 324 5645 ae.
345 5590 453 5645 'udiciis
474 5589 670 5660 episcoporum
686 5589 812 5660 pontifex
828 5587 947 5644 conscri-
997 5604 1031 5644 ex
1042 5587 1206 5643 adulterinis
1226 5586 1407 5658 superiorum
1432 5580 1635 5653 pontificume
1657 5582 1748 5637 usialis
1765 5580 1810 5633 de-

126 5661 193 5716 bere
208 5662 315 5717 debuit.
331 5607 368 5716 da
382 5661 413 5716 in
426 5659 526 5740 primis
537 5660 572 5715 de
585 5676 679 5728 causa,
693 5660 768 5731 quod
784 5660 947 5739 frequenter
996 5664 1107 5740 sumpta
1117 5659 1241 5740 'suntab
1256 5659 1352 5739 inepto
1368 5653 1620 5737 consarcinatore,
1635 5598 1731 5721 aram
1750 5666 1809 5706 sero

127 5733 264 5795 eveniret,
277 5738 310 5786 ut
323 5749 388 5787 cum
402 5732 527 5803 episcopi
539 5731 613 5786 bona
632 5731 813 5785 ecclesiarum
833 5747 850 5785 a
869 5731 946 5785 laicis
996 5731 1139 5785 dissimilis
1154 5731 1217 5785 finis
1231 5730 1316 5800 huJus
1330 5725 1455 5799 eprstolae
1469 5742 1485 5779 a
1499 5723 1651 5801 principiul

128 5804 446 5933 usurpatarnfflbant,
461 5806 546 5876 atque
562 5801 593 5856 in
607 5817 691 5857 usum
704 5800 857 5872 pristinum
883 5801 945 5855 rin·
1031 5802 1044 5842 ‘¹
1059 5802 1177 5877 Reliqua
1190 5801 1318 5857 absunta
1330 5799 1361 5856 C.
1374 5799 1444 5854 lust.

117 5871 215 5958 dcere
368 5878 386 5946 t,
403 5873 604 5933 inseillorum
616 5871 729 5946 linguas
748 5877 944 5947 proruerent,
