3878 6150
557 276 725 334 EPlSTOLAE
744 274 967 335 morerere.
1554 284 1606 341 738

102 384 240 445 mtiemus.
257 388 309 443 Vos
322 386 413 456 scitis,
428 387 528 442 iratres
547 386 940 472 dileetissimi,Amittimur‚
975 386 1104 460 vigilanti
1136 402 1205 445 eura
1234 389 1408 475 perpendite,
1435 388 1501 463 quia
1529 391 1606 446 illam

102 496 140 537 ue
158 482 293 537 dubietati
312 481 437 552 subjacet
451 481 481 535 in
497 486 608 552 partem
627 497 739 553 semper
789 480 953 539 scissionem
979 482 1239 545 sanctaesEeclesiae
1268 499 1320 555 pro
1340 474 1489 542 'lirendoro
1513 486 1607 541 iecore

102 575 200 630 clauda
214 576 370 630 meliorem.
388 574 461 640 Quid
483 574 577 646 itaque
590 575 699 643 obstat,
715 575 738 631 si
789 575 962 631 Fraternitas
975 582 1066 632 vestre
1075 593 1132 631 non
1145 581 1266 646 metuat,
1281 593 1367 649 quam
1378 594 1431 650 pro
1441 596 1471 634 se
1484 578 1528 634 vel
1537 597 1604 652 pro·

102 685 221 724 serrore
235 671 379 727 oeerrlturu
392 669 486 723 adhuc
502 674 529 723 et
542 668 661 722 dubium
673 669 737 738 luit,
787 667 861 727 literi
874 670 978 725 Paulus
990 671 1112 742 expavit.
1125 671 1180 725 Cur
1189 671 1291 727 nonod
1305 672 1473 728 memoriam
1483 690 1534 745 pro
1544 675 1606 731 uni·

102 778 125 817 re
138 762 267 817 laudatus
279 769 334 831 cst3
349 766 377 818 et
390 762 583 817 innotescente
596 768 659 834 post
676 778 740 834 per·
788 767 846 817 tate
859 762 1081 831 serraudebeati
1088 762 1243 835 Arrgustini
1259 764 1366 821 dietum
1381 765 1528 822 reducitur
1539 770 1606 839 (Au-

112 855 243 911 omnium
263 873 434 927 magnorum
456 856 573 911 Petrum
592 856 738 910 sententiis
788 861 871 926 pust,
886 858 932 911 lib.
951 858 985 913 de
1008 834 1086 913 urimo
1099 858 1237 928 baptisti
1257 859 1388 929 quidum
1403 859 1542 917 do‘nnico
1554 861 1604 917 be·

102 948 158 1005 mis
181 949 269 1004 bestia
292 950 371 1021 quasi
390 949 629 1005 crebrescentibus
638 950 739 1020 jaculis
788 944 920 1015 ptismote
934 946 1108 1019 loqueretur,
1123 947 1229 1002 idcirco
1243 946 1413 1019 Cypriorum
1428 955 1605 1021 martyrem,

102 1043 144 1098 isi
166 1044 208 1096 An
223 1060 282 1098 non
304 1049 332 1098 et
353 1044 442 1098 malos
461 1060 477 1098 a
494 1043 576 1097 bonis
588 1042 738 1114 aliquando
788 1038 838 1109 qtli
857 1038 891 1093 tle
910 1039 1039 1097 iterando
1057 1040 1225 1113 baptismate
1255 1041 1420 1112 scripserat,
1439 1043 1605 1099 defunctum

102 1135 211 1205 rrimus,
227 1153 279 1191 nce
301 1141 396 1191 tamen
419 1137 525 1191 eisdem
546 1135 674 1191 laudibus
688 1137 737 1191 dc·
788 1132 945 1203 perhibuit,
960 1134 1027 1205 quia
1039 1134 1306 1206 liectparvumquid
1317 1136 1445 1205 senserit,
1456 1152 1606 1209 nunquam

102 1229 254 1301 tuamque
269 1231 298 1284 in
317 1230 513 1285 haeresiarchis
524 1230 647 1301 Origene
659 1230 738 1285 dete·
787 1229 885 1280 tarrren
902 1242 930 1280 se
948 1243 965 1279 a
985 1227 1069 1282 totius
1089 1227 1217 1283 Ecclesirc
1230 1229 1430 1287 communione
1445 1232 1603 1303 suspendit.

102 1323 117 1377 d
130 1323 161 1378 in
175 1323 411 1395 historiographis
424 1324 544 1379 inveniri
557 1324 676 1379 Eusebio
687 1324 736 1377 ho·
789 1318 832 1372 Sic
844 1319 935 1390 igitur
948 1336 1115 1391 permanere
1130 1321 1161 1377 irr
1183 1322 1331 1377 sanctitate
1343 1328 1470 1379 servante
1483 1328 1605 1399 consta,

102 1417 202 1471 ‚oresti
221 1419 253 1471 Et
271 1418 333 1488 quis
346 1423 475 1472 nostrum
494 1417 599 1473 nesciat
618 1417 739 1473 inlibris
788 1410 889 1493 iratres
902 1412 1090 1482 dilectissimi,
1105 1414 1172 1486 quio
1183 1413 1253 1471 dum
1274 1431 1323 1470 ros
1342 1416 1378 1471 ub
1401 1416 1526 1471 ecclesie
1538 1402 1617 1471 uni-'

102 1527 108 1565 r
124 1510 277 1582 Origenem
292 1511 428 1566 Eusebius
440 1511 592 1583 preconiis
612 1513 739 1568 attollat?
788 1508 845 1560 tete
860 1505 1035 1578 disjungitis,
1048 1525 1133 1563 omne
1153 1506 1418 1565 virtutis-meritum
1433 1508 1603 1581 perdidistis,

102 1608 164 1659 aeta
185 1605 306 1659 Ecclesia
321 1620 438 1660 suorum
453 1605 579 1660 fidelium
593 1605 676 1660 corda
687 1594 737 1662 be'-
788 1598 874 1653 eiiam
888 1600 911 1653 Si
921 1604 997 1657 tecit
1009 1601 1139 1659 unsaris.
1155 1602 1297 1687 Scriptum
1312 1603 1419 1675 (PliPP0
1432 1608 1475 1659 esi
1488 1620 1496 1659 ²
1509 1605 1606 1659 Pam

102 1713 156 1752 rem
177 1698 262 1752 verba
280 1699 433 1754 districtius
451 1704 566 1769 pensat;
583 1703 612 1753 et
633 1699 696 1771 plus
709 1700 738 1754 in
788 1695 933 1761 sequimini
952 1710 1011 1749 tum
1029 1696 1151 1751 Omnibus
1176 1700 1201 1751 ti
1218 1698 1447 1765 mittimini
1466 1699 1525 1767 tim
1550 1712 1607 1773 W

102 1806 200 1846 ensum
215 1791 373 1862 proprium,
398 1808 484 1863 quarn
502 1792 612 1847 testatio
626 1779 776 1853 EusebiiB
787 1798 862 1840 nenio
876 1788 977 1843 uidebit
990 1791 1134 1844 Dominum
1149 1788 1238 1858 (Hebr.
1253 1790 1312 1863 rut.

102 1885 182 1952 ptuit,
196 1901 248 1939 neo
261 1902 374 1940 rursum
390 1886 542 1940 Eusebium
555 1886 659 1941 laudati
674 1887 737 1943 Opi.
823 1880 911 1935 xiiii.
928 1881 1106 1937 liutteloeuli
1120 1899 1228 1951 sumuS,
1241 1883 1311 1955 quid
1325 1882 1402 1941 eid
1413 1885 1503 1939 millia
1518 1882 1605 1943 ratio·

112 1978 264 2033 damnavit,
284 1981 325 2033 An
345 1997 405 2034 non
425 1984 452 2034 ot
472 1979 622 2049 Gregorius
644 1981 737 2051 Nyssae
787 1970 907 2027 clnando
920 1975 1127 2051 rmillmtls.
1142 1976 1177 2031 Ei
1191 1993 1256 2030 cum
1269 1976 1431 2033 testimonia
1445 1982 1604 2049 expdil'lim

102 2088 164 2145 rpus
176 2089 240 2126 culn
260 2073 406 2127 Canticum
420 2073 595 2128 cantieorum
609 2074 736 2144 exponit,
788 2064 868 2120 (liciis
887 2067 1038 2124 innumera
1052 2074 1253 2141 suppeterent,
1274 2084 1418 2145 mmet!
1432 2072 1605 2149 posuimus:

102 2181 199 2237 genem
215 2166 346 2221 laudibus
356 2167 490 2239 ppaefopt?
504 2169 547 2221 Αῃ
560 2183 619 2221 non
632 2172 660 2221 et
672 2167 736 2222 Hie.
787 2159 918 2217 Videlicet
932 2162 1077 2233 cupientes
1090 2167 1121 2217 ui
1134 2165 1239 2236 scripta
1250 2168 1347 2221 nostra
1360 2166 1390 2220 in
1399 2152 1491 2223 Uinii
1502 2166 1606 2239 lingu-

102 2261 180 2314 rstroe
204 2259 335 2317 ecclesio
355 2261 512 2331 presbyter,
536 2263 565 2314 et
583 2260 735 2331 singularis
788 2253 956 2311 lisnarratio
967 2254 1092 2313 breviato
1106 2258 1292 2329 succingeret,
1308 2275 1345 2314 ne
1358 2259 1475 2315 fortasse
1487 2261 1604 2319 tedium

102 2352 182 2407 nonis
197 2354 346 2424 interpres,
359 2358 436 2409 tanto
449 2370 518 2425 erga
533 2354 684 2426 origenem
698 2354 739 2409 fa.
788 2347 901 2419 tegendi
915 2355 1094 2421 generarent.
1107 2352 1200 2407 Unum
1209 2358 1304 2408 lemen
1318 2352 1464 2427 qrrodjam
1474 2356 1606 2426 superius

102 2446 169 2515 itur,
183 2450 216 2501 ut
229 2464 301 2518 pene
324 2446 477 2518 discipulus
491 2448 552 2519 ejus
567 2464 626 2504 esse
641 2448 737 2503 videa.
788 2440 924 2511 diximus,
949 2459 1008 2499 non
1031 2445 1116 2499 tedet
1138 2445 1162 2499 si
1184 2446 1270 2501 ctiam
1294 2446 1392 2503 crebro
1413 2448 1604 2519 replicemus:

102 2539 136 2595 rin
144 2541 208 2611 plus
221 2557 400 2612 eausaqnnm
409 2542 495 2597 verba
508 2542 736 2612 pensondosunt,
787 2534 857 2600 Quia
876 2535 962 2591 fldem
981 2543 1085 2593 sunelae
1097 2539 1331 2595 Chalcedonensis
1351 2541 1451 2611 synodi
1469 2541 1607 2601 illibatum

102 2650 132 2688 ra
154 2634 314 2706 benignitas
335 2635 440 2706 nocuit,
460 2652 511 2690 nee
531 2636 614 2690 illum
629 2639 738 2695 ereatu
787 2645 839 2700 per
854 2630 1020 2689 omniaileo
1035 2637 1149 2689 auctore
1161 2650 1314 2704 servamus,
1332 2634 1447 2707 ejusque
1462 2636 1603 2715 definitio,-

102 2743 135 2783 or
146 2728 246 2782 aliendi
259 2729 446 2783 attestationis
459 2728 612 2783 excusavit,
788 2738 848 2789 nes,
862 2722 937 2779 sicui
946 2722 1100 2796 Ephesium.
1112 2727 1222 2796 prirlltr‘,
1233 2727 1558 2803 tlonstentiuopoiitenae,
1571 2744 1605 2785 dc

102 2837 141 2890 ‚ur
161 2827 223 2893 post
241 2822 313 2885 brec,
336 2822 437 2877 fratres
456 2822 624 2890 charissimi,
640 2823 739 2877 dolens
788 2817 908 2872 nicene
920 2818 1019 2889 synodi
1030 2819 1248 2877 irretractabiles
1256 2836 1334 2877 nune
1346 2832 1437 2895 usqne
1450 2823 1603 2894 tenuimus,

102 2914 212 2970 dicere:
231 2918 420 2971 Testimonium
432 2918 557 2987 perhibeo
575 2917 649 2972 trebie
667 2917 740 2986 quod
787 2911 831 2965 rel
845 2917 934 2968 morte
948 2912 1089 2985 propositi
1106 2914 1326 2971 irretractabiles
1345 2916 1530 2973 custodimus.
1549 2916 1605 2973 Ve-

102 3012 178 3065 nllei
189 3010 302 3072 turbetis,
315 3010 361 3065 sed
374 3026 425 3065 non
438 3011 584 3066 secundum
601 3013 739 3066 seientiam
788 3014 846 3067 stra
869 3011 958 3082 igitur
978 3011 1092 3066 Dilectio
1111 3012 1342 3087 communiorem
1360 3010 1491 3079 bdelium
1507 3017 1604 3072 ortho-

102 3096 170 3171 ujus
183 3115 252 3170 erga
266 3099 405 3153 unitatem
418 3102 520 3154 sanetae
535 3099 658 3154 ecclesie
670 3100 739 3155 dum
789 3104 927 3161 derorum
941 3105 1062 3163 iratmm
1074 3107 1244 3179 noniugiet‚
1257 3088 1294 3163 ree
1308 3109 1457 3180 presentis
1467 3106 1543 3167 reris
1552 3128 1606 3167 uo·

102 3190 186 3246 itatis
199 3190 314 3263 aspicio,
324 3191 466 3247 discordes
476 3209 524 3247 vos
536 3152 776 3249 intolerabiliusC
789 3204 854 3254 strae
869 3199 1043 3270 adjutorium
1063 3201 1086 3256 si
1106 3201 1204 3257 audire
1228 3200 1402 3274 neglexerit,
1422 3208 1521 3261 contro
1534 3222 1563 3260 se
1575 3206 1608 3263 in

111 3286 241 3353 Persam,
256 3302 361 3358 qrroeso,
377 3303 433 3358 quo
446 3287 545 3342 ardore
558 3292 662 3343 sanctie
674 3288 738 3343 uni·
788 3293 983 3348 testimonium
1001 3300 1099 3350 vertet.
1123 3295 1178 3351 Nos
1200 3298 1296 3350 autem
1314 3295 1352 3352 ed
1372 3297 1526 3355 Dominum
1545 3306 1608 3371 post

102 3378 154 3434 bet
166 3396 232 3434 cum
250 3379 479 3452 Philippensibus
498 3381 603 3436 diecret
618 3399 625 3436 :
642 3382 673 3437 Si
685 3399 740 3452 quo
789 3386 874 3441 rerba
886 3384 1070 3455 recurrimus,
1087 3404 1210 3461 eumque
1223 3394 1362 3460 quantum
1374 3404 1523 3461 possumus
1536 3392 1609 3447 ileli-

102 3474 247 3538 sermio,
269 3477 293 3529 si
309 3474 381 3544 quod
400 3475 529 3530 solatium
547 3476 703 3540 ctoritotis,
716 3478 741 3532 si
789 3479 843 3535 bus
855 3495 1014 3551 exoramus,
1025 3486 1058 3536 ut
1068 3480 1121 3536 hcc
1135 3482 1211 3553 quod
1221 3482 1300 3537 vobis
1309 3482 1345 3538 ad
1354 3485 1527 3557 sequendum
1538 3502 1606 3542 eon-

102 3570 206 3639 isspes,
220 3570 244 3623 si
256 3585 310 3638 qun
323 3571 424 3623 risccm
441 3574 465 3624 et
477 3572 672 3634 miserationes,
686 3572 739 3624 im·
790 3573 915 3631 cordiam
930 3590 954 3633 ι
975 3574 1057 3630 nobis
1078 3575 1190 3646 dicitur,
1209 3575 1270 3647 ipse
1289 3574 1321 3631 in
1343 3576 1443 3634 vestris
1464 3579 1608 3639 mentibus
1714 3605 1717 3608 ⁴

102 3677 138 3716 rm
152 3677 248 3728 meum,
264 3666 294 3716 ut
307 3662 377 3717 idem
389 3665 534 3731 sopientes,
548 3663 667 3719 eumdem
680 3664 742 3719 cleo·
790 3683 877 3722 manu
890 3666 1000 3724 intimes
1010 3667 1201 3740 inspirationis
1214 3675 1357 3741 operetur.
1628 3698 1646 3727 s

102 3760 179 3818 entes,
199 3758 355 3820 unirnimes,
367 3757 487 3826 idipsum
504 3758 645 3812 sentientes
667 3758 741 3827 (Ptr—
978 3794 1142 3851 Epmob,
1161 3795 1194 3850 v,
1207 3790 1316 3867 [[οΜ
1331 3796 1418 3869 VH„

102 3854 217 3921 mistui
241 3855 456 3906 “mmmmm
475 3850 636 3921 ¹⁰⁰¹¹t¹¹r¹¹st
658 3855 701 3907 wi
715 3856 743 3906 ei
817 3902 989 3945 irroremur
1008 3904 1159 3947 rrrscoruu
1177 3894 1520 3952 e'ursrmrmoronrmcr
1533 3896 1581 3968 tot.

102 3948 208 4047 ”imnis
225 3949 382 4015 l‘aemffist’
401 3949 544 4017 quantum
562 3951 636 4049 isset
646 3945 741 4050 ,huius
792 3984 861 4039 Eum
877 3985 981 4052 oronit,
997 3985 1046 4054 qni
1056 3984 1222 4041 uniuersalis
1234 3984 1354 4059 priscopi
1367 4002 1462 4043 nomen
1481 3988 1535 4047 sibi
1545 3993 1606 4046 uin·

103 4041 211 4106 ntum,
230 4054 287 4092 ¹¹⁰ss
312 4039 471 4109 explendo,
497 4039 547 4127 §ed
571 4040 743 4111 1¹¹‘l011'211d0
955 4055 1144 4126 dicebatque
1159 4057 1192 4111 de
1206 4070 1289 4113 causa
1302 4060 1452 4126 generalem

123 4133 160 4186 Ar
181 4137 279 4187 contro
297 4133 436 4203 quamsit
457 4133 565 4187 malum
582 4133 740 4204 discordie,
1031 4129 1166 4196 synodum
1178 4134 1374 4185 cmocoverot.

102 4224 213 4281 rinthiis
229 4226 359 4283 ostendit.
381 4226 427 4282 Ait
440 4227 518 4282 enim
532 4244 538 4283 :
553 4228 742 4298 Sipniftootom
830 4220 1019 4277 Dilectissimis
1031 4221 1165 4299 frttffiilus
1177 4222 1317 4277 universis
1328 4221 1478 4295 episcopis,
1489 4223 1541 4297 qui
1553 4224 1611 4280 illi·

102 4319 193 4383 wbis,
208 4321 310 4387 fratres
323 4323 392 4384 inci,
404 4321 439 4376 ob
452 4322 494 4376 tris
506 4324 555 4391 qui
568 4327 632 4376 sunt
643 4323 743 4385 chloes,
794 4314 850 4370 eita
862 4312 1006 4371 ruostine
1030 4314 1144 4369 loannis
1164 4315 1469 4389 Constantinopolitani
1487 4302 1632 4393 episcopii·

103 4416 186 4469 nones
195 4419 258 4468 sunt
272 4418 343 4470 inter
355 4431 401 4469 uos
417 4417 484 4470 :bec
498 4419 586 4470 autem
597 4416 746 4484 decoquor
795 4407 1609 4484 adsynodumConstantinopolimeonvenemnl,Pelagius.

102 4514 242 4563 reestmm
258 4508 335 4571 dicit,
347 4525 393 4578 eoo
408 4524 467 4564 sum
482 4510 581 4571 Ponti,
597 4525 643 4579 eoo
657 4515 746 4564 uatem
832 4501 975 4557 Manifesta
985 4500 1065 4570 tsicut
1073 4500 1240 4575 optavimus)
1248 4502 1428 4574 pergratiam
1442 4504 1610 4577 neiis-reo.

105 4618 167 4657 vero
178 4604 282 4673 Cephae,
298 4619 345 4672 eoo
355 4608 445 4657 aretem
463 4604 566 4661 oleron·
579 4602 604 4676 ti
620 4602 680 4658 Cor.
695 4603 745 4673 rut.
796 4598 874 4667 epist.
886 4595 929 4666 53]
943 4594 1051 4650 lumine
1073 4595 1243 4667 evangelice.
1257 4596 1397 4668 verrutis,
1410 4599 1445 4654 eb
1458 4599 1612 4659 universati

102 4701 206 4768 quanta
226 4696 470 4751 animadversione
489 4696 630 4769 loquatur,
655 4714 745 4769 agno.
796 4688 928 4756 Ecclesia,
941 4688 1170 4763 WssiClOSiSSiini
1182 4690 1286 4779 Ψθΐὶὸ
1300 4695 1383 4749 nocie
1402 4693 1528 4765 depulsa,
1542 4695 1613 4751 inei·

102 4789 253 4860 iubjunetae
269 4790 470 4861 increpationis
484 4791 570 4845 verbo
584 4807 744 4862 pensamus,
795 4782 920 4839 labiliter
933 4782 1091 4853 gandemus
1100 4780 1133 4839 in
1144 4782 1265 4838 Domino
1274 4784 1346 4843 ’ξω
1359 4802 1417 4841 non
1427 4787 1541 4843 modici)
1547 4804 1612 4845 0⁰11·

106 4880 213 4934 llier'sus
225 4883 263 4933 est
278 4881 421 4937 Christos?
433 4881 557 4951 nunquid
567 4882 669 4937 Pontus
684 4898 745 4937 cru-
796 4877 943 4932 tristamur
958 4893 1088 4947 moerore,
1100 4876 1167 4949 quia
1176 4895 1209 4933 ea
1219 4895 1284 4951 quae
1293 4879 1362 4935 oiim
1373 4880 1478 4937 calcata
1487 4882 1610 4955 fuerent,

102 4988 145 5028 oro
162 4974 259 5028 uobis?
272 4978 320 5027 out
332 4977 361 5028 in
381 4977 486 5030 nominc
507 4976 588 5030 Pauli
613 4976 747 5048 baptizoti
795 4975 824 5026 et
837 4969 964 5026 funditus
976 4971 1117 5043 damnata,
1137 4988 1190 5028 nec
1215 4988 1341 5044 unquam
1364 4974 1425 5031 fieri
1444 4976 1610 5051 debuerant,

103 5066 308 5122 iConsiderate
328 5067 425 5139 igitur,
440 5069 542 5123 iratres
556 5068 623 5137 mei,
637 5069 746 5141 etdum
796 5065 927 5122 redivivis
950 5065 1091 5122 radicibus
1115 5064 1279 5139 germinant
1301 5072 1387 5139 atquo
1409 5068 1559 5142 pullulent.
1580 5075 1612 5130 Et

110 5165 276 5233 expectante
289 5204 296 5233 ,
311 5162 390 5216 omni
406 5162 512 5219 incerto
524 5162 588 5218 vitm
610 5163 666 5219 tine
679 5178 744 5235 per·
795 5156 1117 5233 querentiumque
1129 5159 1336 5232 poenitudinem
1349 5169 1467 5233 possunt
1477 5174 1614 5237 geneture

102 5324 172 5379 tilla
185 5325 301 5396 epistota
316 5325 420 5397 Pelagii
433 5369 440 5395 ,
454 5343 510 5398 quo
522 5325 660 5405 Pelagius,
675 5330 745 5382 teste
795 5324 849 5407 bap
861 5324 978 5395 epistola
998 5328 1133 5379 rorantes
1156 5323 1282 5378 haeretiei
1304 5325 1460 5396 primatum
1481 5328 1611 5385 Ecclesiae

102 5396 182 5467 gorio,
199 5398 298 5468 synodi
320 5399 636 5468 Constantinopoliterrre
651 5398 746 5453 omnia
794 5392 976 5467 impugnent,
985 5411 1050 5449 eum
1062 5394 1127 5449 hinc
1140 5395 1233 5465 potius
1248 5396 1378 5453 undecim
1388 5400 1559 5456 validissima
1568 5418 1611 5455 nr·

105 5484 206 5539 rquam
215 5469 555 5541 absolutionemoregoni
568 5468 746 5523 Antioelrenii
796 5472 930 5538 gumerrtn
950 5465 1046 5545 colligi
1062 5465 1191 5536 possint,
1211 5466 1315 5538 quibus
1333 5469 1455 5527 Romani
1473 5472 1610 5542 pontilicis

102 5544 195 5594 roserit
204 5545 233 5594 et
246 5542 406 5611 reprobarit
420 5558 427 5595 ;
444 5541 584 5622 precipue
598 5557 662 5595 vcro
675 5540 744 5595 illud
794 5539 933 5610 primatus
948 5537 1108 5592 tirmrssimc
1121 5538 1327 5594 corroboretur.
1345 5540 1412 5599 Vide
1427 5544 1527 5599 Boron.
1541 5557 1610 5599 aun.

102 5620 146 5685 pro
161 5612 281 5665 loannes
298 5614 623 5682 constantinopolitanus
637 5613 743 5682 episeo·
795 5612 859 5675 587,
872 5625 952 5664 num.
969 5612 984 5663 7
998 5612 1027 5662 et
1041 5610 1084 5677 ti,
1098 5609 1129 5663 tt
1143 5613 1172 5664 et
1187 5612 1228 5665 t5.
1243 5610 1305 5667 Ser.
1321 5611 1380 5667 Bm.

102 5681 288 5737 roeeumenici
305 5684 357 5737 sibi
372 5690 537 5755 arroganter
551 5689 743 5753 usurpaverat.
832 5679 866 5751 tot
882 5678 978 5751 Neque
994 5678 1067 5734 hanc
1080 5696 1097 5733 o
1110 5680 1234 5736 subdolis
1251 5682 1348 5739 isidori
1365 5682 1504 5739 mercibus
1516 5682 1558 5739 ias
1568 5684 1612 5740 esl

102 5752 236 5825 videque
251 5753 323 5808 infra
334 5755 424 5811 dicam
436 5756 465 5809 in
475 5753 686 5826 notisallegetoe
697 5773 744 5828 sy·
794 5751 954 5823 sejungere.
978 5751 1050 5809 Vere
1069 5751 1149 5808 enim
1166 5753 1263 5837 periit,
1288 5754 1325 5817 irr
1339 5754 1420 5824 eujus
1434 5754 1530 5812 iocum
1549 5755 1611 5815 hus

102 5824 354 5899 mudnopolitsnae.
376 5826 536 5883 Ridiculum
555 5832 597 5882 est
616 5827 691 5903 quod
710 5843 746 5885 ex
795 5823 912 5879 conficte
925 5828 976 5896 est,
989 5823 1125 5897 ¹*stylus
1136 5822 1252 5901 ahequ
1267 5823 1382 5881 docent.
