3878 6150
131 234 200 298 lodi
393 264 401 276 ·
685 238 812 295 ducunt
830 240 925 296 SllllTl
944 237 1219 299 SUPPLEMENTUM.
1612 275 1617 293 ι
1746 238 1811 299 ibid

130 348 246 419 quando
257 344 561 418 ususpostulaveritad
571 345 751 401 celebrandus
764 348 944 419 supplicatio·
956 363 985 434 Α
995 350 1122 420 quandiu
1143 357 1238 404 tumen
1260 351 1287 404 iu
1303 351 1472 406 monasterio
1493 351 1579 422 degit.
1595 352 1650 405 lies
1663 366 1730 404 vero
1744 367 1812 421 quas

131 458 191 509 nes,
203 448 271 497 tnnc
284 441 374 496 solum
386 441 461 510 ipsas
473 455 570 495 cruces
580 438 611 493 hi
621 439 671 511 qui
685 456 720 494 ex
732 456 812 496 more
827 457 873 496 eas
882 459 946 513 por
996 442 1025 498 in
1039 443 1243 498 monasterium
1256 443 1385 499 intulisse
1400 444 1553 511 uidebitur,
1569 443 1704 514 probanti
1719 443 1748 496 id
1759 444 1810 497 do·

133 539 194 591 tare
217 536 309 590 solent
323 533 493 604 accipiunto,
507 537 536 588 et
550 549 615 587 cum
637 533 775 606 episeopis
790 551 822 589 ac
837 535 945 591 clericis
993 535 1282 606 miuo'restituuntor.
1299 541 1333 592 At
1343 537 1365 592 si
1380 537 1443 609 quis
1456 537 1664 609 praedictarum
1676 552 1813 608 persona·

132 625 526 700 supplicationescelebranto,
534 627 594 682 haeo
601 627 946 683 custodientibussauctis-
994 645 1060 684 rum
1076 630 1225 702 reliquerit
1234 631 1448 701 monasterium,
1459 634 1488 685 et
1501 630 1536 685 ad
1545 630 1713 685 secularem
1726 630 1810 683 vitani

133 723 211 777 simis
223 721 349 775 locorum
360 719 498 791 episcopis
508 720 592 775 simul
606 724 633 775 et
645 720 713 792 ipsis
723 721 840 790 clericis,
851 738 945 793 neque
993 722 1145 792 transierit,
1162 723 1261 778 sivein
1276 723 1405 794 urbibus,
1421 723 1478 778 sive
1497 739 1550 794 per
1564 739 1649 794 agros
1663 722 1809 787 oberrans,

134 832 192 870 non
210 814 249 868 ibi
262 815 388 868 locorum
404 814 625 884 magistratibus.
641 814 669 870 Si
683 815 747 886 quis
759 830 825 870 vero
840 815 870 870 in
889 815 944 871 hoc
994 817 1217 872 suaesortunaeac
1225 815 1381 872 conditioni
1388 816 1528 872 redditor.
1539 818 1628 871 Porro
1636 817 1667 870 in
1679 816 1811 870 omuibus

130 907 221 979 capite
236 907 384 978 praesentis
398 910 501 961 nostroe
513 906 585 979 legis
597 908 726 979 vigorem
736 908 780 963 vel
790 912 945 980 transgres-
994 909 1173 965 monasteriis
1183 909 1365 982 quaequidem
1381 909 1509 966 coenobia
1518 908 1713 981 appellantur,
1722 909 1808 980 jubo-

128 1018 176 1057 sus
196 1000 293 1070 luerit,
317 1001 360 1056 rel
382 1016 439 1055 non
465 999 654 1071 vindicaverit,
676 1001 824 1073 praedictas
847 1018 944 1074 poenas
992 1007 1097 1058 musnt
1107 1003 1263 1058 secundum
1276 1004 1443 1074 praescripta
1455 1007 1485 1058 et
1493 1003 1628 1057 formulas
1638 1003 1812 1057 monasticas

129 1094 289 1150 sustinebit.
312 1094 462 1166 Reliquum
480 1099 523 1149 cst
543 1094 624 1149 nobis
639 1098 667 1149 et
685 1094 720 1150 de
734 1095 943 1151 venerabilibus
993 1112 1093 1151 omues
1114 1097 1143 1151 in
1156 1113 1214 1151 una
1230 1095 1317 1152 domo
1335 1097 1473 1166 habitent,
1491 1112 1593 1152 omnes
1611 1096 1642 1150 in
1657 1112 1811 1150 commune

129 1186 308 1243 monasteriis
321 1193 349 1242 et
363 1187 398 1242 de
411 1187 652 1242 reverendissimis
672 1189 816 1243 monachis
836 1191 943 1249 certum
993 1190 1115 1256 alantur,
1124 1206 1223 1244 omnes
1234 1190 1264 1245 in
1277 1206 1336 1245 una
1346 1190 1431 1245 domo
1438 1189 1577 1245 consimili
1584 1189 1676 1245 modo
1688 1189 1810 1261 separati

129 1281 282 1337 formulam
288 1281 482 1353 praescribere.
492 1281 561 1335 lllud
570 1281 658 1353 igitur
664 1285 730 1337 ante
739 1287 841 1337 coetora
850 1282 945 1338 dicen·
993 1283 1107 1348 cubent,
1114 1285 1147 1337 nt
1160 1282 1281 1338 vicissim
1292 1283 1364 1338 alter
1377 1284 1458 1338 alteri
1474 1283 1602 1338 honestes
1614 1282 1808 1337 conversatio-

129 1376 208 1443 dnm,
222 1380 255 1430 ut
269 1392 320 1446 per
333 1391 418 1429 omne
433 1390 534 1443 aevum,
549 1374 692 1446 elabique
702 1380 843 1430 terrarum
854 1376 944 1431 nostri
993 1375 1388 1448 nistestimoniumpraebeat.
1404 1376 1460 1432 Nisi
1475 1377 1592 1448 quidam
1606 1382 1704 1431 tamen
1719 1392 1755 1431 ex
1770 1376 1810 1431 eis

129 1468 252 1541 imperii,
271 1468 295 1521 si
308 1484 436 1539 unquam
449 1468 551 1539 aliquis
563 1468 722 1524 venerabile
738 1469 944 1525 monasterium
992 1476 1041 1525 aut
1059 1475 1177 1541 propter
1195 1470 1357 1540 longaevam
1374 1470 1405 1524 in
1423 1469 1596 1525 monasterio
1615 1469 1809 1525 conversatio·

129 1562 267 1620 aedilicare
279 1561 409 1631 voluerit,
426 1578 482 1615 non
495 1561 574 1632 prius
587 1561 648 1632 ejus
662 1562 762 1634 agendi
774 1561 941 1633 licentiasit,
992 1579 1069 1631 nem,
1095 1563 1189 1634 quiete
1207 1563 1331 1618 volentes
1349 1561 1453 1632 vivere,
1475 1567 1524 1617 aut
1544 1562 1701 1618 senectutis
1724 1566 1809 1634 atque

129 1672 216 1727 quam
230 1654 279 1709 uei
293 1654 519 1709 amantissimum
532 1655 657 1710 locorum
672 1655 838 1727 episcopum
849 1671 942 1710 aecer·
993 1655 1118 1728 corporis
1132 1655 1305 1711 infirmitatis
1319 1672 1403 1710 causa
1417 1657 1446 1710 in
1469 1655 1583 1710 remotis
1605 1656 1716 1710 cellulis
1738 1657 1809 1712 intra

130 1755 183 1819 sat,
198 1748 247 1820 qni
260 1753 396 1803 etmuuus
410 1747 440 1801 in
451 1747 555 1802 coelum
570 1748 732 1820 protendat,
747 1753 775 1803 et
790 1765 873 1819 prece
894 1727 1364 1824 suassmonasteriumconstitutis
1370 1748 1485 1820 degant,
1494 1748 1658 1804 ethoccum
1665 1749 1809 1804 eonscien-

128 1842 222 1897 loonm
238 1844 293 1896 beo
303 1843 457 1908 consecret,
471 1840 528 1896 lixo
542 1841 572 1896 in
586 1857 619 1896 eo
635 1841 734 1896 salutis
749 1844 852 1896 nostrae
862 1840 944 1913 signo
992 1842 1031 1898 tio
1053 1847 1081 1897 et
1100 1843 1243 1897 voluntate
1257 1841 1367 1896 abbatis
1387 1842 1446 1896 lint.
1462 1841 1510 1896 llis
1529 1842 1666 1897 omnibns
1680 1843 1711 1897 et
1737 1843 1808 1897 circa

132 1936 242 2006 (nempe
256 1934 429 1989 adorandam
441 1934 520 1989 illam
534 1935 562 1988 et
576 1951 641 1990 vere
659 1934 816 2006 preciosam
830 1949 944 1989 crucem
993 1934 1165 1990 monasteria
1181 1938 1210 1990 et
1221 1935 1357 1989 asceteria
1373 1934 1526 1990 mulierum
1548 1935 1763 1990 conservandis.
1779 1938 1807 1990 ln

130 2028 377 2099 dicimusl,sicque
387 2026 565 2082 aedificationi
575 2027 860 2096 deturinitium,cum
872 2042 944 2098 prae-
992 2028 1070 2083 nullo
1084 2026 1246 2100 reipublicae
1259 2032 1362 2082 nostrie
1383 2027 1443 2082 loco
1458 2027 1642 2082 concedimus
1657 2032 1691 2083 nt
1708 2029 1739 2082 in
1753 2045 1808 2083 uno

129 2123 236 2179 clarum
249 2120 319 2175 illud
333 2125 362 2175 et
370 2120 525 2176 condecens
537 2121 756 2176 fundamentum
766 2120 877 2191 jecerit.
891 2122 942 2174 nt·
992 2119 1163 2176 monasterio
1175 2119 1306 2174 monachi
1320 2119 1404 2174 simul
1418 2121 1623 2175 etmonastriae
1633 2120 1806 2189 cohabitent,

128 2231 185 2288 qne
193 2216 245 2270 hoc
253 2214 367 2286 quidem
380 2214 550 2286 principium
564 2214 618 2286 piae
633 2214 836 2270 venerabilium
846 2229 944 2270 mona·
993 2218 1022 2268 et
1032 2216 1077 2285 tut
1088 2211 1274 2284 appellantur)
1282 2212 1406 2284 duplicia
1420 2212 1476 2267 sint
1489 2213 1678 2267 monasteria.
1688 2213 1764 2278 Quin
1776 2215 1808 2268 si·

129 2309 282 2364 steriorum
295 2307 492 2363 exstructionis
503 2313 571 2363 esto.
991 2306 1121 2362 cubitale
1133 2305 1338 2360 monasterium
1353 2305 1501 2360 inventum
1514 2305 1614 2375 fuerit,
1625 2305 1765 2377 jubemus
1780 2311 1808 2360 ut

169 2402 303 2457 lubemns
318 2406 413 2456 autem
427 2404 458 2455 ut
472 2400 558 2455 abbas
570 2400 628 2456 sive
645 2400 877 2468 archimandrita,
892 2399 942 2471 qui
992 2400 1068 2455 viria
1080 2398 1246 2454 mulieribus
1259 2401 1434 2470 separentur,
1447 2397 1528 2453 ethae
1536 2397 1657 2469 quidem
1672 2404 1806 2472 tanquam

128 2494 158 2549 in
171 2495 290 2566 singulis
305 2494 429 2549 existunt
442 2494 632 2562 monasteriis,
648 2510 707 2549 non
723 2510 775 2565 per
786 2494 882 2548 omnia
896 2509 941 2548 se·
991 2493 1190 2549 imbecilliores
1201 2491 1274 2546 ineo
1285 2491 1456 2546 monasterio
1470 2494 1609 2545 maneant
1618 2491 1650 2545 in
1660 2508 1721 2564 quo
1734 2499 1806 2560 sunt,

128 2589 253 2644 eundum
262 2587 644 2659 gradus'monacborum‚sed
654 2587 943 2644 secundnmactiones
990 2587 1044 2642 riri
1053 2589 1149 2641 autem
1162 2585 1239 2639 alind
1252 2584 1304 2639 sibi
1318 2583 1524 2639 monasterium
1538 2589 1699 2639 exstruant.
1719 2585 1748 2640 Si
1763 2602 1806 2639 re·

128 2683 192 2738 vitm
206 2684 355 2737 creentur:
367 2681 415 2735 sed
429 2686 457 2737 et
471 2697 558 2752 quem
572 2697 671 2736 omnes
681 2681 811 2736 monachi
824 2681 874 2752 qui
883 2696 941 2736 me-
991 2697 1023 2735 ro
1031 2680 1114 2753 plura
1125 2678 1263 2749 ejusmodi
1277 2676 1447 2732 monasteria
1459 2678 1592 2743 existant,
1609 2694 1708 2749 neque
1718 2695 1807 2733 neces

128 2777 198 2831 lioro
224 2774 358 2847 opinione
386 2780 452 2829 sunt
477 2774 630 2846 elegerint,
660 2774 811 2846 propositis
839 2772 941 2829 sanctis
992 2791 1020 2831 so
1037 2774 1073 2828 sit
1096 2788 1169 2828 nova
1184 2770 1361 2827 exredilicare
1376 2770 1556 2840 monasteria,
1573 2771 1807 2842 religiosissimis

127 2867 286 2939 Evangeliis
295 2867 402 2938 aientes
412 2868 488 2939 quod
498 2883 615 2938 nonper
624 2866 776 2922 amicitiam
788 2871 942 2939 autquam-
990 2868 1119 2923 locorum
1133 2864 1281 2937 episcopus
1295 2863 1450 2919 monachos
1460 2879 1526 2918 cum
1536 2864 1700 2932 monacbis,
1712 2865 1808 2919 mulie·

128 2960 334 3033 uunquealiam
343 2961 464 3030 gratiam
473 2960 722 3031 ipsnmolegerint,
734 2960 782 3015 sed
791 2960 941 3032 quodcum
991 2978 1035 3016 res
1048 2976 1113 3016 oum
1128 2957 1294 3014 mulieribus
1304 2957 1455 3029 separatim
1464 2957 1494 3011 in
1507 2956 1570 3011 aliis
1577 2962 1665 3029 atque
1679 2958 1742 3012 aliis
1752 2975 1806 3013 mo

128 3058 157 3110 et
169 3053 225 3108 lide
238 3057 347 3107 rectum
360 3052 500 3118 noverint,
518 3058 547 3108 et
558 3053 614 3107 vita
628 3053 789 3119 honestum,
807 3058 837 3107 et
847 3051 939 3106 admi·
952 3090 980 3164 C
991 3052 1123 3108 nasteriis
1139 3051 1273 3121 colligere
1286 3066 1362 3106 curae
1373 3049 1489 3105 habeto.
1502 3049 1579 3113 Quas
1592 3066 1660 3104 vero
1677 3067 1725 3107 res
1737 3068 1806 3106 corn-

127 3145 291 3202 nistratione
300 3144 431 3217 dignum,
440 3145 941 3217 quodqnemonachorumscientiam
992 3163 1092 3202 munes
1104 3146 1180 3200 inter
1194 3161 1224 3200 se
1236 3143 1352 3212 habent,
1367 3143 1413 3198 hae
1425 3159 1477 3215 pro
1491 3159 1536 3213 eo,
1545 3147 1691 3215 quantum
1705 3145 1804 3216 cuique

126 3243 156 3295 et
171 3255 287 3296 omnem
297 3239 460 3294 monasterii
476 3237 655 3310 disciplinam
669 3243 819 3294 aestatum
833 3238 942 3293 utiliter
987 3240 1060 3311 juris
1072 3237 1216 3311 competit,
1224 3236 1395 3293 dividuntor.
1409 3237 1576 3293 Mulieribus
1591 3243 1702 3307 autem,
1713 3255 1807 3310 qnem-

127 3349 292 3390 conserrare
306 3331 403 3404 possit,
421 3328 633 3404 religiosissimo
656 3332 788 3404 episcopo
809 3332 862 3387 sub
884 3348 941 3403 quo
991 3349 1104 3404 cunque
1119 3332 1187 3403 ipsa
1202 3330 1350 3402 elegerint,
1370 3330 1428 3385 sive
1446 3330 1664 3402 presbpternm,
1680 3331 1738 3386 sire
1749 3332 1804 3386 dia·

128 3427 331 3483 monasterium
344 3424 531 3481 constitutum
543 3431 585 3480 est
597 3425 942 3497 omnibusmodispraesu·
990 3443 1104 3494 conum,
1125 3431 1157 3480 ut
1176 3440 1227 3497 pro
1251 3424 1319 3495 ipsis
1341 3423 1519 3495 respondeat,
1542 3426 1595 3478 aut
1615 3430 1744 3480 sanetum
1768 3426 1804 3480 eis

127 3522 186 3576 lem
197 3520 288 3593 quieo
298 3520 382 3575 modo
391 3520 497 3574 electus
506 3521 733 3590 estpromotnro.
743 3521 835 3591 Atque
847 3520 942 3574 omnio
990 3518 1222 3575 communionem
1240 3517 1377 3589 deportet,
1395 3515 1628 3587 religiosissimus
1646 3519 1801 3590 episcopus,

127 3615 198 3683 haec,
206 3631 271 3686 quae
282 3613 317 3668 de
329 3612 484 3685 praesulnm
494 3612 671 3684 promotione
686 3611 796 3667 anobis
809 3613 942 3684 disposita
991 3612 1042 3667 snb
1051 3628 1108 3683 quo
1118 3616 1192 3681 sunt,
1204 3611 1284 3683 quasi
1292 3609 1382 3665 ductis
1389 3608 1682 3680 sortibusattribuito,
1693 3612 1716 3665 si
1726 3616 1803 3667 rectis

127 3707 382 3779 suntproecipimus
395 3705 464 3761 item
474 3705 566 3760 valere
580 3706 611 3760 in
626 3705 831 3761 venerabilibus
845 3721 941 3761 mona·
990 3705 1058 3760 fidei
1071 3708 1100 3760 et
1113 3707 1238 3760 honestae
1251 3704 1315 3760 vitm
1332 3703 1406 3758 hunc
1424 3718 1485 3757 esse
1498 3703 1678 3774 cognoverit.
1693 3703 1804 3769 Quodsi

128 3801 219 3856 steriis
231 3806 258 3855 et
267 3799 410 3856 asceteriis
424 3799 588 3855 mulierum.
991 3798 1138 3870 presbyter
1147 3801 1197 3853 ant
1205 3797 1339 3852 diaconus
1349 3796 1450 3852 nonsit
1458 3795 1508 3866 qui
1521 3794 1802 3867 abipsiselectusest,

164 3894 308 3949 Caeterum
322 3893 345 3946 si
358 3893 422 3963 quis
433 3892 469 3946 ad
484 3892 668 3948 monasticam
682 3892 777 3949 venire
790 3891 875 3949 vitam
888 3910 940 3948 vo·
991 3895 1112 3966 dignum
1129 3894 1225 3946 antem
1239 3890 1289 3945 tali
1303 3890 1461 3944 mimsterio
1477 3888 1629 3961 episcopus
1637 3890 1805 3962 judicator

127 3986 364 4058 luerit,jubemns
374 3989 405 4040 ut
413 3985 558 4056 siquidem
572 3984 607 4040 de
622 4003 655 4041 eo
665 3991 772 4042 constet
780 3987 856 4058 quod
869 3986 941 4042 nulli
991 3987 1137 4045 clinatione
1160 3981 1187 4040 ei
1209 3984 1350 4056 impositu,
1368 3997 1424 4054 qua
1444 3983 1548 4053 dignus
1570 3999 1634 4038 esse
1659 3984 1802 4047 videbitur,

128 4081 222 4138 servili
246 4078 398 4135 conditioni
421 4078 559 4134 obnoxius
583 4078 617 4132 sit
640 4080 744 4149 praesul
764 4079 939 4150 monasterii,
990 4079 1178 4153 respondendi
1188 4077 1231 4150 (ut
1244 4077 1353 4132 dietum
1365 4076 1416 4148 est)
1430 4075 1544 4131 muneri
1560 4093 1630 4132 eum
1646 4094 1700 4149 pro
1711 4095 1802 4132 moun·

128 4175 257 4233 babitunr
269 4172 320 4238 illi,
335 4173 449 4244 qnando
465 4171 517 4227 sibi
533 4171 623 4226 visum
638 4172 734 4242 fuerit,
751 4172 894 4229 adhibeat.
911 4172 941 4230 Si
990 4175 1074 4231 sterio
1083 4171 1239 4229 attribuito.
1249 4171 1290 4225 lta
1298 4175 1403 4238 tamen,
1415 4172 1446 4224 ut
1458 4185 1553 4240 neque
1563 4170 1616 4241 qni
1626 4187 1664 4225 eo
1674 4171 1760 4227 modo
1770 4170 1802 4224 nd

130 4270 165 4326 de
178 4284 283 4324 eonon
297 4271 404 4322 constet
425 4266 538 4321 cuinam
560 4265 716 4320 conditioni
735 4265 873 4321 obnoxius
893 4267 939 4338 sit,
991 4285 1025 4324 ea
1034 4284 1097 4340 quoe
1109 4282 1162 4339 pro
1174 4263 1343 4320 mulieribus
1349 4263 1549 4335 respondenda
1558 4269 1628 4319 sunt
1641 4266 1748 4320 electus
1756 4271 1803 4331 est,

127 4359 939 4429 intratresnnuoshabitumismonastieumnonassumat,
991 4364 1021 4418 in
1036 4358 1406 4417 monasteriocommansat.

129 4457 179 4513 sed
190 4455 439 4527 intrapraedictum
449 4459 562 4526 tempus
572 4450 738 4508 monasterii
752 4454 856 4526 presul
868 4455 981 4533 peri-D
1027 4456 1057 4512 Si
1067 4454 1130 4527 quis
1137 4453 1190 4509 sub
1200 4451 1363 4508 conditione
1372 4450 1538 4523 nuptiarum
1551 4456 1805 4525 autsusceptomm

129 4550 225 4606 culum
237 4548 330 4618 facito,
346 4548 369 4603 si
382 4548 485 4620 pedem
495 4548 600 4602 referre
609 4545 686 4602 volit.
696 4546 754 4602 Etsi
768 4546 843 4602 intra
856 4548 942 4603 trien·
991 4550 1126 4617 liliorum,
1143 4547 1186 4602 rel
1202 4545 1286 4615 dotis,
1302 4550 1352 4600 out
1372 4544 1509 4616 nuptialis
1523 4544 1693 4602 donationis
1709 4548 1805 4620 gratia,

129 4643 211 4700 nium
220 4646 347 4713 emergat
359 4641 462 4713 uliquis
476 4642 526 4712 qui
538 4641 614 4696 hunc
627 4640 670 4695 vel
679 4656 801 4710 semum,
812 4641 855 4696 vel
869 4641 943 4698 colo·
991 4644 1036 4698 vel
1049 4641 1206 4708 donaverit,
1220 4640 1264 4695 vel
1274 4638 1420 4710 reliquerit
1430 4637 1495 4692 liliis
1505 4638 1575 4709 suis,
1587 4638 1640 4694 aut
1652 4641 1805 4714 cuicunque

129 4754 210 4806 num,
224 4736 269 4791 vel
277 4735 464 4806 ascriptitium
479 4750 563 4789 sunm
576 4750 638 4790 esse
652 4732 735 4804 dieat,
753 4735 886 4807 quodque
898 4735 943 4792 uel
992 4736 1038 4793 alii
1061 4750 1202 4808 personis,
1218 4734 1262 4789 vel
1281 4731 1486 4800 haereditntem,
1502 4731 1547 4785 rel
1568 4731 1715 4804 legatum,
1729 4733 1807 4789 uutsi

131 4828 343 4904 agricolationis
355 4828 485 4883 laborem
500 4827 623 4899 fugiens,
638 4827 680 4883 vel
695 4827 801 4899 aliquid
820 4828 942 4899 furatus,
993 4827 1073 4882 initio
1092 4840 1163 4897 pure
1184 4823 1252 4894 ipsis
1276 4820 1429 4891 relinquat,
1451 4822 1550 4891 postea
1565 4820 1620 4875 sub
1646 4839 1706 4878 una
1720 4822 1807 4894 aliqua

130 4921 423 4996 velpropteraliquod
437 4921 571 4976 delictum
582 4921 611 4976 in
621 4921 825 4977 monasterium
835 4921 944 4994 ingres·
993 4910 1218 4976 memoratarum
1226 4913 1425 4971 conditionum
1432 4911 1806 4972 substitutioneautmstiu·

131 5035 178 5074 sus
199 5017 245 5086 sit,
264 5022 293 5073 et
315 5017 376 5072 baec
399 5015 584 5087 comprobato
606 5015 724 5085 inerint,
747 5015 902 5071 restituitor
920 5015 944 5071 is
993 5014 1070 5070 tione
1080 5028 1129 5068 eos
1142 5012 1309 5082 praegravet,
1320 5007 1456 5078 jubemus
1464 5009 1498 5061 ut
1510 5005 1534 5060 si
1551 5023 1654 5063 mares
1667 5015 1719 5065 aut
1732 5008 1804 5064 irmi-

133 5110 310 5166 dominosuo
319 5109 555 5180 cumrebusquas
566 5108 596 5163 in
606 5108 944 5165 monasteriumintulisse
992 5124 1038 5163 uae
1051 5105 1101 5178 qui
1114 5104 1214 5159 talibus
1229 5099 1440 5156 conditionibus
1451 5098 1571 5155 obnoxii
1586 5107 1658 5157 sunt
1673 5106 1802 5157 monaste·

131 5205 266 5279 probatus
280 5203 375 5274 luerit,
388 5203 455 5259 data
467 5202 546 5275 prius
559 5206 588 5258 et
599 5205 715 5274 accepta
724 5201 779 5257 lide
787 5202 944 5274 quodniml
994 5202 1069 5256 rium
1084 5197 1292 5270 ingrediantur,
1303 5199 1352 5250 aut
1364 5191 1467 5260 clerici,
1481 5192 1804 5263 discessissemus

131 5318 147 5357 a
161 5299 278 5356 domino
294 5315 346 5353 suo
355 5298 423 5353 mali
436 5296 622 5370 perpetietur.
636 5296 664 5353 Si
675 5312 759 5352 nemo
770 5295 844 5352 intra
854 5296 943 5352 trien·
993 5293 1086 5350 cetrioe
1097 5293 1176 5360 fiant,
1191 5288 1352 5345 istiusmodi
1365 5287 1543 5342 conditiones
1557 5287 1708 5359 invalidae,
1719 5295 1747 5344 st
1758 5301 1800 5360 pro

132 5390 943 5464 niumconuaaliquampredictarumpersonarumacuo-
994 5405 1051 5444 non
1074 5378 1185 5457 scriptis
1208 5383 1274 5438 sint.
1303 5383 1359 5437 lloc
1380 5383 1477 5436 autem
1499 5380 1610 5437 auxilio
1636 5387 1701 5438 tam
1724 5379 1802 5438 cleriei

131 5485 459 5546 nemetcontroversiam
466 5483 877 5555 mouerit,monusteriiprmsul
882 5487 947 5555 post
994 5498 1080 5555 quam
1093 5476 1256 5535 diaconissae
1270 5474 1452 5530 ecclesiarum
1464 5472 1672 5546 perfruuntor,
1688 5476 1711 5532 si
1726 5486 1801 5544 usque

131 5576 806 5661 trienniideomsmnturpcillihubitumpraebeto,
818 5577 944 5632 siistius-
994 5577 1029 5630 ad
1042 5575 1128 5629 linem
1143 5572 1208 5627 vitra
1220 5585 1279 5626 snm
1291 5568 1326 5623 iis
1341 5567 1483 5633 insistant,
1497 5569 1528 5622 et
1541 5583 1589 5623 res
1604 5585 1641 5624 ea
1653 5568 1800 5626 conduma

128 5668 947 5745 modihom'memdignumjudioaverit,ueqneposteaquis·
996 5669 1115 5723 donatas
1127 5670 1176 5721 aut
1189 5663 1300 5718 relictas
1314 5660 1343 5715 in
1363 5660 1426 5732 pios
1447 5675 1516 5714 usus
1534 5658 1748 5734 insumpserint
1761 5661 1801 5711 ant

120 5785 209 5851 quum
217 5766 401 5846 eincgotium
409 5763 445 5824 de
452 5768 568 5827 statuae
576 5761 945 5843 conditionesuaiacessito,
995 5759 1171 5842 reliquerint.
1190 5758 1263 5815 Nam
1275 5755 1306 5813 in
1323 5752 1454 5834 personis
1472 5767 1539 5831 qum
1552 5751 1587 5813 in
1607 5751 1800 5816 monuerim
