3878 6150
144 270 197 326 aar
937 252 1024 324 vrri.
1775 273 1826 329 aaa

143 375 360 434 xenodochium
370 376 446 433 ultra
456 375 697 446 Sartamtlumen,
706 375 736 431 in
747 377 890 432 bonorem
898 376 964 431 bea·
974 387 1004 460 Α
1014 376 1161 448 latamque
1172 391 1278 447 aquam
1286 375 1419 431 minister
1427 374 1456 430 in
1465 376 1526 447 ejus
1534 392 1637 432 manus
1647 374 1823 447 infunderet,

143 471 266 527 tissime
278 469 379 526 matris
391 470 442 526 Dei
453 475 482 526 et
496 471 621 543 Virginis
634 469 728 527 bieria
741 471 887 542 sapienter
898 469 965 524 aedi-
1015 469 1825 543 etlotismanibusmalluviumasportaret,caecusquidam

143 565 243 621 ficarit
260 568 346 637 atque
368 548 426 620 suae
441 556 568 621 ecclesiia
587 564 671 620 rebus
695 564 813 632 dotavit,
834 567 964 619 accurate
1015 562 1142 635 Siagrius
1157 563 1276 619 numine
1292 563 1317 618 ei
1330 564 1408 619 venit
1419 564 1544 636 obviam,
1560 569 1588 621 et
1601 583 1706 639 aquam
1716 583 1779 639 quas
1790 565 1826 621 de

146 660 328 715 constituens
338 662 370 713 ut
379 658 436 713 illic
445 674 585 730 pauperes
595 663 624 713 et
632 657 778 731 peregrini
789 661 964 729 egentesque
1014 657 1149 712 manibus
1160 657 1303 728 pontificis
1312 658 1470 714 defluxerat
1480 659 1532 714 sibi
1542 659 1604 715 dari
1615 659 1705 732 petiit,
1717 677 1751 715 ee
1760 677 1826 715 suos

145 768 262 821 omnes,
281 752 330 824 qui
346 752 425 807 intra
438 752 538 807 urbem
551 756 670 824 propter
683 752 744 823 ejus
754 752 856 824 jugem
866 737 962 805 custo·
1015 752 1111 807 oculos
1119 751 1278 806 abluturus.
1290 751 1416 806 Minister
1426 752 1454 807 id
1466 753 1695 824 parvipendens,
1708 753 1787 809 dedit
1800 754 1825 809 ei

145 845 228 901 diam
241 845 354 902 admitti
369 861 427 901 uon
441 849 568 917 possent,
582 846 788 918 reciperentur.
803 846 891 900 Porro
905 861 964 899 mo·
1014 860 1129 917 aquam,
1146 848 1177 898 ut
1191 844 1323 916 petierat.
1342 847 1380 900 Ea
1393 862 1482 901 corcus
1497 863 1562 902 suos
1576 846 1704 918 perfudit
1719 849 1824 914 oeulos,

143 939 258 995 nachos
277 938 379 1011 viginti
399 943 523 1010 quatuor
539 939 596 995 illic
617 940 654 995 ad
672 940 779 1012 regulae
797 938 964 993 monastirie
1014 938 1079 993 etin
1091 937 1193 994 Christi
1204 937 1332 1006 nomine,
1344 938 1454 994 meritis
1464 940 1699 995 sanctiltomnoli
1708 956 1773 995 mox
1784 958 1826 994 re-

143 1033 348 1105 praescriptum
359 1033 455 1088 rivere
468 1033 557 1089 voluit
567 1032 615 1105 qui
629 1036 658 1088 et
669 1033 811 1106 perpetim
825 1031 964 1087 servirent
1014 1031 1112 1086 stitnto
1131 1031 1202 1100 visu,
1217 1033 1298 1086 latus
1314 1032 1458 1088 abscessit.
1473 1034 1565 1098 Quem
1582 1034 1699 1105 quidem
1718 1051 1824 1089 caecum

143 1127 208 1182 Deo
222 1130 251 1182 et
264 1127 453 1182 adventantes
467 1143 609 1198 pauperes
623 1129 798 1195 recrearent,
815 1128 901 1197 atque
914 1126 964 1179 bo·
1014 1125 1116 1196 saepius
1130 1141 1184 1196 ego
1197 1124 1264 1193 vidi,
1279 1125 1418 1198 multique
1435 1127 1545 1183 esociis
1562 1127 1674 1195 nostris,
1689 1133 1774 1199 atque
1790 1128 1825 1183 ab

145 1220 239 1291 spites
251 1220 373 1275 comiter
387 1223 417 1275 et
429 1222 623 1291 congruenter
635 1220 807 1291 acciperent.
818 1219 854 1274 lis
867 1222 963 1274 autem
1013 1218 1061 1275 illo
1074 1222 1137 1273 tum
1146 1218 1223 1273 istud
1236 1221 1298 1273 tum
1310 1220 1392 1290 plura
1405 1220 1460 1274 alia
1474 1221 1563 1276 sancti
1575 1221 1627 1277 viri
1639 1221 1777 1276 miracula
1787 1221 1826 1276 di-

144 1312 961 1385 monacbisquemdamcsuisprobatissimavitoerirum,
1014 1312 1827 1383 dici.Perlatacstautemhujusreilamaadmnltornmau-

147 1405 312 1464 Paduinum
325 1407 362 1478 (a)
376 1407 505 1474 nomine,
519 1406 646 1463 ecclesia
659 1407 809 1462 beatorum
823 1405 962 1461 Vincentii
1013 1423 1069 1472 res,
1077 1405 1551 1478 etinvitopontificclongclateque
1559 1406 1670 1475 diffusa,
1681 1408 1826 1462 eratenim

146 1499 964 1573 etLaurentiiperidtempuspraepositum,abbatemprae-
1013 1499 1827 1573 sanctissimusillesenexsingularipraeditusanimimun·

148 1593 235 1649 iecit:
250 1595 404 1666 locumque
418 1594 511 1667 ipsum
527 1597 555 1649 et
574 1593 626 1649 sibi
643 1597 672 1648 et
684 1593 893 1648 suecessoribus
907 1591 964 1647 suis
1014 1592 1084 1648 ditia
1095 1595 1124 1648 et
1135 1593 1308 1649 humilitate.
1320 1593 1377 1648 Nec
1390 1593 1509 1647 dubium
1521 1593 1590 1665 quin
1606 1594 1682 1665 apud
1698 1594 1826 1666 omnipo

149 1687 298 1743 subditum
314 1705 375 1743 esse
393 1688 500 1743 debere
513 1688 649 1756 decrevit,
666 1687 795 1742 adhibita
811 1687 897 1741 etiarn
911 1686 961 1740 ad·
1013 1687 1101 1741 tentis
1113 1686 1165 1741 Dei
1176 1686 1351 1756 singularem
1360 1685 1590 1741 misericordiam
1601 1688 1723 1742 multum
1734 1688 1827 1743 valeat

146 1779 293 1851 juratione
314 1785 343 1836 et
365 1780 566 1849 detestatione,
588 1785 619 1836 ut
640 1780 780 1852 hospitale
803 1780 864 1851 ejus
886 1759 1133 1835 urbissshumani
1148 1779 1242 1835 cordis
1255 1779 1365 1850 puritas
1383 1781 1412 1833 et
1428 1779 1606 1851 simplicitas,
1622 1781 1827 1837 convenienter

149 1875 296 1947 perpetuis
314 1875 493 1947 temporibus
512 1875 542 1929 in
560 1873 729 1946 pontificum
749 1873 857 1929 ditione
878 1878 961 1927 esset.
1013 1873 1055 1928 illi
1073 1873 1222 1928 sententie
1239 1872 1411 1929 Salvatoris:
1430 1875 1507 1930 Beati
1526 1874 1626 1929 mundo
1648 1875 1737 1939 corde,
1759 1892 1824 1946 quo·

181 1971 208 2023 6.
235 1967 349 2032 Quanta
371 1971 469 2024 autem
489 1968 565 2041 apud
582 1985 632 2023 vos
654 1967 763 2039 degens
785 1967 828 2021 vir
850 1968 964 2022 sanctus
1012 1970 1155 2039 ntemtpsi
1169 1967 1405 2022 Deumoidebunt.

150 2076 253 2132 corpus
268 2077 352 2117 suum
366 2061 540 2117 abstinentia
555 2060 693 2128 allecerit,
712 2077 800 2132 quam
817 2077 848 2114 se
860 2076 961 2131 perpe·
1049 2064 1075 2116 8.
1087 2061 1135 2115 Vir
1148 2061 1265 2132 quidam
1276 2059 1390 2128 nobilis,
1406 2075 1512 2131 genere
1528 2062 1557 2114 et
1572 2060 1673 2132 opibus
1688 2061 1826 2132 predives

150 2155 202 2211 tuis
213 2154 373 2210 confecerit
385 2154 497 2227 vigiliis,
512 2171 598 2226 quem
609 2154 639 2209 in
652 2153 823 2226 prestandis
837 2154 962 2208 eleemo-
1013 2153 1166 2227 regiusque
1189 2153 1377 2222 consiliarius,
1398 2153 1429 2207 in
1450 2153 1548 2208 villam
1571 2154 1703 2208 Ecclesia
1720 2154 1764 2210 cui
1784 2156 1826 2212 vir

149 2248 225 2320 spnis
253 2248 379 2304 liberalis
406 2253 435 2303 et
456 2248 590 2320 profusus
613 2248 718 2316 luerit,
746 2248 822 2303 solus
851 2247 899 2302 ille
927 2247 963 2301 ad
1012 2248 1061 2306 nei
1077 2252 1210 2320 praeerat,
1227 2246 1392 2302 Trideutem
1404 2247 1554 2315 vocabulo,
1569 2246 1653 2302 sitam
1668 2248 1697 2302 in
1711 2249 1827 2305 condita

143 2342 269 2412 plenum
289 2342 368 2397 novit
392 2341 436 2396 cni
455 2341 571 2414 cognita
595 2345 661 2397 sunt
679 2341 797 2409 omnia3
823 2358 875 2396 nec
894 2345 962 2412 puto
1013 2341 1189 2400 Diableutica
1212 2340 1244 2412 (c)
1268 2340 1410 2396 obstinato
1435 2340 1532 2397 animo
1554 2340 1665 2409 invasit,
1689 2358 1754 2397 eam
1774 2341 1827 2398 sihi

143 2435 308 2506 quemdam
337 2435 506 2491 mortalium
533 2435 616 2490 facile
641 2434 740 2490 omnia
763 2435 911 2505 explorare
936 2425 964 2488 et
1013 2435 1170 2492 vindicans.
1182 2434 1287 2490 Crebro
1298 2437 1395 2489 autem
1406 2433 1489 2489 illum
1499 2434 1702 2490 admonuitrir
1713 2439 1827 2491 sanctus

135 2524 290 2600 indagare
298 2528 432 2607 potuisse,
442 2528 675 2600 quandoquidem
683 2527 825 2598 ejusmodi
834 2527 880 2581 ille
889 2527 963 2581 clam
1014 2533 1046 2585 ut
1060 2546 1077 2584 a
1090 2528 1147 2584 suis
1160 2528 1308 2584 maleficiis
1318 2527 1507 2601 resipisceret,
1520 2528 1595 2583 etad
1606 2529 1759 2584 meliorem
1771 2530 1828 2585 iru-

130 2623 243 2692 potius
256 2639 345 2694 quam
357 2623 453 2694 palam
463 2621 596 2677 faciebat.
611 2623 654 2689 Et,
671 2624 703 2676 ut
711 2621 809 2693 paucis
818 2621 909 2675 multa
920 2638 964 2675 er·
1014 2638 1079 2694 gem
1090 2638 1120 2676 se
1132 2621 1282 2692 reciperet.
1293 2621 1399 2676 Videris
1410 2625 1507 2677 autem
1519 2637 1548 2675 se
1560 2621 1631 2675 nihil
1641 2621 1753 2677 ratione
1763 2639 1828 2694 pro·

122 2716 312 2786 pediamus,
327 2715 418 2787 qualis
433 2718 614 2787 quantusque
629 2714 725 2783 luerit,
741 2731 805 2786 quae
818 2716 846 2769 et
856 2717 964 2785 quanta
1013 2716 1109 2783 ficere,
1125 2715 1162 2769 ad
1176 2715 1355 2786 precandum
1373 2714 1531 2770 Dominum
1549 2730 1578 2768 se
1592 2715 1721 2783 contulit,
1736 2720 1827 2773 utres

120 2810 285 2881 gesserit,
297 2826 357 2864 non
367 2812 462 2881 potest
472 2808 601 2865 mortalis
613 2809 713 2880 lingua
724 2807 874 2880 explicare,
886 2806 963 2879 quod
1013 2825 1066 2882 pro
1080 2806 1229 2880 expiandis
1241 2807 1365 2879 peccatis
1380 2807 1450 2862 olim
1465 2823 1482 2862 a
1497 2806 1628 2861 fidelibus
1639 2808 1766 2864 ecelesias
1778 2809 1827 2865 do-

116 2917 233 2977 zupra
248 2903 400 2959 hominem
414 2903 501 2958 fuerit
515 2899 655 2974 quidquid
665 2902 726 2957 fere
739 2904 854 2974 gestum
866 2901 902 2955 ab
918 2918 962 2957 eo.
1015 2905 1097 2958 natas
1110 2901 1164 2973 ipsi
1176 2900 1347 2955 restitueret.
1363 2900 1482 2955 lnterim
1493 2900 1648 2972 sacrilegus
1660 2917 1758 2957 rerum
1769 2905 1826 2959 Deo

111 2993 310 3054 Eaeerabat
322 3013 352 3051 se
368 3000 397 3051 et
411 2996 515 3068 vigiliis
529 2999 558 3050 et
571 2996 708 3051 continua
722 2995 830 3063 inedia,
846 2995 919 3050 adeo
934 2997 965 3049 ut
1015 2996 1175 3051 dicatarum
1185 2997 1348 3065 occupator,
1358 2993 1455 3049 divina
1466 2994 1573 3049 ultione
1584 2993 1612 3048 in
1623 3010 1688 3050 cnm
1698 2995 1828 3051 animari*

114 3092 236 3147 etiam
245 3088 396 3147 fortissimi
401 3089 522 3160 juvenes
531 3088 810 3162 ejusparcimoniam
820 3089 896 3143 serre
906 3105 964 3143 non
974 3129 1002 3205 C
1014 3093 1143 3146 vertente
1159 3090 1238 3144 febre
1252 3087 1412 3160 corripitur,
1424 3088 1585 3160 eademque
1598 3088 1780 3144 continenter
1790 3091 1829 3146 la-

111 3187 277 3255 possent.
292 3185 333 3239 lta
342 3200 445 3256 corpus
455 3200 539 3238 suum
549 3182 701 3255 redigebat
712 3182 742 3237 in
756 3182 871 3254 spiritus
881 3181 965 3237 servi-
1013 3186 1107 3240 borat.
1119 3182 1177 3239 Sed
1188 3199 1282 3254 neque
1295 3182 1334 3237 sie
1345 3185 1445 3237 tamen
1455 3200 1502 3237 res
1512 3184 1587 3238 male
1604 3187 1755 3255 usurpatas
1765 3184 1828 3239 red-

113 3278 251 3346 tutem,
267 3276 398 3348 adeoque
418 3276 488 3332 illud
503 3276 710 3344 mortificabat,
732 3279 763 3331 ut
783 3279 880 3348 posset
895 3276 964 3330 illud
1015 3278 1083 3334 dere
1093 3278 1191 3345 voluit,
1202 3280 1233 3332 ut
1242 3277 1303 3348 ejus
1314 3292 1398 3349 poena
1408 3276 1491 3331 lieret
1501 3275 1681 3332 cumulatior.
1693 3278 1763 3332 Cum
1776 3294 1825 3332 au·
1932 3314 1936 3319 -

114 3371 341 3446 apostolicum
356 3388 414 3426 non
429 3369 574 3426 immerito
593 3370 634 3424 illi
647 3370 860 3425 accommodari
873 3387 879 3425 :
898 3372 965 3426 Vivo
1014 3375 1075 3428 tem
1088 3388 1122 3426 ea
1132 3370 1212 3426 febre
1223 3371 1283 3425 dire
1295 3369 1492 3438 afflictaretur,
1504 3371 1578 3425 lecto
1592 3369 1778 3439 decumbens,
1790 3371 1829 3424 vi-

116 3471 238 3522 antem
250 3465 314 3535 jam
333 3480 387 3520 non
406 3481 462 3532 epo,
480 3467 547 3520 oioit
562 3481 625 3520 vero
642 3466 671 3519 in
685 3480 726 3519 me
746 3466 879 3523 Christus.
893 3464 965 3518 Cum
1015 3482 1062 3520 sus
1074 3462 1309 3534 estsibiquadam
1319 3467 1402 3519 nocte
1413 3463 1637 3519 videreldatrem
1646 3463 1763 3519 Domini
1772 3460 1827 3537 (cui

120 3560 295 3633 equitaret
305 3558 335 3612 in
349 3557 463 3626 itinere,
480 3573 594 3629 semper
605 3556 640 3612 de
651 3559 709 3613 Deo
723 3559 773 3611 aut
781 3555 963 3629 loquebatur,
1015 3575 1061 3614 res
1070 3559 1105 3613 ab
1117 3558 1177 3630 ipso
1187 3559 1340 3629 usurpatre,
1353 3573 1467 3628 unaque
1477 3557 1569 3612 beatis
1580 3557 1753 3629 martyribus
1763 3558 1828 3613 Ger-

122 3657 194 3709 aut
213 3651 349 3706 canebat.
367 3652 487 3706 Cursum
502 3651 537 3722 (b)
552 3666 619 3705 vero
633 3666 716 3705 suum
734 3648 774 3721 (id
789 3652 830 3703 est
843 3665 964 3721 pensum
1015 3652 1092 3708 rasio
1107 3650 1272 3708 etProtasio
1287 3649 1388 3706 dicate
1401 3650 1494 3729 erant)
1508 3651 1601 3706 ferreo
1615 3652 1719 3707 malleo
1734 3651 1829 3724 ipsum

122 3743 965 3818 precumcanonicarum)perhoraslegitimaspersolvens
1014 3745 1044 3801 in
1062 3747 1157 3801 fronte
1175 3743 1395 3817 percutientem.
1415 3745 1476 3799 ldor
1496 3743 1585 3815 igitur
1606 3746 1696 3801 multo
1718 3749 1828 3802 terrore

122 3840 261 3911 reliquo
277 3837 334 3893 diei
348 3841 490 3910 tempore,
505 3837 621 3910 quando
640 3838 835 3908 opportunum
848 3835 963 3891 videbe·
1015 3843 1172 3911 correptus,
1182 3839 1219 3893 ad
1230 3841 1361 3894 sanctum
1374 3837 1548 3894 Domnolum
1559 3837 1636 3893 misit
1646 3839 1693 3910 qui
1705 3853 1771 3894 eum
1781 3854 1827 3896 ro⁴

129 3932 203 4002 tur,
216 3928 346 3987 studium
357 3930 497 4004 psallendi
509 3931 604 3986 divina
615 3930 740 4002 eloquia,
749 3933 799 3985 aut
807 3929 964 3999 lectitandi,
1016 3934 1119 4006 garent
1131 3935 1220 3988 utres
1235 3931 1289 4003 ipsi
1300 3931 1409 3986 ablatas
1423 3947 1489 3986 cum
1500 3932 1600 3987 tenore
1611 3932 1760 4004 reciperet.
1772 3932 1829 3990 Nec

128 4025 537 4098 autinprecesincumbendi
545 4041 603 4080 uon
611 4023 823 4080 omittebatdd
834 4040 966 4080 mensam
1015 4030 1113 4082 tamen
1122 4025 1216 4098 potuit
1224 4025 1338 4081 sanitati
1347 4025 1458 4081 restitui
1479 4025 1830 4083 donecsanctusllomno-

129 4116 211 4192 ipso
229 4118 395 4188 accedente,
416 4136 486 4174 mox
504 4118 605 4174 aderat
625 4119 715 4174 lector
732 4118 855 4173 recitans
870 4117 966 4174 divina
1014 4122 1058 4176 lus
1072 4120 1108 4176 ad
1122 4137 1188 4176 eum
1202 4120 1322 4175 reniret.
1339 4119 1393 4174 Ubi
1412 4122 1510 4174 autem
1525 4119 1572 4174 ille
1590 4119 1715 4188 advenit,
1731 4121 1829 4177 omnia

133 4213 281 4285 eloquia:
292 4215 324 4267 ut
333 4213 410 4269 inter
418 4214 516 4284 epulas
527 4211 630 4284 quibus
641 4229 707 4268 caro
718 4213 877 4280 fovebatur,
886 4210 966 4285 spiri-
1014 4213 1043 4269 in
1060 4214 1180 4286 duplum
1197 4213 1320 4268 restituit
1335 4213 1460 4268 ecclesiae
1476 4212 1624 4279 ministris,
1643 4215 1672 4266 et
1686 4216 1752 4283 post
1767 4213 1828 4268 dies

134 4307 276 4363 tualibus
289 4306 434 4363 alimoniis
447 4306 541 4378 potius
555 4307 681 4362 conviva,
695 4307 886 4377 explerentur.
902 4304 967 4361 Nul-
1015 4324 1121 4380 paucos
1131 4307 1263 4379 precibus
1274 4309 1303 4360 et
1313 4306 1424 4360 meritis
1433 4304 1509 4359 beati
1520 4305 1573 4359 riri
1584 4305 1659 4359 salus
1673 4306 1700 4359 ei
1714 4304 1829 4361 reddita

133 4396 210 4456 lum
220 4400 339 4456 omnino
347 4400 402 4456 sibi
412 4404 527 4472 tempus
534 4400 700 4473 preterlahi
708 4400 830 4467 sinebat,
841 4415 898 4470 quo
907 4386 966 4454 non
1016 4404 1059 4457 est
1069 4419 1076 4467 ;
1088 4399 1139 4455 sed
1148 4399 1273 4455 vulneris
1284 4399 1346 4470 ejus
1361 4397 1447 4453 tronti
1459 4398 1564 4453 malleo
1578 4398 1720 4469 impressi,
1733 4398 1828 4470 quoad

141 4495 203 4551 aut
215 4494 365 4567 prodesset
375 4494 447 4562 aliis,
459 4494 555 4550 autad
566 4512 631 4550 suos
639 4494 783 4566 profectus
797 4491 906 4564 aliquid
916 4493 965 4547 ad·
976 4504 1006 4577 D
1016 4495 1094 4562 vixit,
1105 4494 1226 4565 vestigia
1237 4508 1432 4564 permansere.
1448 4491 1530 4556 Quod
1542 4491 1647 4547 idcirco
1658 4493 1765 4548 factum
1776 4497 1828 4563 est,

137 4585 263 4656 jiceret,
278 4588 356 4660 quod
371 4587 470 4660 siquis
485 4588 546 4659 ejus
564 4589 640 4644 lacta
654 4585 792 4642 curiosius
805 4586 968 4658 inquisierit
1017 4593 1049 4643 ut
1064 4588 1110 4643 ille
1126 4603 1177 4642 suo
1196 4587 1326 4657 exemplo
1346 4601 1364 4640 a
1383 4584 1468 4640 simili
1487 4585 1614 4642 facinore
1632 4586 1703 4642 alios
1721 4587 1829 4642 abster-

142 4678 308 4737 innnmera
321 4698 497 4754 magnarum
505 4681 642 4736 virtutum
653 4681 792 4736 miracula
802 4679 939 4748 inveniet,
952 4696 967 4734 e
1017 4684 1103 4737 reret.
1115 4679 1191 4746 Quas
1201 4682 1298 4734 autem
1308 4694 1353 4733 res
1362 4678 1411 4734 ille
1422 4678 1580 4751 duplicatas
1590 4683 1652 4734 tum
1662 4683 1759 4736 sancto
1769 4679 1829 4736 viro

144 4775 256 4846 quibus
270 4792 325 4832 nos
337 4776 382 4830 vel
396 4792 487 4848 pauca
500 4791 676 4848 promemus.
1016 4773 1152 4841 restituit,
1169 4790 1220 4829 eas
1235 4771 1355 4828 ecclesia
1371 4775 1469 4828 nostra
1485 4773 1624 4828 hactenus
1638 4773 1772 4845 possidet.

710 4882 713 4890 ·
1054 4871 1080 4925 9.
1091 4866 1223 4932 Quodam
1235 4865 1465 4938 quadragesimae
1473 4869 1605 4938 tempore
1616 4866 1645 4920 in
1656 4862 1831 4921 cellamdnia

478 4925 589 4982 CAPUT
607 4927 640 4981 Η·
1018 4963 1086 5018 soloe
1100 4959 1138 5033 (d)
1150 4959 1320 5016 monasterii
1332 4959 1375 5014 vir
1390 4963 1505 5015 sanctus
1518 4975 1579 5015 sese
1593 4958 1757 5027 abdiderat,
1774 4960 1828 5016 Do-

325 5040 411 5095 Vstl‘i'a
423 5040 558 5094 miracula
569 5041 600 5093 ²¹²²
612 5039 670 5093 vita
679 5042 803 5108 palmia·
1017 5055 1098 5111 mino
1109 5053 1139 5108 in
1150 5053 1263 5109 silentio
1275 5056 1303 5107 et
1316 5053 1470 5108 solitudine
1481 5056 1640 5108 vacaturus.
1651 5054 1721 5109 Ecce
1732 5056 1829 5108 autem

192 5161 217 5211 7.
234 5155 367 5222 Quodam
378 5154 424 5210 die
439 5154 598 5225 Dominieo,
610 5170 675 5209 curn
686 5157 802 5226 peracto
819 5151 914 5209 oltlcio
925 5167 968 5207 so-

151 5245 247 5305 lemni
262 5249 299 5306 ad
312 5264 444 5305 mensam
459 5264 615 5321 pransurus
626 5265 658 5303 ex
669 5264 750 5304 more
767 5246 927 5315 accederet,
938 5246 969 5299 il·

193 5387 967 5466 (o)SubnominesanctiPaduini,vulgosanctiParini,

154 5464 200 5519 est
210 5456 349 5535 parochia
363 5461 394 5517 in
405 5462 518 5518 dioecesi
532 5460 744 5519 cenomanensi
760 5460 807 5514 ubi
823 5459 924 5515 colitur
937 5463 969 5515 t5

152 5530 333 5591 Novembris.
344 5535 409 5588 Vita
416 5534 512 5605 aliqua
523 5534 584 5603 ejus
593 5536 683 5587 exstat
692 5533 768 5587 inter
776 5534 847 5586 Acta
855 5533 967 5587 saneto-

153 5618 219 5661 rum
233 5605 343 5663 ordinis
356 5605 535 5660 benedictini
548 5605 644 5659 saeculi
654 5603 749 5675 primi.

1019 5150 1143 5204 Francus
1156 5147 1275 5219 quidam
1289 5146 1392 5201 nobilis
1405 5162 1522 5217 genere,
1535 5147 1597 5218 regi
1610 5146 1693 5203 valde
1705 5147 1829 5202 familia-

1018 5242 1067 5312 ris,
1084 5242 1241 5314 quemdam
1260 5240 1322 5310 ejus
1336 5239 1469 5295 Ecclesia
1483 5240 1591 5309 villam,
1611 5241 1760 5296 bonallam
1779 5256 1829 5295 no·

1020 5390 1098 5445 nudo
1111 5388 1204 5460 capite
1219 5386 1323 5452 dicero,
1337 5386 1378 5441 uti
1393 5386 1421 5440 in
1437 5386 1498 5513 equs
1512 5387 1575 5442 Vita
1588 5388 1767 5443 Fortunatus.

1056 5461 1089 5532 (e)
1101 5459 1222 5515 Condita
1231 5457 1409 5512 Diablentica
1419 5456 1444 5512 vi
1468 5462 1532 5513 etur
1541 5475 1602 5514 esse
1614 5458 1683 5514 ditio
1693 5461 1829 5513 Cenoma

1021 5527 1379 5600 niscontiguaPerchensis
1391 5527 1553 5597 comitatus,
1565 5546 1661 5584 versus
1667 5528 1829 5595 Negentum

1020 5601 1172 5658 Rotrudis:
1190 5605 1218 5654 et
1231 5617 1263 5654 ex
1277 5617 1344 5655 voce
1358 5603 1466 5657 condito
1480 5618 1541 5672 pro,
1559 5597 1735 5670 regiuncula,
1751 5611 1830 5650 man-

177 5678 228 5758 ¹(t)
238 5679 353 5744 Cursus,
367 5680 398 5731 ut
408 5675 454 5731 hie
467 5675 662 5747 explicationis
672 5690 757 5728 causa
771 5670 896 5742 additur,
907 5686 971 5745 pas.
1020 5673 1088 5728 sisse
1104 5669 1218 5727 Francis
1230 5688 1337 5727 nomen
1350 5672 1447 5741 Condi,
1464 5673 1551 5728 etiam
1563 5669 1649 5724 hodie
1661 5665 1790 5737 pluribus
1800 5667 1829 5721 in

160 5762 212 5804 sim
226 5765 279 5821 pro
293 5747 397 5804 divinis
411 5747 511 5803 officiis
527 5750 577 5802 aut
590 5746 667 5801 horis
678 5744 823 5801 canonicis
836 5745 967 5799 sumitur.

160 5818 200 5877 lta
215 5821 396 5878 memoratur
411 5821 525 5876 sanctus
551 5819 711 5874 Germanus
734 5817 833 5872 solitus
855 5832 969 5872 cursum

1020 5744 1111 5801 Gabia
1121 5742 1191 5799 locis
1204 5760 1370 5800 commune.

1057 5815 1096 5890 (d)
1110 5815 1236 5885 Anisola,
1253 5815 1311 5871 sire
1328 5813 1465 5871 Aninsula
1483 5811 1594 5867 celebre
1611 5808 1829 5882 monasterium,
