3878 6150
123 278 172 330 681
870 270 1012 328 ΝΟΤΙΤΙΑ.
1756 283 1807 337 68¹2

159 379 290 437 Dominis
304 380 419 450 sanctis,
430 383 459 436 et
471 379 627 452 apostolica
642 380 710 435 sede
726 378 904 450 dignissimis
912 379 941 433 iu
952 391 982 464 Α
992 394 1090 449 prona
1101 377 1306 435 mentisstudio
1317 380 1447 452 cogitaris
1460 383 1548 436 etiam
1562 382 1597 438 de
1608 383 1729 440 aliarum
1740 403 1806 459 pro·
1824 359 1840 386 ⁰

121 476 238 533 Christo
260 475 400 548 patribus,
429 475 562 530 omnibus
589 473 729 546 episcopis
757 473 942 544 Redegundis
991 472 1126 539 lectibus,
1143 474 1807 535 utannuentedominomeadesideriaeilice-

121 565 279 638 peccatrix.
991 570 1092 621 rentur
1103 567 1388 638 reliquisprolutura,
1400 568 1566 625 instituente
1578 575 1664 643 atque
1674 589 1808 630 remune-

159 661 304 731 Congruae
318 658 488 730 provisionis
498 661 564 713 tunc
574 656 745 717 roboraliter
755 655 793 710 ed
806 655 941 710 ellectum
991 663 1074 735 rante
1086 661 1350 732 praecellentissimo
1363 662 1472 719 domno
1483 681 1551 736 rege
1562 666 1696 735 Clotario,
1708 685 1808 724 mona-

119 753 218 808 tendit
228 751 387 820 exordium,
395 769 462 807 cum
469 750 653 824 generalibus
659 750 797 822 patribus,
810 748 940 816 medicis,
991 753 1109 808 sterium
1119 755 1280 825 puellarum
1289 756 1402 811 Pictava
1411 757 1481 812 urbe
1493 758 1636 827 constitui,
1648 760 1808 817 conditum-

119 864 157 902 ec
176 847 352 918 patrebus,
372 845 453 900 ovilis
473 846 526 900 sibi
548 844 692 900 commissi
712 860 798 899 eausa
826 840 962 898 auribus·
991 862 1057 917 que,
1073 850 1213 918 quantum
1223 848 1501 905 mibimuuifieentia
1516 852 1622 923 regalis
1635 855 1804 925 estlargita,

120 941 260 1007 traditur,
271 956 430 1011 eorumque
440 939 569 995 sensibus
584 937 940 1008 commendatur‚quorum
991 941 1067 995 lacta
1079 940 1236 996 donatione
1252 942 1358 997 dotari.
1379 945 1495 1016 lnsuper
1515 947 1733 1017 congregationi
1756 965 1806 1019 per

120 1033 307 1106 participatio
323 1033 359 1088 de
370 1033 508 1088 charitate
520 1032 729 1099 consilium,de
739 1031 942 1103 potestatesul·
991 1050 1039 1088 me
1058 1034 1169 1090 Christo
1189 1038 1342 1107 prestante
1361 1039 1487 1093 collectae
1507 1040 1655 1110 regulam,
1676 1041 1727 1095 sub
1749 1057 1806 1113 qua
1904 1084 1909 1089 .

119 1128 301 1199 fragium,de
312 1127 441 1182 oratione
451 1126 615 1182 ministrare
625 1125 940 1198 poteritinterventum.
991 1131 1090 1183 sancte
1104 1129 1225 1184 Caesarie
1239 1128 1366 1200 deguit⁸,
1379 1135 1432 1187 etc.

119 1223 157 1276 Et
170 1221 311 1293 quoniam
325 1220 393 1276 olim
406 1220 505 1275 vinclis
525 1219 671 1275 laicalibus
693 1218 941 1287 absoluta,disina
1026 1223 1140 1292 Reliqua
1163 1223 1263 1278 videsis
1290 1229 1352 1279 ione.
1375 1226 1493 1294 praced.
1515 1228 1565 1282 col.
1593 1229 1654 1291 522,
1679 1229 1726 1282 abi
1752 1228 1807 1284 bac

120 1314 495 1388 providenteetinspirante
504 1313 714 1382 clementia,ad
724 1313 942 1384 religionisnor·
991 1316 1105 1386 epistota
1118 1332 1136 1370 a
1149 1315 1275 1384 Gregorio
1291 1320 1441 1374 Turoaeasi
1452 1321 1581 1387 refertar.

120 1425 203 1465 mam
211 1409 272 1464 visa
284 1425 348 1464 sum
360 1408 520 1464 voluntarie
535 1407 606 1464 duce
620 1406 731 1463 Christo
742 1406 893 1474 translata;
908 1423 942 1461 ac

158 1554 276 1611 'Soror
287 1553 379 1611 sancti
389 1552 520 1608 Caesarii:
538 1555 587 1607 aut
601 1555 678 1606 certe
685 1550 785 1622 junior
797 1551 897 1618 altera,
919 1550 941 1606 si
991 1551 1108 1623 perstite
1122 1551 1215 1608 adhuc
1228 1553 1350 1610 casaria
1364 1553 1516 1621 defuncte,
1530 1555 1559 1608 in
1575 1555 1725 1612 abbatissa
1742 1575 1805 1614 mu-

120 1629 197 1697 degit
207 1629 296 1698 legas.
304 1628 370 1680 lluae
380 1624 521 1696 siquidem
531 1623 660 1694 ejusdem
668 1622 830 1677 nominisct
839 1636 941 1676 mune·
993 1639 1061 1677 nere
1074 1625 1217 1692 successit,
1231 1628 1262 1678 ut
1272 1628 1371 1680 auctor
1381 1628 1424 1679 est
1433 1626 1591 1696 Cyprianus
1601 1627 1630 1681 in
1643 1628 1706 1683 Vita
1716 1631 1806 1685 sancti

123 1699 161 1753 ris
179 1698 312 1754 Caesarine
333 1698 458 1750 luerunt.
474 1696 537 1751 Una
550 1693 639 1749 sancti
653 1693 767 1748 Caesarii
789 1709 940 1763 germana,
992 1694 1116 1760 Caesarii,
1130 1711 1215 1765 quam
1226 1697 1355 1751 Caesariae
1365 1697 1450 1766 hujus
1463 1701 1566 1768 rogatu
1580 1701 1750 1770 composuit.
1764 1701 1806 1755 Ab

122 1787 213 1851 quam
228 1767 367 1825 Caesarius
377 1767 467 1821 irater
477 1765 658 1821 conditoase
668 1764 845 1820 monasterio
856 1764 941 1819 abbe·
992 1765 1045 1820 bac
1060 1766 1163 1820 eadem
1170 1766 1356 1838 Radegundis
1368 1769 1629 1838 regulamCaesarii,
1644 1786 1731 1841 quam
1743 1789 1805 1827 mo·

121 1845 223 1896 lissam
234 1839 373 1912 prefecit,
390 1837 473 1909 eique
488 1838 630 1907 regulam,
648 1836 700 1890 sub
721 1851 777 1906 qua
799 1851 865 1890 cum
884 1835 942 1889 suis
992 1837 1115 1892 naslerio
1131 1853 1182 1893 suo
1193 1838 1331 1906 traderet,
1345 1839 1461 1910 expetit.
1474 1840 1533 1895 lac.
1550 1840 1627 1896 Sina.

121 1913 241 1979 vireret,
264 1909 396 1966 instituit.
411 1908 555 1964 Posterior
575 1909 675 1975 altera,
695 1923 759 1978 quae
779 1905 878 1978 priori,
898 1923 942 1960 su-

120 1996 1801 2085 *ffl—a—m—ss'ssm

365 2219 852 2349 DECRETUM
920 2214 1575 2381 EPISCOPORUM,

425 2445 507 2499 QUOD
530 2442 683 2491 sussum
704 2444 812 2489 BEATAE
832 2443 1026 2490 marcescis
1047 2444 1199 2491 Erlsroua
1221 2446 1501 2493 consculrsuuuur.

157 2584 288 2641 Domina
305 2584 488 2655 beatissimae,
498 2590 528 2642 et
550 2586 580 2641 in
604 2585 715 2641 Christo
734 2584 860 2641 ecclesiae
874 2585 939 2640 filiae
949 2599 978 2673 B
988 2602 1095 2643 mense
1105 2586 1261 2643 divinitatis
1276 2587 1424 2659 provisura
1436 2588 1575 2656 remedia,
1587 2592 1640 2644 etc.

121 2678 310 2752 Radeguudi,
329 2680 524 2751 Euphronius,
550 2682 746 2749 Praetextatus,
767 2681 937 2747 Germanus,
1024 2682 1139 2751 Reliqua
1152 2682 1252 2737 videsis
1266 2683 1345 2751 Grec.
1361 2685 1460 2738 Taren.
1485 2683 1531 2737 lib.
1549 2699 1587 2746 ix,
1610 2698 1669 2752 cap.
1690 2685 1735 2752 39,
1751 2684 1801 2739 ccl.

121 2773 426 2843 Feli1,llomitiannus,
438 2773 577 2830 Victorius
587 2775 792 2841 etllomnolus,
804 2772 938 2845 episcopi.
990 2777 1040 2829 sss
1051 2780 1114 2830 tom.
1125 2776 1243 2845 praeced.
1313 2834 1317 2841 ,

155 2866 285 2922 Sollicita
293 2871 358 2923 suut
368 2867 479 2940 jugiter
491 2867 566 2923 eirca
587 2884 677 2939 genus
697 2868 860 2924 humanum
883 2869 938 2925 im·

120 3016 1798 3079 Ἥ

700 3197 783 3242 ΔΝΝΟ
807 3196 914 3243 borma
938 3195 1220 3244 Dum-Dfflvll·

322 3340 1068 3572 BENEDICTUS
1144 3342 1461 3542 PAPA
1540 3345 1612 3545 Ι.

471 3803 702 3894 ΝΟΤΙΤΙΑ
746 3807 817 3893 EX
861 3807 1030 3895 LIBRO
1075 3803 1451 3894 PONTIFICALI.

154 4080 344 4138 Benedictus·
356 4085 473 4141 natione
483 4086 668 4144 Romanusex
680 4092 762 4161 patre
773 4087 930 4159 Bonilacio,
941 4102 969 4178 C
982 4087 1096 4162 eodem]
1115 4091 1245 4160 tempore
1266 4104 1338 4159 gens
1351 4085 1625 4158 Langobardorumc
1643 4084 1745 4140 invasit
1757 4087 1798 4141 to

126 4172 191 4229 sedit
205 4192 298 4231 annos
312 4177 326 4218 b
338 4181 462 4250 quatuor
471 4179 520 4253 (a),
533 4197 665 4239 mensem
686 4200 786 4253 unum,
808 4182 868 4238 dies
888 4178 929 4239 vi-
979 4182 1169 4259 tamltaliam,
1179 4182 1320 4254 simulque
1331 4184 1360 4236 et
1369 4181 1460 4236 fames
1471 4179 1569 4247 nimia,
1580 4181 1613 4233 ut
1624 4178 1712 4233 etiarn
1722 4179 1795 4234 mul·

127 4266 188 4335 giuti
204 4272 269 4325 octo
285 4271 360 4342 [dod.
376 4275 450 4338 Luc„
471 4274 598 4348 novemt.
614 4275 750 4361 Ejusdem
765 4276 841 4350 [cod.
855 4281 929 4341 Luc„
979 4275 1072 4334 titudo
1083 4280 1242 4334 castrorum
1254 4293 1283 4332 se
1296 4275 1422 4331 traderet
1433 4271 1638 4345 langobardis,
1648 4273 1795 4343 uttempe·

719 4412 722 4417 ’
761 4433 859 4488 sora
878 4433 1034 4489 serualur
1055 4433 1144 4489 amu.

151 4541 243 4595 'Cum
254 4541 385 4598 Romana
401 4545 483 4601 sedes
498 4547 534 4602 ob
549 4550 688 4604 tumultus
698 4548 814 4605 bellicos
830 4567 926 4607 vacas·
978 4568 1085 4623 magna
1105 4553 1200 4622 strage
1215 4547 1371 4604 exercitum
1389 4547 1450 4620 ejus
1465 4547 1689 4618 prostraverunt.
1710 4545 1796 4617 Cujus

128 4610 158 4660 tet
175 4628 289 4692 meuses
306 4614 405 4670 decem
423 4621 452 4671 et
473 4621 529 4672 tres
544 4618 614 4688 dics,
639 4621 816 4690 Benedictus,
861 4639 926 4677 uem
977 4623 1020 4678 rei
1036 4622 1170 4677 nuntium
1183 4621 1252 4675 dum
1269 4618 1305 4674 ad
1319 4619 1413 4690 ipsum
1426 4618 1632 4698 imperatorem
1650 4618 1795 4699 perlatum

128 4675 830 4763 GracciBonosumnominant,ereatusestpontilex
859 4694 927 4751 'cib
978 4697 1062 4762 esset,
1086 4696 1184 4748 mente
1205 4691 1385 4747 abalienatus
1408 4691 1471 4758 fuit,
1498 4688 1630 4744 dilucidis
1648 4688 1794 4743 interdum

127 4743 186 4819 lau,
198 4771 276 4810 anno
287 4757 599 4831 ChristiRedemploris
608 4766 669 4821 57³.
684 4764 773 4834 Hujus
796 4769 927 4838 tempore
978 4765 1134 4820 intervallis
1146 4764 1182 4819 ad
1199 4762 1345 4818 modicum
1365 4762 1504 4818 duntaxat
1518 4757 1657 4831 temporis
1670 4761 1795 4830 spatium

127 4814 292 4906 Langobardi
302 4828 429 4884 maxima
439 4848 471 4884 cx
482 4835 562 4902 parte
573 4833 716 4889 idolorum
730 4837 861 4891 cultores.
880 4838 929 4891 Ec·
977 4837 1156 4907 resipiscens.
1177 4834 1220 4888 Ab
1238 4835 1292 4889 boc
1316 4834 1393 4888 malo
1426 4832 1555 4914 corporis
1585 4831 1722 4885 liberatus
1752 4833 1795 4885 cst

126 4889 228 4968 tlesram
245 4896 309 4952 dira
321 4901 519 4970 persecutione
528 4907 676 4975 vexarunt,
688 4907 750 4961 loca
760 4907 928 4963 sacraellos-
978 4908 1095 4979 quaudo
1111 4906 1148 4963 ed
1161 4904 1374 4960 conciliandum
1388 4904 1442 4960 sihi
1454 4903 1584 4959 divinum
1598 4918 1707 4956 numen
1722 4904 1794 4957 tem·

125 4971 489 5047 ltausanctornmmertymm
499 4976 634 5045 sepulcris
643 4978 843 5048 profanarum,
858 4979 927 5034 eidi-
977 4980 1057 5051 plum
1067 4977 1202 5033 exstruxit
1213 4975 1263 5032 Dei
1274 4976 1405 5049 genitrici
1415 4975 1519 5041 llariae,
1540 4989 1603 5044 qua
1626 4972 1651 5026 ei
1678 4975 1793 5028 tantum

126 5027 213 5113 ficiam
224 5039 369 5120 suburbiis
379 5043 477 5099 Rornoe
491 5045 655 5115 diruerunt,
675 5052 806 5104 sanctum
825 5050 928 5105 Gerbo·
978 5050 1136 5105 sanctitatis
1156 5048 1297 5121 prestitit,
1325 5052 1357 5102 ut
1378 5046 1502 5102 dilucido
1522 5043 1671 5124 intervallo
1686 5045 1792 5115 potius,

126 5114 928 5192 mumepiscopumcumsuisclerieisinexsiliumfugarunt
978 5121 1086 5176 cunctis
1100 5123 1178 5175 recte
1196 5118 1348 5191 dispositis,
1370 5121 1476 5172 statum
1496 5115 1658 5186 reipublice
1679 5115 1709 5170 in
1730 5120 1792 5172 tuto

127 5180 720 5261 tctogrntarusticos‚quorumquadraginta
732 5192 928 5247 immolatitias
978 5193 1140 5248 collocaret.
1157 5190 1211 5264 (lic
1222 5189 1431 5260 miscetbllist.)
1521 5255 1556 5268 ..
1596 5255 1601 5266 1

126 5257 212 5305 tunes
227 5253 392 5323 comedere,
408 5257 457 5312 alii
472 5275 505 5313 ca
527 5262 559 5313 ut
572 5277 665 5331 capra
676 5262 796 5318 adorere
814 5279 926 5317 recusa·
1013 5265 1028 5306 1>
1043 5264 1132 5318 Annis
1142 5266 1275 5334 quatuor,
1288 5277 1388 5314 mense
1399 5260 1602 5328 unoetvrgintr
1616 5261 1680 5313 octo
1693 5258 1793 5315 diebus

126 5309 190 5390 lant,
204 5325 346 5395 supplicio
358 5329 489 5384 mortisa
510 5331 639 5386 'ecerunt
656 5334 714 5387 llac
727 5335 927 5405 persecutione
978 5337 1076 5391 sedem
1086 5334 1262 5407 pontificiam
1272 5331 1374 5386 tenuit.
1394 5330 1470 5386 Obiit
1485 5329 1562 5383 euim
1577 5346 1653 5385 anno
1672 5330 1792 5386 Redem-

125 5394 301 5451 caenacula
320 5399 579 5473 contigeruntquae
603 5403 727 5459 inlibris
746 5406 928 5475 dialogorum
978 5408 1052 5479 ptp'
1081 5405 1245 5472 nostritill,
1279 5401 1351 5456 ridie
1362 5400 1506 5457 Kalendas
1518 5401 1649 5471 Augusti.

125 5469 525 5548 lcensenturapudeumdem
534 5473 705 5546 Gregorium
715 5476 750 5531 de
760 5480 929 5533 sanctoCer
982 5499 985 5503 ·
1009 5468 1036 5529 16.
1066 5494 1103 5533 uo
1117 5420 1443 5546 temporediangobardi
1465 5473 1495 5528 iu
1520 5472 1630 5527 ltaliam
1649 5468 1792 5597 mmcd

80 5582 88 5597 .
125 5523 197 5618 baum
208 5554 355 5610 episcopo,
368 5541 497 5610 santulo,
510 5544 630 5626 aliisque
642 5547 828 5618 presbyteris.
841 5547 926 5603 lusti·
978 5554 1065 5621 supra
1075 5546 1174 5621 dixiiu
1186 5545 1263 5601 uotis
1276 5544 1312 5599 ad
1325 5545 1419 5600 Vitam
1431 5542 1560 5601 loannis.
1574 5545 1639 5598 llaec
1650 5543 1755 5621 Anasta

124 5612 517 5681 lusrmperatordnastasium
523 5618 744 5686 Antiochenum,
753 5618 929 5689 obqueedam
977 5620 1099 5675 fortusse
1115 5614 1302 5688 intelligenda
1312 5618 1422 5672 suntde
1433 5615 1602 5671 eorumdem
1615 5614 1792 5684 grassatione

124 5676 852 5760 erimineilliobJecudepositum,relegavit.Quare
863 5707 928 5747 cum
978 5691 1036 5759 illa,
1054 5706 1141 5761 quam
1157 5692 1271 5744 sanctus
1290 5688 1344 5744 Gre
1367 5689 1444 5745 orius
1460 5688 1536 5743 inter
1556 5700 1643 5738 saras
1659 5681 1791 5738 Ecclesiae

124 5757 251 5823 baguam
266 5753 446 5880 epudlteum
469 5757 609 5814 offensam
628 5761 731 5815 merito
752 5760 927 5833 incurrisset,
977 5761 1193 5836 persecutiones
1207 5705 1369 5816 onumeref.

124 5823 212 5880 onnia
222 5822 265 5881 illi
302 5825 418 5898 cinceps
435 5826 465 5882 in
474 5829 558 5901 pejus
569 5835 654 5887 'ruere
665 5838 822 5904 coepemnt.
836 5837 929 5891 Perse
1016 5835 1054 5906 (a)
1067 5833 1176 5889 Eadem
1187 5831 1353 5890 babetCod.
1368 5847 1423 5889 ms·
1439 5825 1577 5898 llardysil.
1593 5826 1674 5883 Laus.

275 5923 423 6049 erxop
437 5926 555 5994 lllllll.
1469 5920 1476 5931 '
1595 5929 1645 5988 ua.
