3878 6150
573 286 743 351 EPISTOLAE
761 288 804 361 ET
821 288 987 351 rucuma
1566 291 1617 348 ⁷4ss

102 404 110 447 .·
141 405 312 464 oneramur,
346 395 556 454 intercessionis
586 403 753 460 continuum
763 401 921 492 Ascientes
941 400 1015 456 sead
1033 398 1225 471 episcopatum
1242 412 1296 453 nec
1317 399 1410 467 aetate
1424 411 1477 452 nec
1490 396 1617 466 scientia,

102 500 154 541 um
174 490 295 559 orantes,
310 494 339 545 et
353 491 569 566 quibuscunque
592 496 690 553 valetis
709 498 752 552 si·
802 512 854 552 neo
868 496 933 551 vitoe
947 493 1057 549 meritis
1067 507 1149 564 posse
1162 491 1290 564 perduci,
1309 490 1345 546 ed
1354 491 1408 546 hoc
1421 492 1618 547 tantummodo

102 584 200 652 mutes,
221 586 360 654 quatenus
381 586 454 641 sicut
475 588 668 660 praedicationi
681 592 753 647 sedis
803 589 959 661 inquietare
971 586 1123 643 Ecclesiam
1138 586 1245 655 volunt,
1259 590 1294 641 ut
1313 583 1366 640 sihi
1378 584 1413 640 do
1437 585 1491 655 his,
1507 601 1571 657 quar
1584 601 1620 641 ex

107 676 275 744 consonatis,
289 677 328 732 ita
342 679 402 749 eJ'us
414 680 477 752 paci
487 685 579 737 vestra
592 684 753 755 impetratio
803 684 864 755 ipsa
876 684 1051 754 praesumpte
1060 684 1137 750 sunt,
1143 679 1343 752 impunitatem
1349 677 1464 733 futurus
1471 679 1620 750 promittat

102 767 152 829 tet
164 768 262 840 quieti.
276 771 350 826 Deus
364 776 392 827 tc
405 773 578 831 incolumem
597 778 750 847 custodiat,
804 777 959 848 episcopus,
975 780 1005 831 et
1016 774 1066 829 liat
1086 773 1193 846 rapinae
1207 772 1352 843 securitas,
1368 771 1547 843 episcopatus
1560 789 1619 828 am·

102 859 220 918 tissime.
247 865 350 920 Datum
372 867 464 938 pridie
487 869 602 925 Kalend.
631 871 753 928 Novem·
802 869 871 927 bitio
880 887 889 941 ;
903 870 957 925 hoc
970 867 1056 925 etiam
1069 884 1117 922 vos
1133 866 1266 922 duximus
1278 866 1509 936 commonendos,
1524 870 1555 921 ut
1568 866 1616 922 de·

102 960 211 1025 perante
236 957 351 1014 domino
365 961 497 1017 Mauricio
518 963 627 1020 Tiberio
647 966 751 1038 imper.
803 970 912 1020 cretum
935 964 965 1019 in
978 961 1120 1034 Elpidium
1142 961 1294 1016 diaconum
1319 960 1435 1028 lactrrm,
1448 962 1476 1014 et
1493 959 1616 1014 subscri-

102 1062 165 1104 tnno
178 1053 204 1118 5,
220 1049 373 1109 indictione
386 1057 413 1109 o.
802 1062 884 1131 ptum
896 1058 932 1113 ah
945 1055 1085 1125 omnihus,
1099 1071 1170 1128 quos
1184 1060 1273 1110 vestra
1286 1053 1385 1110 relatio
1398 1052 1566 1125 designavit,
1581 1054 1618 1109 ad

181 1185 336 1242 DECRETA
355 1187 488 1247 PELAGH
802 1169 856 1209 nos
869 1168 935 1208 cum
947 1149 1076 1225 praedicti
1088 1148 1239 1205 visitatoris
1252 1147 1379 1220 epistola,
1396 1149 1425 1203 et
1436 1163 1502 1202 cum
1518 1148 1617 1203 eodem

492 1233 499 1246 ⁶
801 1244 920 1319 diocom
942 1243 1100 1313 maturetis,
1115 1243 1172 1297 Deo
1195 1241 1376 1314 propitiante,
1391 1241 1561 1312 perducere·
1583 1244 1618 1296 Et

102 1312 230 1358 mmm
245 1319 305 1365 ΟΜ
319 1321 439 1364 ³⁸⁰⁰⁸¹²⁰
451 1323 632 1366 mmm·
801 1345 968 1412 postpauca.
982 1339 1053 1395 Cum
1071 1337 1160 1409 igitur
1172 1337 1229 1391 huc
1246 1335 1322 1391 tilius
1336 1340 1432 1389 noster
1447 1333 1616 1406 magnificus

310 1416 379 1472 Vlll.
800 1434 844 1488 vir
860 1435 915 1489 Leo
937 1437 1042 1505 praetor
1062 1430 1193 1499 venisset,
1217 1429 1315 1484 retulit
1332 1427 1414 1485 nohis
1440 1428 1475 1483 de
1497 1428 1616 1499 singulis

107 1507 342 1608 PallaAsswflissae
355 1512 489 1583 Pflffficiaes
506 1517 535 1568 θῑ
549 1516 649 1571 Dessiae·
800 1527 917 1600 quesibi
931 1531 1007 1582 mota
1016 1530 1093 1593 sunt,
1107 1528 1136 1580 ct
1149 1523 1292 1596 quomodo
1305 1525 1370 1577 vota
1381 1537 1471 1594 prope
1483 1521 1568 1576 totius
1580 1520 1617 1576 ci-

102 1594 219 1657 htrum
242 1604 392 1674 portitore,
419 1607 495 1677 quod
513 1607 643 1665 defensor
660 1611 751 1667 factus
800 1620 894 1676 sitatis
906 1619 937 1674 in
960 1618 1068 1691 Elpidio
1083 1617 1202 1673 diacono
1225 1616 1441 1672 concordarent.
1456 1614 1535 1670 Unde
1548 1614 1618 1693 quiq

102 1690 157 1746 ”¹¹³
176 1693 254 1749 l⁰bi³
278 1697 366 1752 animi
387 1700 515 1756 111010⁸fi³
533 1702 579 1770 sii,
600 1704 667 1775 (luia
686 1721 750 1761 vere
800 1714 835 1769 de
858 1712 1007 1769 memorati
1020 1711 1072 1766 viri
1093 1709 1254 1766 testimonio
1269 1708 1399 1764 dubitare
1418 1707 1534 1763 omnino
1556 1724 1616 1762 non

102 1784 221 1840 ssimum
239 1788 330 1845 haheo
350 1792 384 1846 de
397 1792 451 1848 isto
472 1796 617 1866 proposito
629 1798 665 1853 ad
678 1798 748 1855 illud
758 1797 786 1870 B
798 1823 958 1879 possumus,
973 1790 1175 1873 idcirco,'sicut
1195 1802 1301 1858 dictum
1324 1806 1375 1869 est,
1390 1801 1532 1872 Elpidium
1553 1801 1614 1856 dia·

102 1877 106 1948 i
126 1879 252 1936 ⁰ffi⁰iu¹¹1
275 1884 406 1941 h⁰mi¹¹⁰³
429 1886 540 1957 deduci,
555 1890 586 1957 in
600 1892 747 1962 q⁰011t¹ll⁰
797 1917 900 1956 conum
912 1900 949 1956 ad
960 1916 1014 1956 nos
1025 1899 1109 1954 facite
1122 1912 1286 1971 properare,
1302 1911 1354 1950 nec
1372 1895 1524 1966 expectetis
1540 1894 1614 1951 ulte·

113 1975 287 2031 ⁸ffl⁰ss³⁰hi³
312 1978 368 2033 ⁰8⁰
392 1977 533 2052 prmissa
554 1988 621 2039 sunt
637 1984 748 2042 valeant
796 1995 865 2065 rius,
883 1999 914 2049 ut
926 1992 1082 2050 admonitio
1095 1992 1130 2047 ad
1149 1972 1216 2047 eum
1239 1992 1337 2045 nostra
1356 1988 1457 2045 debeat
1481 1987 1616 2043 destinari

122 2065 292 2125 Omnimoda
314 2073 390 2127 enim
413 2077 456 2128 est
478 2075 554 2130 illius
581 2077 692 2134 habitus
719 2084 748 2135 et
797 2089 866 2159 [Αι,,
882 2087 1032 2159 ὶιρηήη,
1056 2087 1147 2150 Quem
1168 2089 1263 2140 tamen
1288 2084 1341 2137 hoo
1360 2099 1412 2153 per
1431 2086 1554 2138 vestram
1576 2081 1616 2137 di-

102 2157 112 2214 i
133 2160 288 2219 diversitas.
304 2165 362 2220 lllic
377 2167 453 2222 enim
472 2170 563 2240 quies,
578 2172 678 2241 oratio,
703 2174 745 2229 la·
795 2181 944 2237 lectionem
956 2180 987 2236 in
999 2179 1133 2252 praesenti
1154 2177 1281 2249 jussione
1296 2175 1455 2248 specialiter
1478 2175 1614 2243 admone-

102 2269 135 2308 zm
148 2272 156 2324 3
171 2261 200 2310 at
212 2257 259 2311 hic
272 2273 421 2315 causarum
434 2263 567 2335 ⁰080ffi02
581 2267 745 2322 conventio·
795 2292 870 2345 mus,
885 2291 921 2330 ne
935 2273 980 2329 cui
994 2289 1024 2329 se
1036 2272 1142 2345 aliquid
1157 2272 1235 2339 dare,
1249 2271 1293 2326 vel
1317 2270 1450 2325 daturum
1472 2284 1531 2324 esse
1544 2285 1613 2340 pro-

107 2346 218 2420 P¹¹bll⁰³
232 2350 331 2422 litigia,
347 2358 375 2408 θῑ
400 2371 577 2433 (luaesstmque
590 2361 634 2415 Vel
656 2362 744 2416 eccle·
795 2369 906 2424 mittat:
922 2368 971 2424 sed
988 2383 1082 2440 neque
1097 2366 1131 2421 de
1146 2363 1337 2421 ecclesiasticis
1359 2363 1511 2434 praeteritis
1524 2363 1615 2418 causis

102 2440 194 2511 tituta,
214 2445 257 2499 vel
272 2447 494 2519 supplicantium
514 2436 744 2526 n'ecessitaspos-
795 2461 919 2534 aliquam
942 2460 1122 2518 securitatem
1146 2459 1279 2532 cuiquam
1305 2457 1407 2512 audeat
1430 2457 1533 2527 facere,
1554 2457 1612 2512 sire

102 2540 194 2591 autem
213 2538 286 2594 [leus
300 2544 333 2595 ut
345 2542 414 2596 tales
429 2544 487 2599 sint
497 2545 529 2599 hi
540 2547 590 2618 qui
603 2548 646 2603 vel
661 2564 677 2602 a
691 2566 745 2605 no·
795 2556 971 2629 promittere,
986 2557 1037 2610 aut
1048 2553 1130 2626 quasi
1139 2552 1231 2609 factus
1245 2551 1395 2623 episcopus
1407 2567 1441 2606 ea
1461 2567 1526 2622 quae
1541 2551 1614 2606 dire·

102 2629 221 2685 'habitu
244 2633 425 2706 nutriuntur,
448 2639 490 2693 iel
514 2639 544 2694 in
569 2643 746 2698 monasteriis
795 2657 842 2723 pta
855 2653 991 2705 suntnon
1002 2650 1121 2719 repetat,
1136 2647 1185 2701 sed
1198 2645 1274 2718 apud
1288 2661 1365 2700 eosa
1380 2643 1483 2715 quihus
1503 2643 1615 2716 direpta

102 2727 122 2779 tt
143 2730 274 2796 provecta
289 2731 371 2783 astate
383 2734 412 2785 et
424 2731 480 2786 vita
498 2733 618 2804 probata
632 2752 689 2792 non
710 2736 745 2793 ad
796 2747 862 2807 sunt
875 2757 1043 2816 permanere
1055 2741 1143 2796 libere
1155 2739 1297 2812 patiatur:
1319 2737 1409 2793 sciens
1430 2737 1508 2810 quod
1521 2737 1545 2791 si
1556 2737 1613 2792 tale

102 2816 199 2886 ⁰fficias
216 2819 265 2874 sed
280 2822 316 2876 [ld
335 2825 524 2881 sacerdOtium
542 2828 653 2887 Valeant
676 2847 744 2903 pro·
795 2837 903 2910 aliquid
917 2836 993 2905 lecit,
1012 2835 1056 2890 vel
1079 2833 1188 2901 fecerit,
1211 2848 1293 2887 neca
1308 2830 1389 2886 nobis
1414 2828 1532 2887 omnino
1544 2846 1612 2904 per-

794 2931 919 2988 mittitur
931 2929 1026 2986 ralere
1038 2928 1099 3001 ipsa
1110 2911 1271 2999 promissio,
1284 2929 1314 2981 et
1325 2941 1391 2981 cum
1399 2924 1501 2996 judicii
1509 2924 1612 2993 nostri,

323 2988 365 3044 lx·
794 3025 870 3098 quod
892 3025 927 3081 de
951 3024 1013 3097 ipso
1034 3021 1196 3088 habuimus,
1217 3019 1332 3090 damno,
1356 3018 1504 3091 pastoralis
1516 3033 1613 3074 conse·

107 3104 181 3162 papa
195 3091 356 3150 Florentino
369 3084 510 3171 episcopo.
522 3100 576 3166 Qui
589 3106 653 3174 post
665 3117 743 3158 mor·
795 3119 926 3177 emtionis
940 3118 1071 3175 ordinem
1083 3114 1241 3190 promereri
1260 3130 1318 3170 non
1330 3113 1443 3187 poterit.

102 3260 227 3335 atistuae
240 3282 376 3339 relatione
390 3292 527 3359 suscepta,
544 3289 604 3362 ejus
621 3290 742 3348 latorem
1188 3244 1237 3360 ,η
1288 3248 1292 3255 Ι
1324 3345 1330 3358 .
1501 3345 1507 3358 -
1550 3346 1555 3358 ·

102 3371 193 3428 uidem
205 3376 329 3446 nuptias,
342 3383 490 3450 expertum
503 3397 562 3438 non
575 3383 660 3440 fuisse
672 3385 743 3441 didi·
828 3352 958 3425 Pelagius
977 3367 1051 3424 papa
1063 3350 1213 3405 cresconio
1230 3345 1343 3403 rllustn.
1358 3348 1396 3402 lle
1419 3347 1610 3403 exactionibus

102 3465 213 3523 titatem
222 3474 396 3527 tamencum
410 3474 480 3544 [Al.,
494 3477 569 3548 cum]
583 3478 742 3548 priorinon
792 3449 999 3521 ⁰Pi⁸⁰⁰p⁰mm
1165 3535 1171 3547 .
1273 3535 1278 3546 ⁸

102 3560 211 3633 trijugio
224 3563 388 3635 designasti,
403 3568 436 3623 pt
449 3571 577 3641 quamvis
588 3572 677 3627 multa
687 3573 743 3629 sint
827 3541 899 3598 lllud
913 3546 941 3595 te
953 3539 1083 3595 volumus
1096 3537 1187 3592 modrs
1203 3536 1335 3592 omnihus
1348 3535 1496 3604 custodire,
1510 3551 1547 3591 ne
1560 3536 1610 3608 qui

102 3657 209 3711 asmodi
224 3658 333 3714 casibus
345 3660 488 3717 &servari
501 3665 634 3721 canonice
643 3666 742 3738 jubeat
792 3635 988 3708 episcoporum
999 3631 1103 3689 Sicilire
1115 3632 1150 3686 de
1156 3629 1297 3703 parochiis
1309 3630 1345 3685 ad
1358 3646 1388 3685 se
1399 3629 1608 3701 pertinentibus

102 3764 108 3803 ι
122 3746 189 3822 [Δι’
203 3751 375 3825 subtili-mis]
388 3758 548 3827 auctoritas,
564 3763 660 3817 ,amen
676 3761 742 3833 quia
791 3729 906 3787 nomine
919 3725 1101 3784 cathedratici
1111 3724 1234 3797 amplius
1248 3740 1336 3797 quam
1345 3723 1414 3780 duos
1427 3723 1530 3780 solidos
1537 3739 1609 3796 pror·

102 3847 235 3900 ‚morum
255 3852 428 3921 temporum,
451 3852 554 3924 quibu,
577 3870 635 3909 non
650 3855 741 3912 solum
791 3828 904 3881 sumant
917 3822 1055 3896 accipere,
1068 3835 1162 3893 neque
1176 3819 1346 3892 compellere
1358 3818 1545 3891 presbyteros,
1559 3822 1609 3875 aut

113 3953 231 4011 corpora
250 3940 313 4013 ipsa
333 3943 484 4001 hominum
508 3947 681 4018 defecerunt,
695 3949 739 4005 di,
791 3919 899 3974 clerum
925 3914 1124 3990 parochiarum
1147 3929 1264 3971 suarum
1279 3924 1369 3987 supra
1380 3911 1453 3968 vires
1482 3929 1546 3968 suas
1567 3913 1608 3968 eis

102 4029 163 4088 llius
173 4049 230 4088 non
239 4036 347 4106 patitur
359 4037 389 4093 in
401 4039 533 4096 omnihus
548 4058 663 4099 manere
678 4059 743 4100 cen·
760 4108 763 4113 ¹
790 4012 916 4070 wamia
930 4026 1102 4085 praepmm·

102 4127 158 4181 stes
169 4126 260 4207 istim,
275 4129 375 4204 dequo
389 4133 610 4206 agitur,futurse
622 4110 765 4194 ineunti-'³²'
1171 4122 1227 4179 ΧΗ·

102 4215 226 4277 »irionem
238 4223 349 4282 auferre
362 4226 552 4301 dignoscitur3
561 4236 594 4286 ut
603 4229 640 4286 ad
650 4231 739 4288 diaco-
825 4227 954 4301 Pelagius
967 4242 1043 4300 papa
1056 4227 1210 4297 Benegesto
1223 4222 1374 4280 defensori.
1394 4224 1465 4278 Ante
1479 4220 1605 4292 judicem
1682 4258 1686 4263 -

102 4313 136 4369 ’ἢ
157 4317 285 4389 melli,
304 4321 477 4393 temporum,
498 4328 532 4379 ut
552 4324 659 4381 dictum
687 4331 738 4397 est,
790 4323 901 4379 civilem
914 4320 1008 4377 clerici
1016 4335 1074 4376 non
1087 4322 1265 4374 accusentur.

102 4413 180 4464 entes
206 4410 327 4468 defectui
352 4417 519 4473 concessisse
543 4433 596 4473 nos
615 4421 738 4475 noveris.
825 4413 1012 4489 Experientiae
1023 4411 1228 4485 tuapraesenti
1245 4408 1410 4466 auctoritate
1424 4408 1510 4465 mand
1596 4451 1604 4481 ‚

102 4500 233 4559 moenam
257 4506 326 4578 let,
351 4509 491 4582 llicinam]
518 4527 585 4567 vero
608 4513 739 4569 ancillam
790 4508 976 4578 utincausis,
990 4508 1021 4563 in
1045 4506 1148 4579 quihus
1167 4503 1300 4578 quaelihet
1323 4502 1500 4560 ecclesiastici
1510 4424 1605 4561 xa

102 4603 189 4669 apost
201 4601 352 4658 transitum
364 4605 460 4659 uxoris
472 4605 544 4662 tilios
557 4607 663 4663 hahere
677 4624 741 4664 con·
790 4620 911 4681 persona
919 4605 980 4659 loco
987 4600 1116 4676 petitoris
1128 4598 1232 4669 existit,
1240 4610 1413 4681 ququam
1426 4598 1531 4654 laicum
1544 4599 1607 4671 pul·

103 4690 234 4764 ubemus,
250 4700 338 4752 uttue
347 4698 531 4771 dispositione
544 4701 677 4774 cuiquam
684 4719 742 4759 mo·
791 4706 885 4757 satura
894 4696 970 4772 apud
982 4711 1041 4753 susa
1058 4692 1210 4768 provinciae
1227 4692 1356 4765 judicem
1369 4709 1432 4748 suas
1445 4708 1605 4766 proponere

102 4785 268 4844 rtinontium
280 4791 440 4863 professura
454 4795 592 4851 tradetur.
791 4794 914 4852 actiones
926 4808 985 4847 non
1001 4791 1123 4846 deserat.
1138 4790 1168 4843 ln
1182 4787 1216 4844 iis
1228 4803 1293 4844 vere
1306 4787 1439 4860 negotiis,
1455 4786 1486 4841 in
1503 4786 1606 4859 quibus

318 4915 348 4969 χ,
791 4886 970 4947 ecclesiastici
995 4883 1081 4941 ollicii
1105 4899 1228 4957 persona
1257 4881 1402 4954 pulsatur,
1428 4880 1515 4935 totius
1538 4879 1604 4935 sub·

790 4988 867 5040 moto
879 4979 1045 5057 pulsationis
1060 4972 1215 5047 obstaculo,¹
1228 4975 1264 5032 ad
1274 4974 1407 5047 episcopi,
1420 4973 1465 5029 vel
1485 4973 1604 5047 presby-

789 5083 917 5135 terorum
928 5076 958 5132 in
969 5075 1040 5144 loeo,
1050 5072 1100 5129 uhi
1110 5070 1229 5145 quaestio
1241 5068 1371 5139 vertitur,
1386 5066 1614 5127 constitutorum·

790 5176 919 5231 occurrat
932 5168 1127 5227 indifferenter
1139 5180 1268 5222 examen.

102 5027 174 5087 papa
186 5015 260 5071 clero
276 5017 428 5076 Catinensi.
454 5022 509 5086 Qui
527 5022 557 5079 in
576 5024 739 5098 episcopum

102 5122 123 5163 ὓ·
488 5152 507 5187 e

102 5200 740 5285 lemjamdudumadiratremetcoepiscopum

102 5312 226 5370 {carpum
240 5300 445 5359 devisilatione
462 5306 619 5362 darmensis
642 5306 738 5364 Eccle·
1088 5347 1092 5356 ·
1171 5289 1238 5345 xm·

102 5389 268 5464 direximus,
276 5396 343 5451 utin
350 5397 537 5468 eisjudicium
546 5405 677 5456 nostrum
690 5419 740 5475 po-
825 5398 896 5452 ltem
907 5389 1006 5466 Sergio
1019 5387 1194 5446 cancellari&

102 5499 223 5543 noscere.
237 5488 449 5562 Verumtamen,
460 5493 527 5565 quia
540 5495 677 5567 quosdam
699 5494 739 5551 ihi
825 5490 853 5546 Si
865 5489 1014 5562 quisquam
1028 5485 1097 5556 [Al.,
1111 5481 1199 5553 idem]
1224 5478 1352 5552 clesma
1368 5479 1425 5536 Sile
1451 5475 1602 5544 inferiffl'ss·

103 5581 239 5653 tentione,
255 5582 303 5640 sed
322 5585 416 5657 pravis
439 5589 538 5644 studiis
552 5589 739 5646 dissensiones
789 5584 847 5640 sive
856 5580 974 5657 potioris
993 5578 1098 5652 gradus
1111 5576 1217 5649 potitor
1230 5572 1341 5653 existqt,
1350 5579 1378 5631 et
1391 5575 1489 5629 contra
1503 5570 1603 5625 laicam

102 5678 180 5731 'ostra
201 5676 288 5734 etiarn
312 5679 448 5739 relatione
471 5683 664 5757 cognovimus,
687 5684 737 5760 qui
787 5693 937 5755 personam
951 5691 1015 5732 ⁵11oe
1028 5673 1133 5747 diffidat
1144 5671 1279 5741 ²⁰5⁰¹¹⁰⁵2
1291 5668 1347 5729 ¹¹⁸
1364 5667 1455 5724 m⁰di³
1471 5661 1604 5722 ΝΜ

102 5840 155 5896 tus
165 5839 341 5899 esthiclocus
351 5845 524 5904 exhnselmo
536 5851 564 5906 et
572 5848 735 5927 Polycarpo.

104 5936 243 6010 Parnon.
267 5941 385 6014 hllllll.
1408 5936 1461 6000 Ἃ
