3884 6150
128 249 182 307 tsi
374 253 681 315 slumunmiuiou
699 255 921 316 GALLleNUll.
942 288 977 301 -
995 256 1179 318 escuelles
1197 260 1241 319 AD
1260 260 1417 321 euveum
1435 263 1562 322 DOMINI.
1761 257 1813 323 itt

469 366 534 415 Item
550 365 608 416 alia.
958 370 1068 455 Aoede
1082 365 1175 439 nohis,
1191 370 1317 443 piissime
1337 374 1430 442 Pater,
1453 377 1484 427 ut
1501 373 1551 444 [te]
1569 370 1725 429 timeamus
1745 373 1813 446 quia

165 455 289 513 Domine
309 459 394 526 Deus,
410 458 459 530 qui
473 460 586 530 populis
603 459 659 515 tuis
671 464 701 516 et
715 461 791 532 juste
807 461 945 531 irasceris,
996 462 1089 519 bonus
1106 481 1146 532 es,
1166 469 1314 537 sperantes
1333 465 1363 519 in
1386 465 1585 522 misericordia
1601 469 1661 523 tua.
1676 467 1717 523 l'u
1734 466 1812 524 enim

129 548 159 601 et
171 549 331 607 clementer
342 552 477 623 ignoscis,
489 552 596 609 inclina
606 571 705 610 aurem
717 557 799 610 tuam
809 557 947 628 supplica·
997 555 1101 624 dixisti,
1119 560 1189 614 Nolo
1207 563 1332 614 mortem
1349 562 1546 631 peccatorum.
1560 560 1684 616 'lantum
1698 559 1814 633 adjutor

127 637 256 700 tionibus
271 645 375 701 nostris
386 662 393 701 ε
406 649 437 701 ιιι
447 647 496 719 qui
507 651 534 704 tc
547 649 614 704 totis
625 649 755 704 sensibus
764 651 945 719 confitemur,
997 654 1057 705 esto
1071 652 1290 722 revertentibus,
1307 657 1338 708 ιιι
1350 653 1490 710 vivamus.

129 745 189 791 uon
194 736 434 810 J'udiciumtuum,
442 741 493 796 scd
501 743 713 815 indulgentiam
724 761 944 817 consequamur.

395 845 520 895 collectio
534 849 593 911 post
603 846 674 897 Atos.

165 924 274 983 iudicia
290 931 349 997 tua,
365 929 449 999 Deus,
466 931 714 1003 comprehendere
732 950 790 989 nou
807 934 944 1001 valemus,
1030 936 1114 1004 Deus,
1131 935 1180 1007 qui
1193 935 1282 991 tribus
1295 936 1392 1008 pueris
1406 936 1436 992 in
1450 937 1564 994 camino
1581 937 1656 1010 ignis
1670 938 1809 1013 mitigasti

134 1022 342 1089 reprehendere
355 1040 413 1079 non
430 1025 569 1081 audemus
581 1042 588 1081 :
601 1025 687 1082 nimis
699 1028 849 1099 prolundae
862 1028 945 1083 iactae
995 1028 1130 1084 llammas
1147 1029 1283 1098 incendii,
1304 1031 1441 1099 concede,
1458 1047 1632 1103 quesumus,
1652 1036 1683 1089 ut
1700 1048 1753 1090 nos
1767 1034 1810 1089 fa-

136 1117 197 1169 sunt
210 1116 399 1190 cogitationes
410 1122 477 1189 tuae,
492 1109 557 1192 quis
567 1120 783 1193 investigaverit
794 1121 863 1178 eas?
873 1122 945 1178 Con·
995 1124 1088 1179 mulos
1103 1127 1167 1179 tuos
1180 1140 1240 1180 non
1257 1127 1320 1180 urat
1334 1124 1455 1181 flamma
1467 1125 1613 1182 vitiorum.
1629 1128 1693 1183 Per.

1188 813 1275 864 Oratio
1295 817 1355 879 post
1372 816 1384 844 ⁸
1403 814 1625 867 Benedictionem.

174 1275 184 1305 ¹
196 1280 223 1335 ld
237 1284 279 1337 est
290 1286 353 1355 post
367 1283 510 1339 canticum
524 1284 612 1341 trium
626 1300 793 1358 puerorum,
809 1285 887 1357 quod
899 1300 935 1341 ex
949 1285 1079 1359 sequenti
1093 1284 1262 1341 Collectione
1276 1285 1454 1359 intelligitur.

144 1438 1787 1475 Ἣ

314 1618 906 1769 incipiunt
985 1623 1620 1772 uncilenus

570 1864 658 1974 uu
708 1865 1026 1977 luvnuru
1074 1864 1365 1978 nouiur.

304 2197 324 2251 l.
347 2211 428 2253 mssa
447 2212 473 2254 ιιι
492 2212 635 2254 suvemuu
654 2212 760 2253 nosnru.
777 2265 780 2270 ,
953 2199 1064 2282 Beerit
1076 2200 1258 2270 peccatorem
1272 2197 1308 2252 ab
1322 2214 1419 2254 errore
1432 2196 1485 2253 viee
1498 2213 1567 2266 suae,
1578 2197 1669 2252 salvat
1681 2194 1809 2253 animam

337 2297 424 2348 Lectio
439 2298 572 2350 tlalmhia
588 2299 730 2364 prophete.
993 2293 1054 2364 ejus
1072 2295 1207 2360 amorte,
1227 2296 1256 2347 et
1273 2291 1366 2364 operit
1382 2291 1598 2348 multitudinem
1613 2293 1809 2359 peccaturum.

154 2374 228 2437 Bac
248 2381 317 2437 dicit
336 2383 474 2438 Dominus
488 2401 495 2440 :
509 2386 579 2440 Ecce
597 2399 652 2456 ego
672 2385 787 2440 mittam
803 2384 941 2456 angelum
1050 2394 1138 2445 Lectio
1155 2394 1239 2445 sancti
1255 2393 1389 2458 Evangelii
1405 2393 1550 2446 secundum
1564 2392 1713 2466 tlattheum
1727 2405 1749 2442 ι.

120 2479 278 2543 meumst
292 2477 556 2549 praeparabitviam
574 2480 641 2533 ante
659 2477 763 2533 faciem
778 2481 941 2533 meamtet
1028 2480 1058 2534 ln
1074 2478 1174 2534 diebus
1187 2479 1252 2548 illis,
1267 2480 1414 2535 lohannes
1426 2495 1492 2535 cum
1505 2477 1631 2535 audisset
1645 2477 1675 2532 in
1691 2476 1810 2533 vincolis
1887 2520 1892 2533 .

125 2562 225 2624 statim
233 2570 330 2625 veniet
339 2571 377 2626 ad
387 2575 500 2643 tempus
510 2588 594 2627 suum
605 2572 784 2640 Dominator,
794 2588 881 2644 quem
891 2587 941 2626 vos
991 2589 1079 2645 opera
1099 2573 1214 2641 Christi,
1233 2573 1351 2628 mittens
1374 2574 1445 2629 duos
1467 2573 1503 2629 de
1523 2571 1668 2644 discipulis
1685 2571 1753 2639 suis,
1771 2571 1812 2626 ait

127 2662 263 2732 iuuentis,
278 2667 308 2719 ct
328 2667 448 2736 angelus
465 2667 643 2735 testamenti,
668 2683 756 2739 quem
779 2682 829 2721 vos
846 2665 938 2720 vultis.
989 2666 1032 2722 illi
1047 2668 1107 2746 ιΤιι
1122 2684 1152 2721 es
1167 2667 1216 2738 qui
1230 2669 1367 2722 venturus
1385 2684 1425 2734 es,
1442 2683 1479 2721 an
1499 2666 1587 2721 alium
1605 2663 1809 2737 expectamus?

131 2747 200 2810 Eece
209 2758 293 2826 venit,
310 2757 379 2813 dicit
391 2759 531 2815 Dominus
544 2760 736 2828 exercituum3
749 2759 851 2831 etquis
862 2762 941 2830 pote·
990 2761 1025 2815 Et
1038 2760 1218 2832 respondens
1231 2760 1272 2815 ait
1290 2760 1344 2815 illis
1357 2778 1363 2816 z
1381 2761 1489 2816 Euutes
1501 2758 1670 2814 renunciate
1684 2758 1809 2814 iohanni

134 2840 167 2924 til
184 2851 305 2922 cogitare
329 2851 406 2907 diem
426 2853 565 2909 adventus
580 2855 661 2926 ejus?
677 2858 706 2909 et
724 2855 787 2927 quis
803 2858 889 2912 stabit
903 2857 941 2913 ad
991 2870 1055 2926 qum
1071 2854 1189 2909 audistis
1205 2858 1234 2910 et
1250 2854 1362 2910 videtis.
1381 2854 1456 2911 Greci
1471 2853 1585 2928 vident,
1596 2851 1691 2908 claudi
1706 2852 1808 2908 umbu-

136 2935 281 2999 utendum
296 2946 388 3001 cum?
402 2948 435 3001 Et
450 2952 535 3003 erunt
548 2949 671 3004 Domino
685 2933 838 3006 offerentes
854 2952 938 3007 sacri·
990 2950 1061 3016 lant,
1075 2949 1181 3021 leprosi
1196 2947 1384 3018 mundantur,
1402 2948 1481 3004 surdi
1499 2946 1629 3015 audiunt,
1644 2946 1751 3002 mortui
1764 2963 1810 3001 re-

139 3028 192 3089 icis
204 3037 230 3091 in
239 3039 370 3109 justitia;
385 3043 414 3095 et
427 3042 552 3113 placebit
565 3043 623 3098 Deo
638 3042 809 3099 sacrificium
825 3046 897 3101 luda
912 3050 941 3101 et
991 3046 1121 3115 surgunt,
1135 3060 1277 3116 pauperes
1290 3044 1535 3116 evangelizantur,
1548 3045 1577 3097 et
1589 3042 1692 3097 beatus
1704 3044 1747 3096 est
1759 3042 1808 3113 qui

141 3122 312 3201 Hierusalem,
326 3132 397 3188 sicut
413 3134 474 3190 dies
489 3136 595 3204 saeculi,
609 3139 638 3191 ct
652 3137 725 3192 sicut
737 3138 807 3193 anni
817 3140 937 3211 antiqui.
991 3155 1049 3193 non
1063 3137 1150 3192 fuerit
1162 3138 1371 3194 scandalizatus
1383 3139 1412 3193 in
1426 3154 1482 3193 me.
1499 3137 1554 3192 lllis
1569 3139 1667 3191 autem
1681 3134 1811 3190 abeunti-

142 3215 169 3272 Εῑ
184 3226 312 3281 accedam
334 3227 371 3282 ad
390 3244 440 3283 vos
460 3230 489 3284 in
507 3230 628 3301 judicio,
649 3236 678 3285 et
697 3248 747 3288 ero
767 3233 847 3287 testis
863 3235 941 3289 velut
990 3231 1052 3297 bus,
1067 3231 1152 3303 coepit
1162 3233 1243 3287 lesus
1257 3232 1352 3287 dicere
1366 3232 1403 3286 ad
1415 3231 1514 3286 turbas
1527 3229 1562 3284 de
1575 3230 1707 3285 iohanne
1718 3246 1724 3283 :
1734 3227 1809 3293 Quid

142 3317 269 3389 maleficis,
282 3324 311 3374 et
320 3321 466 3391 adulteris,
476 3326 504 3378 ct
514 3324 647 3394 perjuris,
660 3326 750 3397 etqui
763 3327 940 3385 calumniari·
990 3325 1121 3379 existisin
1131 3324 1244 3380 deserto
1252 3324 1550 3380 viderelarundinem
1558 3326 1644 3377 vento
1654 3320 1809 3393 agitatam?

144 3407 178 3463 tur
189 3414 351 3470 mercedem
368 3417 564 3485 mercenariis,
580 3418 696 3474 viduam
719 3423 748 3474 et
761 3421 894 3493 pupillos,
912 3425 940 3477 et
990 3418 1046 3473 Sed
1056 3418 1229 3490 quidexistis
1237 3417 1510 3473 viderelhominem
1518 3413 1808 3471 mollibnsvestitum?

145 3511 301 3577 oppremunt
318 3510 522 3581 peregrinum;
541 3528 595 3567 nec
613 3511 774 3567 timuerunt
793 3530 850 3583 me,
871 3515 940 3570 dicit
989 3512 1059 3567 Eece
1080 3513 1128 3583 qui
1153 3511 1287 3567 mollibus
1310 3511 1480 3578 vestiuntur,
1500 3510 1530 3565 in
1552 3508 1685 3564 domibus
1705 3523 1808 3580 regum

144 3590 261 3657 lominus
274 3603 450 3660 exercituum
466 3623 472 3660 :
485 3622 539 3677 ego
552 3606 691 3662 Dominus
703 3608 778 3663 Deus
790 3585 977 3676 vestenetC
989 3610 1064 3661 suut.
1073 3606 1130 3661 Sed
1138 3605 1207 3677 quid
1217 3605 1313 3660 existis
1321 3601 1736 3676 videre‘lprophetamllitiam
1744 3600 1808 3658 dico

145 3703 188 3748 iun
198 3699 302 3766 mutor,
317 3697 358 3753 ait
371 3699 511 3754 Dominus
524 3701 608 3756 Deus.
989 3699 1068 3755 vobis
1082 3703 1111 3754 et
1122 3700 1276 3772 plusquam
1290 3699 1474 3772 prophetam.
1486 3698 1536 3753 llic
1548 3696 1627 3753 enim
1644 3699 1687 3752 est
1700 3695 1736 3752 de
1749 3712 1807 3768 quo

203 3799 288 3850 Lecdo
305 3800 423 3864 epistolas
439 3801 531 3853 iacobi
552 3803 663 3868 apostoli
681 3803 714 3854 aa
731 3807 823 3869 gentes
836 3806 859 3854 u,
989 3794 1127 3866 scriptum
1134 3796 1269 3849 estzlicce
1279 3793 1363 3849 mitto
1373 3793 1511 3864 angelum
1519 3807 1618 3847 meum
1627 3794 1695 3847 ante
1703 3789 1807 3847 faciem

91 3867 93 3887 '
169 3879 280 3954 Fratres,
293 3876 436 3957 patientis
451 3891 543 3943 estote
556 3906 646 3961 usque
663 3889 700 3945 ad
713 3891 868 3945 adventum
887 3892 938 3946 Do
989 3892 1079 3957 tuam,
1091 3888 1141 3961 qui
1150 3887 1406 3961 praeparavitviom
1418 3890 1499 3941 tuam
1510 3888 1577 3941 ante
1589 3888 1627 3941 te.
1639 3888 1731 3941 Amen
1742 3883 1806 3941 dico

146 3973 209 4032 uini.
217 3980 287 4035 Ecce
298 3981 424 4052 agricola
435 3986 567 4056 expectat
575 3983 737 4056 preciosum
748 3985 873 4041 fructum
883 3988 939 4040 ter·
989 3982 1077 4051 vobis,
1090 3999 1149 4038 non
1163 3981 1285 4037 surrexit
1296 3982 1373 4037 inter
1385 3984 1468 4036 natos
1481 3980 1637 4036 mulierum
1652 3979 1747 4050 major
1757 3980 1804 4036 Jo-

146 4077 181 4136 ιι,
193 4073 332 4143 patienter
341 4077 447 4145 ferens,
462 4077 554 4133 donec
569 4079 690 4153 accipiat
702 4080 896 4152 temporivum
910 4082 940 4134 et
988 4078 1085 4133 banne
1104 4077 1240 4148 Baptista.
1259 4077 1354 4148 Usque
1372 4091 1448 4130 nunc
1462 4090 1586 4147 regnum
1598 4073 1734 4128 calorum
1749 4073 1806 4128 vim

146 4166 442 4227 serotinumPatientes
450 4175 552 4241 estote,
564 4177 594 4228 et
603 4175 772 4230 confirmate
783 4175 870 4230 corda
879 4191 939 4230 ves·
988 4171 1105 4243 patitur,
1120 4174 1149 4225 et
1159 4170 1277 4226 violenti
1287 4169 1405 4242 rapiunt
1417 4168 1497 4223 illud.
1510 4167 1616 4222 Omnes
1629 4165 1708 4221 enim
1719 4165 1765 4220 lex
1778 4169 1807 4220 ot

146 4253 186 4326 itt,
196 4264 328 4333 quoniam
340 4265 478 4322 adventus
488 4268 603 4325 Domini
614 4269 864 4342 adpropinquavit.
874 4263 938 4324 Fra·
988 4266 1137 4337 Prophetae
1149 4281 1239 4336 usque
1250 4264 1286 4319 ad
1295 4263 1460 4319 iohannem
1470 4261 1715 4333 prophetaverunt
1725 4274 1732 4327 ;
1743 4264 1773 4315 et
1783 4258 1806 4314 si

147 4347 197 4421 aa,
207 4358 290 4414 nolite
302 4357 493 4431 ingemiscere
506 4362 535 4417 in
548 4364 729 4432 alterutrum,
744 4367 777 4418 ut
790 4380 848 4418 non
859 4363 935 4434 judi·
987 4359 1071 4414 vultis
1083 4358 1221 4430 recipere,
1236 4358 1297 4430 ipse
1310 4359 1353 4412 est
1366 4355 1459 4411 llelias
1472 4354 1522 4426 qui
1535 4356 1672 4409 venturus
1685 4356 1737 4407 est.
1751 4351 1805 4417 Qui

148 4447 239 4506 ttuini.
250 4453 321 4508 Ecce
331 4453 420 4526 judex
432 4459 499 4511 ante
507 4456 629 4527 januam
640 4457 937 4529 adsistitExemplum
988 4453 1076 4509 habet
1089 4469 1173 4507 aures
1188 4450 1324 4507 audiendi
1341 4449 1449 4505 audiat.

147 4539 251 4614 eripite,
264 4548 377 4618 iratres,
392 4549 499 4606 laboris
509 4551 696 4624 et‘patientise
709 4553 875 4625 prophetas,
888 4553 937 4624 qui
1273 4564 1373 4606 rucirrr
1399 4561 1480 4603 uisse
1493 4547 1516 4601 d.

148 4624 284 4713 locutisunt
293 4641 323 4696 in
336 4644 452 4700 nomine
462 4646 590 4703 Domini.
600 4648 670 4702 Ecce
677 4647 878 4703 beatificamus
888 4646 936 4719 qui
1023 4647 1128 4717 Excita,
1140 4644 1273 4712 Domine,
1287 4641 1450 4715 potentiam
1461 4644 1542 4697 tuam
1552 4644 1582 4696 et
1592 4640 1675 4711 veni;
1688 4645 1717 4698 et
1727 4640 1805 4717 quod

148 4729 319 4792 sltliuuerunt
337 4737 553 4797 sufferentiam:
568 4741 729 4798 misericors
741 4745 784 4797 est
797 4742 936 4798 Dominus
986 4742 1118 4798 Ecclesiae
1132 4744 1189 4796 tun
1204 4755 1295 4810 usque
1310 4737 1339 4822 in
1353 4737 1443 4793 finem
1458 4735 1556 4793 saeculi
1569 4735 1738 4808 promisisti,
1750 4736 1805 4793 cle·

149 4818 409 4888 ‘iniuratorum
424 4835 533 4904 omnia,
544 4836 648 4891 fratres
658 4836 725 4905 mei,
738 4837 827 4892 nolite
837 4837 936 4909 jurare
987 4839 1101 4892 menter
1116 4848 1246 4906 operare.

149 4923 220 4986 usqua
231 4939 283 4995 per
298 4927 410 4996 caelum,
429 4945 523 5001 neque
541 4947 593 5002 per
607 4935 725 4999 terram,
746 4948 840 5004 neque
858 4931 975 5044 aliudD
1022 4929 1129 4996 Excita,
1142 4926 1275 4996 Domine,
1287 4924 1449 4998 potentiam
1458 4927 1549 4992 tuam,
1561 4926 1590 4978 et
1601 4938 1711 4996 magna
1720 4924 1803 4982 nobis

149 5011 324 5091 luctumque
335 5020 546 5092 juramentum.
562 5025 605 5081 Sit-
622 5028 720 5080 autem
736 5027 863 5081 vestrum
878 5027 935 5093 Est,
986 5025 1090 5081 virtute
1105 5038 1252 5089 succurre;
1268 5024 1300 5075 ut
1314 5036 1367 5091 per
1381 5018 1518 5074 auxilium
1534 5015 1632 5088 gloriae
1645 5020 1712 5090 tuae,
1725 5016 1804 5091 quod

148 5104 188 5170 ‘lit
200 5107 265 5182 Nou,
282 5129 352 5184 nou,
368 5119 400 5171 ut
416 5133 475 5173 non
493 5117 643 5191 injudicio
660 5119 808 5183 decidatis.
824 5122 936 5176 Fratres
986 5123 1085 5176 nostra
1097 5119 1216 5191 peccata
1232 5114 1424 5188 praepediunt,
1437 5110 1618 5184 indulgentia
1633 5115 1690 5169 tute
1705 5114 1801 5187 propi-

147 5197 196 5268 usi,
207 5205 227 5260 si
240 5208 303 5280 quis
316 5225 350 5264 ex
361 5206 441 5267 vobis
454 5191 592 5268 erraicrit
605 5231 622 5269 a
637 5214 766 5284 veritate,
782 5218 811 5269 et
821 5229 936 5269 conver·
985 5213 1117 5270 clationis
1131 5212 1279 5268 acceleret.

147 5285 169 5342 fii
180 5298 233 5366 tuiis
246 5318 324 5371 eum,
338 5304 410 5360 scire
426 5306 521 5378 debet,
536 5307 674 5381 quoniam
688 5309 737 5382 qui
749 5308 878 5365 converti
892 5307 934 5363 lc-

169 5451 225 5509 ‘Ab
238 5454 293 5512 hoc
302 5457 428 5516 maxime
439 5459 502 5516 loco
516 5461 616 5533 incipit
624 5462 733 5518 ldissale
746 5462 933 5517 Gallicanum.
986 5467 1121 5523 tribuitur
1133 5466 1163 5521 in
1176 5460 1355 5519 Lectionario
1371 5458 1528 5516 Gallicano.

141 5515 196 5579 Num
211 5542 274 5599 quse
291 5529 545 5601 praemuntios
562 5551 595 5588 ex
610 5534 716 5589 Ordine
734 5535 865 5589 Romano
885 5532 934 5587 de·
1038 5539 1128 5594 ellac
1145 5533 1293 5606 Evangelii
1307 5531 1392 5587 lectio
1412 5530 1442 5586 in
1460 5532 1591 5589 llomsno
1609 5532 1732 5588 habetur
1750 5530 1802 5587 Do·

140 5598 215 5674 tuuis
226 5602 302 5655 sunt.
314 5601 390 5675 Lege
404 5618 468 5676 quse
481 5604 517 5660 de
528 5605 660 5661 Adventu
672 5605 793 5661 diximus
806 5605 836 5660 iu
847 5605 935 5660 Litur-
985 5609 1093 5668 minias
1109 5605 1235 5664 secunda
1246 5605 1401 5660 Adventus.
1668 5672 1673 5684 ⁸

137 5677 174 5736 tlt
185 5669 328 5729 Gallicana
340 5689 357 5729 a
370 5690 390 5756 p
432 5715 439 5730 .
454 5677 497 5732 98.
1032 5682 1046 5723 d
1061 5679 1172 5752 Quippe
1187 5677 1274 5734 missa
1288 5675 1404 5751 propriu
1417 5674 1518 5748 incipit
1531 5679 1595 5748 post
1608 5676 1747 5730 lectiones
1761 5691 1802 5730 sa·

162 5737 228 5820 lSic
244 5748 353 5817 passim
368 5763 399 5802 m
439 5748 668 5821 ocheetionario
688 5749 823 5806 laudatur
838 5749 937 5807 iacobi
986 5770 1058 5814 cras.
1075 5749 1336 5824 LegesisLiturgiae
1350 5746 1504 5804 Gallicanae
1517 5749 1604 5817 caput
1621 5749 1645 5801 s.

131 5813 240 5884 epistola
253 5815 293 5875 od
304 5821 405 5892 penus.
418 5818 473 5887 Qui
487 5820 585 5878 titulus
600 5823 677 5880 Petri
689 5820 822 5896 Epistulae
835 5823 935 5896 primae

283 5914 422 5988 Parios.
444 5917 563 5989 mii.
1600 5921 1662 5987 ,it
