3878 6150
548 305 553 316 ι

211 459 564 593 sanciri
612 385 982 591 unuani
1029 459 1615 593 sensianum.
1704 534 1767 607 i,

309 688 341 732 m
362 687 477 742 aniona
496 688 594 735 nulus
615 687 768 734 maronis
790 685 911 733 SYNODO
932 686 1033 745 DICTA,
1057 687 1097 732 DE
1117 686 1287 733 casatam
1308 685 1522 735 SACERDOTUM·

104 807 233 861 veranus
245 807 392 880 episcopus
404 807 476 863 dixit
491 824 497 863 :
511 806 577 874 Quis
589 808 787 881 praesidentem
803 808 887 865 sacris
896 817 926 893 Α
936 807 1008 864 doch
1021 792 1081 864 non
1089 807 1170 889 με
1182 824 1270 881 panes
1283 807 1482 881 propositionis
1491 808 1615 879 tradidit,
1626 823 1713 883 quain
1722 824 1753 866 se

65 899 221 971 altaribus,
235 905 321 974 atque
334 902 370 957 ad
389 901 449 975 ipsa
468 907 565 958 sancta
590 908 751 959 sauctorum
771 903 887 960 honoris
938 905 966 958 et
978 918 1081 973 pueros
1095 917 1159 957 suos
1175 902 1237 975 jam
1250 902 1294 958 die
1308 900 1392 957 tertio
1405 902 1526 958 mundos
1538 918 1598 958 esse
1613 918 1630 958 a
1647 901 1751 956 mulie·

64 993 221 1066 privilegio
236 995 396 1051 venientem
415 996 616 1069 indignissimis
636 997 793 1053 carnalium
805 999 886 1054 volu·
937 995 1017 1051 ribus
1036 995 1186 1066 laterclum
1210 996 1273 1068 quis
1294 995 1489 1051 immaculatas
1506 996 1574 1068 agni
1599 1012 1696 1052 earnes
1717 995 1752 1052 ad

63 1093 182 1160 ptatum
195 1090 381 1145 contaminari
398 1089 536 1146 illecebris
549 1091 691 1163 patiatur,
705 1107 736 1146 ac
756 1092 809 1147 snb
827 1091 887 1164 ipso
936 1089 1055 1145 salutem
1076 1091 1177 1147 mundi
1198 1091 1338 1163 praestitas
1357 1095 1421 1163 post
1435 1089 1599 1162 passionum
1619 1090 1752 1163 inquina-

66 1182 228 1254 conjugalis
241 1183 361 1238 licentiae
368 1183 483 1239 nomine
494 1184 652 1256 acquiescat
660 1185 824 1257 quempiam
834 1186 888 1242 cle-
936 1187 1042 1253 menta,
1059 1184 1102 1240 vel
1117 1184 1203 1240 etiam
1224 1184 1327 1241 audeat
1340 1183 1524 1242 consecraret
1536 1184 1638 1240 Beatus
1650 1172 1756 1243 Paul!

63 1274 205 1346 ricorum,
222 1280 249 1332 et
262 1277 412 1334 sacerdotis
426 1294 510 1350 agere
524 1277 662 1348 officinm,
678 1281 706 1334 et
724 1279 817 1334 mariti
831 1280 886 1334 im-
936 1278 1077 1348 apostolus
1097 1278 1257 1335 inveritate
1270 1295 1322 1334 nos
1334 1282 1507 1335 contestatur
1518 1276 1613 1337 diens
1627 1295 1635 1334 ι
1648 1266 1769 1375 ‘mm‘

64 1370 886 1447 plerepersonam3cumpurilicatiscorporisatqueanimi
936 1386 965 1426 se
987 1371 1181 1444 unusquisque
1204 1373 1409 1439 ministrorum,
1435 1378 1463 1428 et
1484 1372 1523 1427 sic
1544 1389 1647 1444 panem
1668 1373 1751 1429 illuni

65 1463 199 1517 moribus
217 1464 305 1519 inulta
333 1465 504 1537 cogitatione
526 1463 776 1538 perpendendum,
800 1484 886 1538 quam
936 1467 1092 1535 praesumat
1109 1466 1210 1521 offerre
1224 1467 1248 1537 (l
1258 1467 1319 1547 0ωρ
1329 1468 1382 1537 xi).
1396 1469 1499 1523 Notum
1512 1467 1590 1522 robis
1605 1469 1663 1533 est,
1678 1467 1752 1520 circa

9 1612 16 1623 ,
65 1555 189 1612 idoneus
208 1572 268 1612 esse
288 1558 371 1613 debet
389 1557 413 1613 is
431 1558 479 1630 qui
499 1559 534 1613 ad
556 1559 723 1614 celebranda
737 1561 885 1632 mysterio·
935 1556 1190 1617 locabeatitudinis
1203 1561 1314 1629 restra,
1330 1562 1382 1616 sub
1399 1577 1570 1632 magnorum
1585 1561 1701 1615 Petrum
1712 1558 1754 1615 di·

64 1666 133 1704 rum
145 1651 208 1705 loca
220 1666 279 1705 non
291 1652 384 1706 solum
397 1667 448 1723 pro
462 1652 528 1721 suis,
542 1668 642 1708 verum
655 1652 740 1707 etiam
752 1669 804 1724 pro
816 1653 884 1710 alie·
935 1651 1061 1724 sciplina,
1077 1655 1284 1725 memborum
1296 1654 1530 1727 congregationes
1542 1668 1672 1709 essenon
1685 1669 1750 1726 par-

65 1745 109 1798 nis
122 1745 247 1817 peccatis
260 1744 462 1802 intercessurus
473 1746 589 1803 accedit.
604 1747 887 1820 lncongrnumsiqui-
935 1761 993 1815 vas,
1008 1746 1083 1803 unde
1096 1726 1301 1821 adsitpplenda
1320 1748 1488 1803 clericorum
1501 1744 1593 1804 officia
1613 1747 1644 1803 in
1658 1752 1752 1837 ps*

66 1838 131 1893 dem
146 1839 221 1894 mibi
234 1839 354 1909 ridetur,
377 1840 412 1895 de
433 1840 575 1912 conjugali
594 1843 659 1895 toro
680 1840 803 1912 aliquem
818 1858 883 1897 con·
935 1845 986 1912 ptu
1001 1845 1043 1896 est
1063 1841 1137 1895 viros
1151 1841 1242 1896 bonos
1261 1841 1378 1896 assumi.
1398 1841 1552 1897 Utiliorest
1564 1841 1641 1896 enim
1654 1820 1749 1896 inEc·

66 1937 235 2004 surgentem
256 1933 422 1989 altariorum
437 1939 515 2006 septa
528 1939 686 2006 penetrare.
711 1934 764 2006 lpsi
785 1935 885 2007 utique
933 1933 1020 1989 desis
1033 1950 1190 2006 paucorum
1203 1935 1344 1990 honorum
1360 1935 1448 1991 electa
1459 1934 1598 2007 probatio,
1613 1951 1699 2006 quam
1709 1951 1752 1991 er·

66 2027 220 2082 illuminati
241 2035 270 2084 et
292 2028 366 2084 docti
384 2029 418 2084 de
433 2028 539 2101 Spiritu
553 2032 664 2098 saneto,
679 2028 785 2101 optime
797 2029 885 2085 nostis
935 2028 1029 2083 raticae
1049 2028 1239 2085 multitudinis
1258 2029 1410 2101 prasentia
1429 2029 1614 2102 conglobata3
1638 2045 1669 2082 ae
1686 2028 1750 2100 plus

66 2121 231 2176 oblaturum
244 2121 377 2194 spiritalis
393 2121 520 2177 sacrificii
532 2122 658 2177 victimas
669 2122 744 2194 quali
757 2125 886 2194 oporteat
935 2121 1126 2178 aedificationis
1145 2122 1268 2178 afferunt
1289 2139 1353 2178 rara
1373 2123 1485 2178 virtutis
1504 2121 1649 2211 exempp,
1664 2137 1749 2194 quam

65 2215 130 2287 igne
144 2215 280 2288 flagrare.
301 2215 329 2272 Si
341 2216 419 2271 enim
432 2216 461 2271 in
473 2216 536 2288 lege
552 2215 650 2284 veteri,
666 2216 785 2271 abidum
797 2233 881 2272 eran·
893 2195 922 2269 Β
932 2215 1076 2288 popularis
1104 2217 1226 2275 licentias
1256 2217 1404 2295 bigitans
1426 2221 1456 2275 et
1488 2212 1646 2274 incurro&
1673 2231 1749 2289 prie-

65 2309 165 2381 gelicae
176 2309 358 2382 perfectionis
370 2310 524 2366 auctoritas
538 2309 713 2383 prefulgeat,
728 2312 884 2366 sanctoDa-
933 2309 1068 2382 sumptio.
1086 2296 1113 2341 ἦ
1182 2314 1210 2381 ’ὁ

64 2403 121 2474 rid,
135 2419 205 2459 cum
217 2403 293 2476 lugae
306 2403 470 2462 necessitate
493 2408 682 2477 premeretur,
696 2405 824 2462 sacerdos
834 2405 883 2462 Sa·
1463 2388 1528 2487 ’Ἐξ
1729 2460 1749 2505 a·-

1699 2510 1751 2561 *a

64 2560 1752 2646 ᾖ

758 2746 841 2793 ΔΝΝΟ
857 2745 965 2794 oomni
981 2746 1052 2792 DXC.

234 2834 929 3108 uniamus
1008 2897 1382 3098 Pura
1452 2750 1588 3099 ii.

603 3194 729 3275 (Manat
744 3192 896 3260 Collectio
913 3138 1036 3260 cincii.
1053 3201 1130 3258 tom.
1146 3192 1222 3275 IX.)

411 3550 661 3656 NOTITIA,
700 3549 771 3635 EX
814 3549 983 3634 LIBRO
1029 3545 1404 3633 PONTIFICALI.

97 3705 230 3778 Pelagius
252 3704 265 3734 ⁸
285 3703 398 3761 natione
423 3705 567 3762 Romanus
586 3719 620 3759 ex
639 3705 719 3775 patre
739 3701 915 3788 Vinigildoc
931 3698 1004 3771 [dod.
1027 3701 1103 3762 iac,
1127 3696 1287 3770 Unigeldol,
1311 3697 1383 3754 sedit
1401 3712 1491 3754 annos
1509 3697 1618 3767 decem,
1638 3711 1747 3752 menses

714 3861 813 3917 noun
832 3856 988 3916 SEVERINI
1007 3855 1096 3912 ElNll.

96 3979 109 4009 ⁸
123 3974 192 4028 Post
203 3971 377 4026 vacationem
389 3971 477 4026 trium
486 3971 628 4026 mensium
643 3973 671 4026 et
679 3969 811 4025 undecim
821 3969 879 4024 die-
928 3964 1107 4021 conditorum
1116 3962 1256 4018 arbitrum
1266 3979 1337 4032 esse,
1349 3964 1387 4019 ita
1398 3965 1467 4020 utin
1477 3965 1566 4020 alium
1576 3981 1656 4037 aeque
1666 3964 1747 4035 pium

60 4061 140 4113 rum,
167 4043 214 4101 die
239 4046 267 4098 ll
292 4043 455 4098 Novembris
482 4043 549 4097 anni
574 4047 624 4097 577
646 4047 709 4114 post
732 4042 878 4097 Christum
928 4053 1012 4091 usum
1026 4036 1073 4091 illa
1083 4038 1194 4089 mutare
1204 4035 1301 4106 possit,
1313 4036 1336 4089 si
1348 4036 1375 4090 id
1386 4037 1457 4091 ratio
1471 4036 1648 4117 persuadeat.
1660 4037 1747 4091 lusti-

61 4114 338 4186 natum‚sublegitur
346 4114 476 4186 Pelagius
480 4114 578 4184 junior
586 4113 645 4183 ejus
653 4113 879 4168 nominissecun-
928 4108 1146 4188 nusuimperator
1157 4106 1288 4187 precibus
1298 4109 1401 4160 sanctae
1413 4109 1507 4162 Mariae
1517 4107 1748 4188 virginismentis

59 4187 113 4241 dns
126 4187 274 4240 Romanus
290 4185 426 4256 pontifex,
440 4189 518 4256 patre
533 4184 682 4256 Vinigildo,
696 4188 734 4252 et,
749 4190 782 4239 ut
794 4189 877 4256 puta-
929 4182 1041 4233 sanitati
1052 4180 1207 4246 restitutus,
1221 4177 1371 4248 designato
1382 4194 1540 4232 successore
1550 4179 1671 4246 Tiberio,
1683 4181 1748 4249 post

59 4265 107 4313 tur
120 4274 157 4312 ex
164 4255 291 4323 nomine,
300 4256 614 4328 Gothicopotiusquam
625 4257 752 4311 llomaiio
763 4271 877 4326 genere.
929 4256 1039 4330 exactos
1052 4248 1166 4330 imperii
1187 4265 1279 4329 annos·
1297 4248 1439 4329 sexdecim
1461 4264 1626 4329 mensesque
1644 4262 1748 4303 novem

60 4327 326 4386 Pontilicatiisillius
342 4327 439 4383 incidit
448 4327 478 4382 in
488 4327 650 4382 calamitosa
661 4332 797 4397 tempora,
813 4325 877 4396 qui·
928 4336 995 4375 cum
1004 4320 1131 4388 dimidio,
1143 4334 1177 4372 ex
1192 4320 1245 4373 bae
1255 4325 1311 4373 vita
1321 4318 1583 4373 recessitTiberuis
1593 4324 1748 4390 antequam

60 4401 113 4456 bus
124 4398 304 4471 Langobardi
315 4399 421 4453 ltaliam
434 4398 587 4465 vastabant,
601 4403 686 4470 atque
700 4395 878 4451 occidentalis
928 4396 1120 4458 coronaretur,
1131 4388 1192 4442 loca
1202 4394 1297 4444 sancta
1308 4389 1404 4455 obivit,
1416 4386 1527 4460 Sophiae
1537 4389 1633 4443 uxoris
1645 4390 1747 4444 tustini

62 4471 193 4536 Ecclesia,
203 4476 319 4542 propter
328 4469 466 4541 synodum
477 4486 516 4523 va
528 4469 593 4524 sede
609 4468 762 4540 apostolica
774 4483 877 4538 appro-
929 4461 1043 4515 insidias
1054 4460 1102 4515 Dei
1118 4459 1223 4540 auxilio
1233 4460 1329 4527 evasit,
1341 4465 1369 4514 et
1385 4460 1455 4515 dnm
1471 4460 1650 4540 insidiantem
1663 4461 1747 4516 bonis

62 4542 166 4607 batam,
179 4542 241 4596 diro
255 4542 404 4596 schismate
416 4556 509 4612 usque
523 4541 558 4595 ad
568 4540 703 4594 Hibernos
711 4539 797 4594 divisa
807 4541 877 4592 erat.
928 4532 1061 4587 omnibus
1085 4531 1240 4610 spoliasset,
1267 4530 1398 4611 eamdem
1423 4532 1453 4585 iii
1474 4532 1603 4586 ordinem
1625 4532 1746 4606 redegit.

62 4615 108 4670 llis
126 4614 308 4668 consulturus
352 4612 458 4667 outifex
477 4611 683 4677 sanctissimus,
711 4608 826 4665 consilio
852 4612 880 4663 et
928 4604 1007 4659 Unde
1025 4602 1211 4681 factumlsine
1234 4601 1319 4656 dubio
1337 4603 1413 4674 quod
1432 4617 1490 4656 non
1514 4605 1625 4657 tantum
1649 4610 1747 4658 contra

63 4685 167 4741 auxilio
182 4685 271 4739 sancti
285 4685 322 4739 Gr
340 4684 412 4755 gorii
425 4683 591 4738 successoris
611 4682 655 4737 sui
674 4681 779 4736 librum
792 4679 880 4734 edidit
928 4675 1034 4756 hostes,
1049 4668 1196 4727 sedetiam
1211 4672 1349 4754 ‘adversus
1365 4673 1494 4756 iteratam
1516 4675 1630 4756 Sophiae
1648 4676 1747 4746 conju-

62 4773 112 4838 pro
125 4755 355 4828 quintasynodo,
386 4770 453 4808 uam
463 4754 619 4808 defendens
633 4751 682 4821 ait,
693 4753 747 4807 tria
757 4750 880 4822 capitula
928 4744 1545 4825 rationemcumlustinianolustinicognato
1559 4750 1749 4828 initam,prae-

72 4844 121 4882 ure
135 4827 297 4898 meritoque
310 4771 496 4881 condemnata
508 4841 578 4880 esse.
599 4821 725 4879 Meminit
743 4822 829 4894 th'us
843 4822 877 4876 li·
929 4817 1001 4872 clare
1015 4815 1275 4896 triumphantius
1293 4831 1359 4871 cum
1373 4822 1559 4889 aegrotantem
1578 4818 1747 4889 Eutychium

59 4844 126 4954 iulii
142 4897 450 4969 sanctusGregoriusin
461 4895 577 4967 epistola
586 4895 621 4950 ad
632 4895 778 4960 Hibernos,
792 4909 879 4966 quein
928 4885 1750 4968 constantinopolitanumepiscopum,Constautin0polibe·

63 4970 134 5025 inira
144 4971 221 5024 inter
237 4969 368 5050 epistolas
380 4967 481 5040 Pelagii
493 4984 569 5022 nunc
579 4966 705 5038 primum
716 4983 751 5021 ex
760 4964 877 5018 Annali·
929 4958 1118 5013 nedictionem
1132 4957 1167 5010 ab
1182 4973 1215 5011 eo
1233 4961 1429 5030 percepturus,
1444 4959 1592 5027 invisisset,
1607 4960 1749 5018 intellexit

63 5040 112 5095 bus
123 5040 238 5095 Beronii
255 5057 283 5093 in
301 5041 394 5095 lucem
409 5038 564 5094 emittimus
580 5054 586 5092 :
602 5037 636 5092 de
650 5054 706 5119 quo
721 5037 804 5109 plura
817 5035 879 5089 ride
929 5047 958 5084 so
968 5035 1032 5101 post
1043 5032 1288 5110 quatuorninenses
1298 5046 1331 5085 ex
1342 5030 1393 5084 hac
1403 5030 1459 5111 vita
1469 5032 1748 5112 euocandumoilar-

62 5112 134 5167 intra
149 5111 274 5166 iii-notis
292 5110 411 5165 ibidem.
435 5111 523 5181 Hujus
543 5109 719 5180 temporibus
737 5125 753 5162 a
774 5109 879 5162 loanne
928 5107 1064 5156 tornense
1074 5099 1241 5154 adveniente
1251 5117 1280 5154 in
1293 5102 1428 5155 morbum
1438 5103 1575 5169 incidens,
1587 5103 1748 5160 blauritium

63 5200 146 5239 sacrae
156 5185 291 5239 Romanas
301 5181 430 5238 Ecclesia
444 5181 607 5252 presbytero
623 5183 750 5235 erectum
763 5183 805 5232 est
819 5193 880 5231 ora·
929 5171 1004 5226 civili
1019 5176 1047 5227 et
1069 5170 1319 5251 castrensi'iiiilitia
1333 5172 1461 5238 clarum,
1482 5174 1692 5247 catholicaque
1733 5192 1749 5232 e

63 5256 165 5310 lorium
191 5254 267 5326 apud
287 5254 412 5308 thermas
431 5252 608 5324 Agrippinas,
629 5251 704 5323 quod
719 5249 806 5304 servis
818 5243 1067 5327 liei,1)religione
1082 5247 1110 5297 et
1122 5242 1273 5322 virtutibus
1283 5242 1429 5312 illustrem,
1439 5243 1578 5301 Caesarem
1596 5252 1681 5314 creat,
1716 5265 1748 5302 a·

62 5327 209 5382 monacbis
222 5325 369 5389 nimirum,
384 5323 541 5390 inserviret,
552 5322 677 5394 illudque
692 5319 827 5376 reditibus
841 5318 879 5372 lo-
928 5320 1013 5387 taque
1026 5313 1067 5368 illi
1081 5328 1168 5393 uxore
1187 5312 1244 5392 lilia
1257 5312 1458 5384 Constantina,
1482 5315 1636 5388 imperium
1655 5318 1747 5374 eidem

61 5398 223 5470 cupletavit,
238 5397 342 5467 scripto
355 5396 390 5450 de
404 5396 448 5450 bis
461 5394 592 5449 omnibns
602 5395 787 5449 testamento:
801 5390 878 5460 quod
927 5403 979 5459 pro
992 5386 1056 5440 dote
1070 5389 1233 5463 assignavit.
1250 5384 1343 5463 blense
1363 5389 1490 5458 Augusto
1504 5389 1571 5443 anui
1588 5392 1649 5457 586,
1664 5390 1747 5445 Tibe·

61 5486 124 5525 cuin
139 5468 255 5540 Pelagio
267 5483 350 5539 papae
362 5466 536 5534 tradidisset,
551 5481 586 5520 ex
598 5465 651 5519 hac
666 5465 721 5519 vita
733 5461 875 5533 migravit.
928 5457 986 5511 rius
1007 5455 1164 5535 imperator
1183 5470 1325 5535 piissimus
1350 5473 1454 5529 magno
1483 5459 1578 5516 dolore
1605 5461 1746 5515 bonorum

60 5542 360 5613 Gregoriussuccessor
366 5538 470 5608 Pelagii
479 5532 878 5591 mutatavoliintitetestatoris
927 5527 1056 5581 omnium
1070 5525 1105 5578 ab
1118 5540 1238 5595 imperio
1252 5527 1391 5598 inquieto,
1406 5534 1492 5601 prout
1504 5532 1534 5586 iii
1548 5532 1654 5586 somnis
1667 5530 1745 5585 vide-

59 5613 88 5669 in
99 5614 204 5669 eodem
213 5627 305 5665 sacras
318 5610 440 5681 virgines
448 5607 591 5663 collocavit
602 5607 654 5661 siib
664 5622 731 5660 cura
739 5603 877 5675 religiosas
927 5602 981 5665 rat,
995 5597 1029 5678 ad
1048 5600 1179 5666 pacatum
1199 5596 1311 5653 coeleste
1327 5616 1448 5672 regnum
1462 5603 1584 5657 transiit.
1598 5601 1744 5656 Mauritius

59 5685 174 5740 feminae
196 5684 283 5738 Bonae
303 5680 458 5736 abbatissa.
481 5681 596 5734 Exstant
618 5678 652 5732 de
678 5676 722 5730 bis
745 5674 877 5730 omnibus
926 5670 1080 5739 imperium
1093 5666 1222 5738 adeptus,
1234 5685 1285 5739 per
1298 5669 1405 5726 litteras
1419 5673 1454 5728 ad
1468 5672 1646 5727 Theodorum
1656 5673 1746 5727 archi·

60 5757 149 5826 ipsius
168 5753 260 5809 saneti
272 5751 399 5823 Gregorii
413 5751 484 5822 epist
507 5750 579 5804 libro
592 5766 637 5803 vii.
653 5748 730 5802 lliide
744 5746 877 5816 intelligis
926 5738 1097 5794 mandritam
1112 5738 1191 5794 datas
1204 5740 1314 5866 rogavit
1333 5759 1385 5813 pro
1401 5759 1430 5797 se
1444 5744 1532 5812 orari,
1547 5746 1579 5796 ut
1593 5742 1746 5812 imperium

59 5828 222 5885 Romanum
234 5824 397 5899 pontillcein
409 5826 642 5880 testamentorum
657 5819 693 5876 ad
707 5819 766 5894 pius
779 5833 876 5875 causas
926 5813 955 5869 iii
970 5827 1038 5884 pace
1050 5809 1134 5882 tueri,
1148 5815 1176 5867 et
1189 5811 1224 5866 ab
1258 5813 1365 5886 ostibus
1377 5814 1526 5869 defendere
1539 5816 1644 5885 posset.
