3884 6150
144 270 192 325 971
716 266 842 322 sacnti
862 263 957 321 saxa!
976 263 1255 321 sacramentali.
1779 262 1827 315 iit

180 378 326 435 sancimus
342 377 427 447 enim,
442 377 464 430 si
487 375 517 430 in
530 392 587 430 una
600 375 696 446 aliqua
718 357 959 429 sacrosanctarum
1013 377 1323 444 naturam,sexumque
1334 368 1830 427 femineumcontumeliaaitirienti-

145 472 338 538 ecclesiamm‚
353 487 474 543 quarum
484 468 756 524 administrationem
771 468 855 522 simul
871 471 958 523 etex·
1009 468 1071 536 bus,
1082 466 1655 540 quasinonetipsealieocreatussit,aut
1668 463 1830 535 generatio

141 583 243 640 pansas
259 565 359 621 cadem
374 569 549 618 sacrosancta
574 563 666 634 major
692 563 805 618 ccclesia
828 562 958 628 sustinet,
1009 562 1039 616 ni
1050 561 1158 633 aliquid
1167 561 1306 628 conferat,
1316 560 1367 615 scd
1376 559 1458 631 quasi
1473 559 1600 630 abjectas
1610 556 1827 628 etignominio·

141 661 349 734 presbyterum,
364 661 415 711 aut
429 658 590 723 diaconum,
607 659 656 711 aut
669 658 814 725 lectorem,
830 659 880 710 aut
891 672 958 710 can·
1009 672 1056 709 sus
1071 659 1150 710 extra
1161 671 1280 710 omnem
1297 653 1496 726 dignationem
1515 669 1547 707 ac
1563 653 1708 708 honorem
1733 650 1826 731 haberi

143 758 234 810 torem
248 750 487 821 moricontigcrit,
499 768 535 805 ne
544 751 638 805 statim
651 751 722 805 alias
733 750 909 805 extrinsecus
918 749 960 803 in·
1009 748 1122 804 debeat.
1138 748 1287 805 sancimus
1302 747 1390 818 igitur
1404 748 1537 818 perhanc
1548 762 1659 801 sacram
1674 746 1784 816 legem,
1802 749 1826 799 ut

142 847 315 911 traducatur,
330 844 378 898 sed
393 844 472 915 prius
488 845 633 899 beatitudo
646 847 696 898 tua
711 843 854 915 despiciat,
872 858 960 914 qaam
1008 847 1037 896 et
1046 842 1122 913 apud
1132 841 1282 896 Armenios
1297 841 1447 896 occasione
1458 839 1643 896 successionis
1653 838 1825 894 feminarum

143 937 958 1010 magnusadhucrenerabiliumclericorumsitnumerus,
1010 933 1828 1007 eademobtineant,qnaeetapudnos,nequeullasitintcr

142 1033 192 1106 qni
215 1032 271 1087 illic
291 1032 464 1086 ministrant.
479 1035 517 1086 Ac
531 1032 692 1087 sinendum
707 1031 822 1103 quidem
840 1030 958 1085 clerico·
1009 1029 1476 1096 maremetfeminamdifferentia,
1490 1027 1827 1100 sedquaquidemiorma

142 1142 207 1181 rum
217 1126 638 1193 numerusdeminutusest,scd
653 1125 751 1196 quoad
761 1141 913 1179 nanterum
924 1124 958 1178 ab
1009 1123 1084 1178 inter
1094 1129 1206 1179 nostros
1216 1123 1404 1178 constitutum
1417 1126 1469 1191 est,
1481 1129 1512 1178 ut
1524 1121 1710 1195 parentibus,
1722 1121 1777 1176 hoc
1789 1127 1827 1176 est

143 1219 223 1275 initio
248 1219 396 1275 delinitum
423 1224 451 1273 et
479 1220 519 1283 lut
536 1223 644 1288 vocant]
670 1223 819 1287 statutum,
843 1217 959 1289 quidam
1009 1217 1350 1289 patri,mari‚avo,aviae,
1367 1216 1728 1288 remotioribusque,item
1741 1219 1827 1286 poste·

142 1314 300 1370 etiamnum
308 1315 497 1384 superfluunt,
506 1329 541 1367 nc
550 1330 605 1383 qua
614 1313 642 1366 in
655 1313 716 1384 ejus
726 1313 819 1366 locum
832 1311 960 1366 institua·
1008 1312 1058 1379 ris,
1069 1312 1123 1366 hoc
1132 1311 1500 1379 estfili0,filiaesuccedant,
1509 1309 1670 1365 etvicissim
1679 1309 1748 1380 ipsis
1759 1325 1824 1380 qao-

142 1413 190 1463 tur
201 1407 351 1476 ordinatio,
366 1407 453 1462 donec
468 1423 604 1461 naimarus
619 1406 671 1461 sibi
685 1406 737 1477 ipsi
747 1406 919 1460 restituatur.
932 1404 958 1460 Si
1009 1422 1064 1477 que
1077 1406 1252 1472 succedatur,
1265 1404 1305 1459 ita
1315 1407 1344 1458 et
1358 1404 1434 1476 apud
1450 1404 1527 1476 ipsos
1537 1404 1582 1471 sit,
1593 1420 1693 1474 neque
1704 1403 1827 1458 Armeni·

142 1499 570 1556 veromultitudoitademinuta
583 1502 635 1569 est,
646 1504 679 1553 ut
688 1499 717 1552 in
730 1498 855 1552 defuncti
864 1499 958 1553 locum
1008 1516 1048 1554 cce
1058 1499 1135 1569 leges
1145 1515 1161 1553 a
1171 1499 1307 1553 Romanis
1317 1497 1459 1552 differant.
1477 1499 1548 1552 Nam
1565 1497 1589 1551 si
1605 1498 1641 1552 de
1655 1501 1755 1552 nostra
1767 1502 1827 1552 sunt

143 1594 230 1649 alitam
241 1594 374 1666 clericam
388 1593 527 1648 introduci
539 1609 652 1648 neccsse
666 1594 711 1659 sit,
729 1609 765 1647 ne
777 1592 845 1664 quid
854 1595 959 1646 statuto
1008 1592 1163 1663 republica,
1173 1592 1196 1646 si
1207 1593 1374 1647 serviuntex
1385 1608 1467 1663 aequo
1479 1591 1825 1662 nobiscumcaeterisgen·

144 1687 226 1756 desit,
243 1687 388 1742 beatitudo
403 1693 452 1741 tna
470 1686 607 1758 dispiciat,
623 1703 659 1740 an
672 1686 741 1742 citra
754 1690 958 1740 sacrosanctam
1008 1687 1092 1753 tibus,
1108 1685 1131 1739 si
1144 1685 1278 1740 omnibus
1296 1685 1400 1741 nostris
1411 1686 1608 1756 perfruuntur,
1620 1683 1756 1756 nunquid
1766 1685 1825 1740 sola

143 1781 283 1852 majorem
296 1781 443 1835 ecelesiam
455 1780 478 1850 ej
485 1780 584 1835 nsdern
601 1780 708 1835 ordinis
723 1780 840 1834 clericus
854 1779 883 1833 in
897 1774 996 1846 aliisB
1009 1780 1086 1850 apud
1095 1779 1170 1851 ipsos
1181 1778 1298 1834 semina
1309 1796 1325 1833 a
1336 1779 1417 1833 nobis
1431 1779 1598 1834 introducta
1607 1779 1825 1850 expellentem

145 1874 267 1932 ecclesiis
276 1874 437 1929 inveniatur
447 1872 618 1944 superfluus,
631 1879 658 1929 et
668 1874 769 1929 exinde
781 1872 960 1928 indemortui
1009 1872 1292 1944 quabilitateisedin
1303 1873 1364 1944 pari
1374 1872 1450 1943 apud
1458 1873 1769 1928 omnesobserrationc
1777 1872 1826 1926 sint

143 1969 237 2024 locum
249 1968 337 2023 alium
352 1968 490 2039 sublegat,
504 1984 561 2022 non
574 1971 669 2023 autem
691 1983 795 2022 noram
811 1966 961 2021 ordinatio
1010 1968 1087 2038 leges
1098 1967 1278 2034 nostraene
1292 1982 1362 2037 quas
1373 1971 1544 2021 essetecum
1556 1965 1638 2020 libris
1652 1967 1823 2037 collegimus,

143 2078 208 2117 nem
222 2062 353 2118 celebret.
370 2063 409 2116 Eo
423 2061 501 2116 enim
516 2065 597 2133 pacto
616 2062 640 2114 si
656 2061 694 2130 id,
711 2061 755 2115 cui
775 2062 864 2129 deest,
879 2077 912 2114 ex
928 2076 960 2114 eo
1010 2064 1039 2115 et
1062 2060 1090 2114 in
1112 2060 1216 2116 nostris
1235 2059 1461 2116 institutionibus
1485 2065 1515 2116 et
1541 2059 1666 2131 Digestis
1688 2059 1824 2115 ordinari·

143 2156 318 2229 suppleatur,
334 2155 380 2210 cni
395 2154 553 2226 superfluit,
567 2156 640 2210 bella
656 2155 787 2226 quaedam
800 2170 892 2225 nequa
904 2156 960 2209 Deo
1010 2171 1085 2223 mus,
1098 2154 1154 2209 sire
1169 2170 1234 2227 quas
1250 2171 1283 2208 ex
1298 2153 1483 2226 imperatoria
1497 2155 1659 2221 sanctione,
1677 2159 1737 2209 tam
1754 2154 1825 2226 p'rio·

143 2249 256 2321 ingrata
267 2248 503 2304 commensuratio
512 2248 675 2320 imponetur
688 2248 813 2319 negotio,
825 2254 851 2302 et
866 2263 959 2302 sacro·
1010 2265 1075 2303 rum
1091 2248 1256 2319 principum
1272 2264 1360 2319 quam
1379 2250 1486 2315 nostra,
1502 2247 1673 2319 subscripta
1686 2250 1760 2303 sunt.

144 2347 239 2398 sancta
248 2343 460 2413 majorecclesia
471 2343 607 2414 paulatim
617 2358 674 2397 aare
683 2340 960 2396 alienoliberabitur.
1045 2343 1224 2413 Quapropter
1237 2341 1334 2396 omnia
1345 2341 1417 2410 haec,
1430 2358 1462 2396 ex
1477 2340 1566 2396 initiis
1579 2341 1734 2413 praesentis
1749 2357 1826 2413 quar·

80 2490 91 2513 ‚
144 2436 257 2508 Alioqui
270 2437 292 2490 si
302 2436 340 2503 id,
353 2437 490 2504 cuidccst,
498 2434 962 2506 forensibussuperinductionibus
1011 2436 1169 2490 toedecimae
1179 2435 1353 2504 indictionis,
1365 2439 1394 2490 et
1408 2435 1497 2506 ipsius
1513 2452 1569 2507 qua
1581 2435 1659 2491 hanc
1677 2435 1826 2491 conscribi·

145 2532 319 2603 suppleatur,
331 2530 431 2585 idaeae
443 2530 488 2584 cui
498 2529 646 2601 superfluit
660 2546 717 2583 non
728 2529 882 2596 minuatur,
897 2528 959 2583 lon·
1011 2546 1073 2583 mus
1086 2530 1192 2601 legem,
1210 2533 1323 2601 sumpto
1332 2529 1484 2602 principio,
1495 2529 1524 2583 in
1535 2545 1621 2584 omne
1631 2545 1728 2584 cerum
1738 2530 1828 2585 valere

145 2639 214 2696 garn
232 2629 259 2678 et
273 2623 414 2679 inlinitum
431 2623 565 2695 temporis
580 2624 701 2695 spatium
717 2623 856 2692 decurret,
873 2623 961 2677 donec
1010 2623 1164 2678 sancimus.
1176 2624 1279 2677 Vetera
1294 2622 1371 2677 enim
1387 2622 1523 2677 curiosius
1540 2621 1724 2695 perquirere,
1748 2629 1776 2678 et
1793 2621 1826 2677 ad

145 2734 228 2773 omne
241 2718 279 2786 id,
291 2717 368 2789 quod
380 2717 515 2784 abundat,
530 2717 721 2772 deminuatur.
732 2717 790 2771 Tua
801 2716 960 2788 igiturhea·
1009 2716 1156 2789 praeterita
1163 2716 1225 2787 jam
1236 2720 1366 2788 tempora
1378 2732 1536 2784 recurrere,
1549 2715 1826 2789 confusionispotias

143 2812 235 2867 titudo
249 2829 282 2866 ea
296 2811 960 2883 quaedecentcrnobisproptersacrosanctarum
1010 2827 1098 2882 quam
1115 2810 1300 2881 legislationis
1315 2814 1368 2865 cst.
1385 2810 1441 2866 Sed
1458 2811 1497 2881 lut
1507 2809 1646 2882 diximus)
1658 2811 1720 2881 jam
1737 2809 1827 2865 indes

145 2905 327 2961 ecclesiarum
336 2905 484 2959 utilitatem
495 2906 672 2976 placuerunt,
683 2904 794 2959 ctiectui
806 2911 835 2959 ct
844 2904 894 2957 tini
906 2907 961 2959 tra·
1009 2903 1188 2976 temporibus
1206 2904 1356 2976 praesentis
1370 2904 1602 2976 quartaedecimae
1621 2903 1792 2960 indictionis
1804 2911 1828 2960 ct
1856 2977 1858 2980 Ι

145 2999 212 3053 dere
221 2999 338 3052 studeat.
349 2999 382 3051 Et
391 2998 413 3051 si
426 2999 493 3069 quid
507 2999 568 3052 lucc
581 3004 678 3053 contra
692 2999 749 3065 liat,
761 2998 831 3052 scire
845 3013 960 3052 necesse
1009 2997 1107 3070 ipsius,
1121 2998 1151 3053 in
1165 3014 1251 3053 omne
1264 2998 1408 3069 reliquum
1420 3004 1543 3070 tempus,
1558 2998 1629 3069 ipsas
1640 2998 1764 3071 quidem
1774 3016 1828 3054 sar-

144 3096 195 3159 est,
212 3106 278 3146 eum
291 3090 340 3160 qui
353 3096 449 3144 contra
462 3091 535 3145 harre
552 3095 677 3145 nostram
691 3091 782 3163 legem
804 3091 958 3146 ordinatio·
1010 3093 1152 3147 cessiones
1168 3092 1274 3147 similes
1285 3095 1369 3147 sunio
1384 3092 1419 3147 iis
1434 3109 1498 3164 quae
1512 3109 1686 3165 quacunque
1698 3104 1826 3149 excausa

145 3200 213 3240 nem
227 3184 367 3254 suscipere
382 3199 468 3237 ansus
477 3184 572 3253 hierii,
586 3185 662 3256 quod
677 3185 784 3239 nullam
799 3152 997 3240 exindauti-C
1009 3186 1045 3242 ad
1055 3186 1265 3242 successionem
1277 3187 1433 3258 pertinent,
1447 3187 1598 3258 aequaliter
1608 3192 1669 3242 tam
1683 3188 1826 3243 intermu-

144 3279 250 3334 litatem
262 3277 386 3346 habebit,
402 3279 820 3350 aequevenerabilesoeconomi
836 3297 896 3334 eam
907 3280 960 3334 im·
1008 3280 1183 3353 lieresqnam
1195 3281 1282 3336 etiam
1295 3281 1369 3337 viros
1382 3280 1416 3336 dc
1426 3286 1528 3337 caetero
1537 3280 1737 3336 observandis.
1750 3281 1825 3346 Quod

142 3389 271 3446 pensam,
285 3388 350 3444 qaae
364 3371 394 3425 in
409 3371 482 3426 hanc
505 3376 613 3443 partem
629 3373 669 3437 fit,
691 3373 720 3426 in
736 3373 857 3427 rationes
870 3390 959 3428 sacro·
1007 3391 1074 3429 vero
1087 3375 1149 3445 jam
1166 3377 1232 3429 ante
1243 3375 1358 3442 exstitit,
1373 3374 1573 3430 iduuircrsum
1585 3373 1617 3430 ln
1632 3375 1732 3446 priore
1739 3376 1826 3430 sonna

144 3474 247 3523 sanctae
264 3465 379 3535 majoris
393 3464 517 3519 ecclesia
531 3466 665 3534 referent,
683 3465 731 3520 sed
745 3467 881 3520 denarum
894 3466 959 3523 inda
1008 3485 1127 3524 manere
1143 3468 1273 3538 sinimus,
1288 3469 1346 3523 sire
1362 3469 1393 3523 in
1408 3469 1442 3522 iis
1457 3470 1564 3524 lactum
1577 3472 1625 3523 est
1637 3469 1755 3540 praediis
1767 3485 1825 3540 qua

144 3576 293 3631 emergens
303 3557 355 3629 ipsi
370 3563 535 3629 agnoscent,
547 3575 598 3629 per
608 3560 771 3630 semetipsos
784 3560 860 3614 hunc
868 3575 960 3614 socer·-
1008 3563 1141 3635 princeps
1157 3563 1225 3618 olim
1242 3562 1357 3634 generis
1372 3562 1488 3617 familiae
1505 3579 1563 3617 sace
1588 3562 1756 3635 adscripsit,
1775 3563 1825 3617 sire

144 3653 198 3708 diae
211 3668 270 3706 suoe
284 3652 408 3706 inactum
421 3650 604 3721 recipientes.
634 3653 697 3708 liat.
717 3652 811 3707 ldibas
827 3654 957 3725 Augusti,
1007 3655 1037 3710 in
1054 3657 1115 3711 aliis
1130 3656 1239 3711 nullam
1251 3655 1423 3711 habentibus
1443 3656 1686 3711 communionem
1701 3657 1827 3712 femineis

144 3744 360 3816 Constantinop.
374 3751 437 3815 post
455 3745 633 3801 consulatum
657 3746 783 3800 belisarii
801 3762 828 3802 r.
847 3764 872 3802 c.
896 3748 957 3802 ast.
1007 3750 1137 3822 personis
1151 3751 1181 3805 in
1194 3751 1240 3805 his
1251 3750 1367 3822 praediis
1381 3766 1445 3822 quae
1456 3750 1561 3805 insulse
1576 3750 1766 3823 genearchia,
1780 3751 1826 3805 hoc

144 3854 201 3894 xrn
215 3839 274 3893 llal.
286 3840 359 3909 Aug.
373 3838 519 3893 Constant.
533 3839 561 3894 d.
576 3855 606 3894 n.
623 3839 697 3895 Bilis.
711 3856 738 3893 r.
752 3856 776 3894 c.
794 3857 870 3896 cons.
1008 3849 1051 3899 est
1063 3860 1080 3898 a
1092 3844 1223 3916 principa
1243 3844 1313 3899 olim
1340 3843 1454 3915 generis
1478 3843 1598 3899 familiae
1620 3860 1683 3899 sace
1709 3845 1825 3916 ascripta

334 3983 337 3986 ,
437 3953 590 4010 NOVELLA
606 3956 669 4010 χχι,
1007 3937 1136 4007 laudant,
1151 3942 1201 3992 aut
1214 3937 1441 3993 successionibus
1454 3954 1518 4011 quae
1527 3953 1619 4009 usqne
1630 3939 1667 3993 ad
1679 3938 1825 3994 decimam·

144 4049 341 4111 occinente,
356 4053 387 4103 at
400 4049 492 4117 clipei
501 4051 959 4122 peromniultomonussequanmr
1006 4033 1121 4088 tertiam
1142 4032 1331 4087 indictionem
1355 4035 1384 4086 et
1405 4032 1496 4104 ipsam
1521 4031 1719 4088 obvenerunt.
1743 4031 1792 4087 Sed
1811 4048 1825 4086 a

312 4193 314 4195 ¹
516 4120 593 4187 lectt·
690 4190 694 4201 ¹
1006 4125 1820 4198 praedictotemporehocestadecimaquartaindictione,

179 4217 336 4286 imperator
354 4212 527 4269 lastinianus
551 4217 693 4284 Augustus
714 4214 812 4269 Acaeio
829 4216 958 4288 magnifl·
1006 4220 1102 4274 valere
1123 4235 1157 4274 ea
1177 4236 1241 4291 quae
1263 4237 1279 4274 a
1301 4219 1384 4275 nobis
1398 4219 1552 4275 constituta
1572 4223 1653 4290 sunt,
1676 4221 1820 4276 sancimus.

143 4308 302 4366 cautissimo
314 4306 476 4379 proconsuli
491 4306 642 4362 Armeniae.
1007 4313 1077 4378 Quae
1090 4312 1179 4385 igitur
1192 4313 1275 4369 nobis
1287 4314 1464 4385 placuerunt,
1476 4317 1504 4368 et
1515 4328 1569 4384 per
1579 4314 1657 4368 hanc
1669 4314 1821 4386 exprimun-

179 4403 331 4475 Cupientes
342 4406 372 4456 ut
381 4401 578 4456 Armeniorum
588 4400 732 4472 provincia
746 4403 957 4474 perlectebonis
1006 4414 1054 4465 tur
1066 4408 1173 4480 legem,
1187 4425 1221 4463 ea
1234 4412 1293 4462 tam
1306 4407 1521 4479 magnificentia
1531 4411 1591 4474 tua,
1607 4423 1700 4479 quam
1710 4409 1759 4480 qai
1767 4410 1822 4480 post

143 4503 260 4569 regatur
273 4496 392 4568 legibus,
406 4495 534 4566 usquein
548 4496 630 4549 nlloa
643 4495 958 4570 reliqnaditleratrepu·
1008 4503 1101 4575 ipsam
1116 4501 1250 4558 eumdem
1256 4502 1457 4574 magistratum
1465 4501 1624 4572 suscepturi
1639 4505 1721 4572 sunt,
1734 4503 1820 4572 inper

144 4592 226 4660 blica,
251 4589 392 4661 prioribus
409 4590 528 4644 sublatis
550 4589 722 4654 nominihus,
745 4592 877 4647 Romanis
896 4610 959 4649 cam
1009 4600 1129 4670 petuam
1151 4596 1303 4651 observare
1327 4593 1471 4652 studento.
1502 4597 1562 4651 bat.
1588 4611 1624 4650 xv
1653 4595 1719 4652 Kal.
1743 4593 1818 4667 April.

144 4683 356 4757 magistratibus
378 4682 586 4753 adornavimus,
607 4689 639 4738 ut
663 4685 792 4741 Romano
812 4690 961 4743 uterentur
1008 4690 1226 4762 constantinop.
1241 4695 1306 4762 post
1319 4691 1395 4746 liilis.
1412 4706 1438 4746 v.
1455 4707 1480 4746 c.
1494 4705 1573 4745 cons.

142 4779 242 4835 habitu
254 4775 466 4844 assuefecimus,
476 4776 959 4853 uideniquealieeapudipsosleges
1269 4789 1425 4845 Novxxxx
1444 4789 1563 4844 xxxvx.

141 4890 200 4931 noa
215 4877 308 4929 essent
318 4888 405 4945 quam
415 4887 486 4943 quas
497 4871 638 4926 Romanas
648 4873 806 4942 nominant,
816 4876 960 4932 constitui·
1164 4884 1200 4937 lis
1214 4881 1340 4936 Ecclesiis
1353 4881 1506 4936 constitutas
1517 4881 1547 4933 ιἰι
1558 4877 1675 4946 Attiou.

143 4984 217 5024 mus.
230 4966 350 5022 Proinde
360 4965 463 5037 scripta
474 4964 558 5020 etiam
571 4964 634 5036 lege
646 4965 716 5021 illud
727 4969 802 5038 qaod
810 4986 959 5041 perperam
1044 4972 1243 5029 venerabilem
1255 4973 1414 5043 ecclesiam,
1428 4974 1483 5028 etc.
1497 4971 1539 5028 ab
1551 4971 1670 5029 Arianis
1686 4971 1820 5028 ablataru-

144 5061 273 5132 apadeos
285 5059 471 5131 delinquitur,
479 5059 679 5131 corrigendum
689 5061 897 5131 putarimus‚ne
909 5064 959 5119 sci·
1008 5067 1119 5139 piunto,
1137 5067 1248 5140 sibique
1264 5068 1389 5123 habento
1407 5065 1537 5122 Ecclesiae
1552 5065 1668 5134 hiricae,
1688 5069 1819 5121 attamen

143 5154 208 5210 licet
220 5170 300 5209 more
312 5153 459 5208 barbarico
474 5155 626 5224 parentam
643 5158 671 5208 et
681 5153 812 5225 fratrum,
823 5162 852 5212 et
859 5157 959 5231 reliqui
1008 5162 1136 5233 publicas
1148 5179 1200 5234 pro
1218 5163 1273 5218 illis
1285 5161 1437 5235 pensiones
1446 5162 1606 5228 conferant,
1615 5160 1654 5215 ab
1664 5160 1767 5216 iisdem
1780 5174 1819 5213 ac·

144 5247 255 5321 generis
268 5247 456 5301 successiones
468 5246 502 5301 ad
518 5246 814 5320 virospertineant,ad
825 5252 958 5308 mulieres
1008 5257 1097 5328 ceptis
1119 5256 1312 5313 immobilibus
1332 5274 1349 5311 a
1372 5256 1487 5311 nemine
1502 5253 1656 5310 laedendis.
1678 5253 1821 5311 haereticus

143 5359 200 5398 non
214 5341 292 5409 item,
303 5355 375 5393 nere
384 5340 427 5393 hae
435 5340 538 5411 absque
545 5341 610 5396 dote
621 5342 650 5395 in
660 5342 879 5399 domummariti
885 5362 959 5400 corn·
1008 5367 1066 5406 non
1079 5351 1233 5422 baptizato,
1247 5351 1283 5406 ad
1299 5350 1505 5423 rempublicam
1515 5365 1575 5405 non
1592 5349 1738 5424 accedito,
1751 5351 1819 5403 cate·

142 5437 278 5509 migrent,
294 5437 344 5487 ant
357 5432 392 5486 ab
407 5432 441 5486 iis
451 5433 626 5503 quibuscum
640 5438 959 5495 consuctudinamhabi·
1008 5446 1184 5500 chumenum
1198 5462 1256 5500 non
1267 5443 1563 5500 circumcidimxulla
1576 5443 1702 5498 omnino
1712 5438 1820 5497 haeoesis

140 5536 213 5587 turae
228 5526 493 5592 sunlredimassiurs
507 5526 535 5580 id
555 5530 630 5599 quod
649 5532 740 5585 multo
764 5533 850 5587 etiam
867 5534 959 5604 magis
1009 5539 1130 5594 domum
1144 5543 1194 5595 ant
1209 5541 1304 5595 locum
1318 5536 1456 5595 orationis
1469 5537 1587 5593 habeto.
1603 5535 1820 5607 Carthaginien·

142 5625 286 5680 barbarice
303 5622 333 5677 in
352 5621 428 5676 hunc
448 5635 538 5690 usque
554 5620 629 5675 diem
645 5625 772 5680 moribus
790 5626 866 5696 apud
883 5627 958 5699 ipsos
1008 5633 1046 5686 sis
1061 5633 1184 5687 Ecclesia
1196 5632 1344 5704 privilegia
1357 5632 1495 5698 obtineto,
1517 5646 1583 5702 quae
1608 5629 1642 5686 in
1665 5630 1820 5686 universum

136 5722 355 5796 comprobatum
370 5723 421 5789 est,
438 5733 495 5773 non
508 5715 576 5789 ipsis
588 5721 700 5775 tantum
715 5721 767 5777 ista
779 5723 957 5782 ferinomore
1008 5725 1044 5780 de
1059 5727 1192 5782 omuibus
1207 5727 1281 5782 dicta
1294 5729 1361 5782 sunt
1373 5725 1499 5782 ecclesiis
1510 5725 1540 5779 in
1556 5723 1673 5780 Codice.

123 5817 324 5892 opinantibus,
332 5817 385 5875 sed
398 5821 427 5876 et
438 5814 503 5874 aliis
511 5812 648 5892 gentibus
658 5813 699 5873 ite
707 5815 964 5877 dehonestantibus
1046 5819 1105 5885 unt
1117 5820 1157 5877 ud
1163 5820 1432 5893 Carthaginiensem
1447 5817 1595 5876 eccloeiam
1610 5816 1787 5894 contugerit,
1800 5813 1820 5870 si
