3884 6150
211 242 246 322 ir
884 244 1219 321 bramburiensis
1855 254 1891 324 te

212 372 409 446 unnsquisque
418 389 525 444 mcum,
535 378 569 431 ιιι
576 373 600 430 si
610 373 722 429 vincere
730 372 791 445 jam
800 387 859 428 non
867 374 969 444 potest,
981 368 1025 427 rel
1036 370 1147 454 Aferet
1162 388 1192 429 se
1209 374 1352 431 contemni
1371 374 1530 448 cuicunque
1544 374 1622 431 vonit
1637 373 1668 430 in
1685 377 1812 430 mentem
1827 373 1892 430 nul·

213 467 305 525 celare
317 466 490 524 meminerit.
503 466 532 524 Si
545 464 754 523 exitusillinon
764 465 857 537 datur,
870 465 952 538 signa
964 464 1026 537 ejus
1074 464 1133 539 lam
1145 482 1205 523 esse
1216 472 1324 524 unum
1340 468 1497 541 potentiam
1513 468 1545 524 in
1557 484 1615 541 qua
1633 483 1693 524 non
1704 466 1831 524 incurrat
1844 467 1891 524 in·

212 560 295 618 obnii
308 564 436 634 possunt,
445 559 583 616 licetcum
596 574 701 632 magna
711 559 766 617 hoc
777 558 904 616 molestia
918 559 960 615 ili.
974 558 1027 614 Cu·
1071 558 1159 631 juria.
1173 561 1277 616 Demus
1289 561 1413 634 spatium
1430 562 1568 635 peccanti,
1587 577 1644 634 quo
1657 560 1747 634 possit
1766 559 1893 618 conside·

212 654 255 728 pit
267 653 345 711 cuim
356 652 467 710 exsilire
478 652 530 720 ira,
545 656 574 708 et
584 651 737 711 incendere
755 653 850 710 oculos
868 648 1025 724 faciemque
1075 669 1138 709 rare
1157 653 1227 726 quid
1244 654 1352 725 facerit,
1368 660 1397 712 et
1415 655 1477 729 ipse
1496 673 1525 711 se
1542 654 1701 727 castigabit.
1714 653 1788 719 Quid
1807 670 1891 727 ergo.

212 751 323 804 mutare
330 765 339 817 ;
353 750 382 802 et
392 745 417 801 si
429 744 577 818 paululum
588 745 631 804 illi
643 751 723 803 extra
735 764 786 804 nos
800 747 928 804 emittere
942 745 1026 801 licue-
1074 745 1179 818 inquis,
1190 742 1307 820 imp‘une
1319 748 1366 805 ille
1379 749 1452 805 erit?
1464 747 1612 806 Putavelle
1621 752 1663 818 te;
1674 764 1741 803 nom
1754 763 1814 803 non
1823 747 1891 804 crit.

212 839 259 912 rit,
268 856 354 912 supra
363 855 414 894 nos
423 843 467 895 cst
474 838 610 896 utinimo
619 841 741 912 pectoris
749 857 862 897 recessu
871 839 1024 908 condatur,
1075 839 1144 904 Quia
1153 857 1212 896 non
1223 841 1315 913 magis
1328 842 1440 914 gravius
1452 842 1592 898 addicitur
1607 857 1695 914 quam
1709 840 1760 913 qui
1771 841 1807 896 ad
1821 856 1892 913 sup·

210 934 384 1004 feraturque,
398 948 454 989 non
468 932 550 990 ferat.
565 935 597 989 ln
608 934 782 990 contrarium
792 933 888 990 omnia
900 932 961 1004 ejus
972 933 1024 987 ile·
1074 933 1190 1005 plicinm
1202 934 1376 1005 poeniteutiae
1387 935 1480 991 datur.
1494 934 1713 1007 Respiciendum
1729 938 1773 990 est
1788 933 1894 991 deinde

211 1031 323 1083 ciuntur
332 1025 449 1098 judicia,
463 1026 557 1083 vultus
575 1027 745 1097 remittatur,
765 1043 820 1085 vox
838 1027 939 1098 lenior,
959 1043 1024 1098 gra·
1076 1027 1113 1082 ad
1126 1027 1315 1084 conditionem
1326 1045 1425 1084 rerum
1438 1028 1640 1099 humanarum,
1655 1032 1687 1083 nt
1699 1027 1830 1084 omnium
1844 1043 1893 1083 ac-

211 1119 319 1193 dnsque
331 1120 370 1176 sit
380 1119 484 1176 lentior
491 1138 500 1191 ;
516 1124 545 1177 et
555 1119 594 1177 ite
606 1121 744 1194 paulatim
758 1136 824 1176 cum
839 1119 1026 1177 exterioribus
1076 1120 1232 1177 oidentium
1247 1121 1321 1194 aequi
1336 1121 1447 1194 judices
1465 1122 1564 1178 simus.
1587 1121 1704 1194 Iniquus
1730 1125 1773 1177 cst
1793 1125 1894 1176 antem

209 1212 346 1270 interiora
364 1213 536 1270 formantur.
557 1214 658 1288 Sicqne
676 1215 725 1271 flet
743 1219 777 1271 nt
793 1213 817 1270 si
833 1198 934 1286 aliquis
953 1212 1026 1268 iram
1075 1213 1125 1287 qui
1146 1231 1297 1272 commune
1318 1216 1419 1271 vitium
1443 1215 1563 1289 singulis
1586 1214 1694 1287 objicit.
1718 1215 1823 1272 Omnes
1848 1213 1894 1269 in·

210 1309 291 1371 tuam
297 1305 448 1380 intelligat,
461 1311 557 1363 tomen
564 1308 666 1364 sentiat
673 1324 768 1364 nemo.
776 1307 893 1364 indunt
898 1323 967 1380 ergo
974 1322 1026 1362 nos
1074 1307 1196 1364 consulti
1209 1313 1293 1382 atque
1306 1308 1458 1381 improvidi
1471 1325 1571 1364 sumus
1577 1325 1587 1379 ;
1599 1324 1699 1364 omnes
1709 1307 1811 1363 incerti
1824 1323 1894 1380 que-

210 1399 412 1456 modcratiores
430 1405 575 1472 respectus
593 1401 692 1472 nostri,
716 1402 740 1457 si
761 1401 939 1457 consulumue
957 1416 1024 1470 nos3
1074 1401 1139 1472 ruli,
1153 1400 1306 1459 ambitiosi.
1320 1401 1394 1468 Quid
1405 1402 1557 1459 levioribus
1568 1401 1660 1458 serbis
1667 1400 1814 1475 publicum
1828 1417 1892 1457 ma·

211 1507 279 1549 nem
288 1493 344 1550 tale
353 1493 460 1567 aliquid
473 1498 501 1551 et
511 1495 567 1567 ipsi
576 1494 727 1568 aliquando
738 1494 942 1551 commisimus.
955 1494 1025 1550 Nam
1076 1497 1136 1553 lum
1148 1495 1307 1552 abscondo?
1320 1495 1425 1552 Omnes
1438 1495 1507 1551 mali
1519 1510 1628 1552 sumus.
1639 1492 1782 1567 Quidquid
1793 1494 1825 1548 in
1836 1492 1893 1550 alio

211 1586 281 1642 sisic
294 1587 458 1659 erravimus,
467 1587 618 1661 expeditne
630 1588 712 1645 nobis
724 1588 823 1645 inaliis
831 1587 881 1644 ille
891 1587 1025 1644 damnare
1076 1588 1309 1663 deprehenditur,
1322 1588 1353 1645 id
1366 1589 1563 1663 unnsquisque
1575 1588 1606 1644 in
1617 1588 1682 1644 sinn
1694 1603 1745 1643 suo
1754 1586 1892 1643 inveniet.

210 1695 275 1753 quse
287 1679 413 1754 elingere
426 1681 480 1754 ipsi
492 1681 694 1754 nequivimus?
707 1682 801 1739 Faciet
811 1681 898 1739 etiam
911 1697 962 1738 nos
975 1681 1027 1737 mi·
1075 1683 1139 1740 llali
1152 1682 1272 1738 vivimus
1285 1682 1361 1738 inter
1379 1683 1478 1739 malos.

210 1773 307 1844 sores,
328 1774 353 1830 u
373 1774 531 1847 cogitemus
552 1774 621 1848 qun
640 1775 723 1832 none
742 1775 790 1832 ille
811 1775 857 1832 cut
877 1747 1064 1831 necimmss
1395 1826 1504 1884 CAPUT
1525 1825 1557 1883 m

209 1864 361 1940 aliquando
372 1867 520 1940 profuerit,
536 1869 614 1926 etsie
627 1885 751 1943 presens
764 1868 870 1926 oflensa
882 1868 1025 1941 prioribus
1559 1866 1567 1881 ⁶

210 1960 319 2018 meritis
338 1960 504 2019 redimatur.
518 1962 589 2020 illud
603 1979 717 2037 quoque
732 1967 871 2035 occurrat,
885 1967 1024 2036 quantum
1319 1940 1424 1998 mm
1449 1941 1498 1996 ‘'r‘'
1521 1939 1638 1995 mm·

209 2052 292 2111 nobis
305 2055 556 2112 commendationis
572 2056 691 2113 allatura
710 2057 746 2113 sit
761 2057 837 2113 fama
856 2056 1022 2127 clementiae,
1108 2059 1188 2115 Nunc
1196 2059 1257 2132 jam
1269 2059 1354 2116 tertio
1366 2059 1397 2116 in
1410 2059 1472 2116 loco
1483 2059 1629 2115 videamus
1642 2073 1699 2130 quo
1716 2056 1800 2112 modo
1820 2055 1891 2112 alie·

209 2164 297 2221 qnam
308 2148 413 2207 multos
425 2148 556 2207 inimicos
568 2150 649 2206 venia
662 2149 760 2207 fecerit
771 2151 865 2208 utiles.
878 2150 954 2206 Nihil
967 2151 1024 2223 glo
1072 2168 1140 2208 nam
1152 2152 1225 2207 iram
1236 2152 1386 2209 leniamus.
1399 2153 1455 2209 Nec
1469 2151 1546 2208 enim
1562 2151 1623 2207 sani
1641 2155 1754 2206 tantum
1766 2165 1827 2205 esse
1845 2163 1892 2203 vc·

209 2241 303 2299 riosus
315 2259 402 2318 quam
413 2242 485 2300 iram
496 2243 621 2299 amicitia
634 2248 820 2301 commutare.
830 2244 962 2301 Irascitur
975 2245 1024 2300 ali·
1072 2245 1166 2314 limus,
1184 2245 1233 2301 sed
1246 2261 1356 2302 seuera.
1370 2245 1496 2302 Primam
1515 2260 1585 2317 ergo
1606 2244 1680 2300 iram
1697 2242 1814 2299 alterim
1831 2258 1892 2298 non

208 2335 293 2408 quis?
305 2341 338 2392 tn
356 2341 454 2394 contra
471 2336 614 2394 beneflciis
627 2353 761 2410 provoca.
776 2337 855 2395 Cedit
872 2337 968 2394 statim
984 2338 1023 2394 si·
1073 2337 1240 2395 audebimus
1255 2343 1351 2395 nostra
1367 2338 1476 2395 ratione
1496 2337 1631 2408 mulcere,
1648 2336 1734 2393 surda
1752 2340 1796 2392 ast
1814 2334 1893 2391 enim

208 2427 312 2487 multas
332 2429 368 2487 nb
386 2431 524 2488 alterutra
542 2435 624 2504 parte
641 2431 760 2502 deserta,
780 2431 835 2488 nisi
860 2431 940 2504 paria
965 2448 1023 2489 non
1073 2437 1102 2487 et
1113 2447 1232 2488 amens:
1248 2431 1379 2488 dabimus
1392 2432 1434 2488 illi
1448 2431 1588 2504 spatium3
1602 2446 1669 2486 nam
1681 2429 1808 2486 remedia
1826 2443 1890 2484 me·

208 2528 348 2596 pugnent.
361 2523 442 2589 Quod
454 2523 478 2579 si
489 2530 645 2598 utrumque
654 2525 812 2597 certaverit,
826 2524 869 2581 ira
880 2527 1024 2582 concurri·
1072 2525 1201 2583 dicornm
1219 2541 1277 2581 non
1296 2525 1327 2582 in
1342 2525 1499 2581 accessibus
1511 2523 1726 2594 infirmitatum,
1745 2522 1837 2579 sedin
1850 2538 1894 2578 re·

208 2618 266 2672 tur.
274 2615 323 2674 llle
332 2621 374 2673 est
383 2616 497 2690 fortior,
508 2617 647 2692 quiprior
655 2618 860 2691 mtulitpedem
866 2619 973 2689 ;victus
981 2624 1024 2676 est
1071 2618 1252 2676 missionibus
1272 2623 1402 2691 prosunt.
1420 2618 1500 2684 Quod
1514 2618 1538 2673 si
1550 2621 1692 2674 tumentes
1710 2615 1807 2672 oculos
1825 2615 1893 2687 quis

208 2709 844 2783 scope,quiricit.l’crcussitte?reoede;nam
853 2712 1022 2785 referiendo,
1072 2716 1164 2769 tentet
1184 2712 1335 2785 inungere,
1354 2716 1467 2768 recente
1489 2711 1517 2767 ri
1541 2711 1633 2784 magis
1652 2710 1751 2766 incitet
1768 2724 1893 2764 commo-

208 2807 237 2859 ιι
255 2803 432 2862 occasionem
453 2803 532 2862 dabis
554 2805 658 2879 sepius
677 2804 846 2863 feriendis?
864 2806 1022 2863 excusatio·
1071 2805 1172 2861 renda.
1186 2806 1303 2878 Sapiens
1314 2805 1420 2861 furenti
1432 2804 1524 2861 amico
1540 2804 1636 2861 omnia
1652 2803 1768 2860 ultionis
1784 2801 1893 2858 instru-

205 2909 275 2952 nsm
289 2915 297 2954 ι
312 2901 456 2970 postremo
473 2913 539 2954 cum
560 2897 682 2955 volucris
700 2898 815 2971 reverti,
828 2915 887 2958 non
904 2900 1021 2974 poteris.
1071 2902 1169 2955 ments
1188 2897 1324 2954 occultius
1341 2897 1508 2970 removebit,
1522 2898 1639 2971 ipsoque
1659 2895 1835 2952 uacundiam
1856 2895 1893 2950 si·

875 2979 879 2986 ’
1071 2991 1194 3048 mutabit
1210 2995 1243 3048 ut
1259 2982 1395 3065 tanquam
1414 2991 1525 3047 auditor
1539 2990 1642 3047 doloris
1660 2995 1689 3045 et
1706 3005 1810 3059 comes,
1825 2986 1892 3060 plus

309 3110 316 3167 .'
517 3045 626 3103 CAPUT
647 3047 715 3104 vm·
1031 3085 1245 3191 cauctoritatis
1268 3085 1299 3141 in
1317 3084 1440 3141 consiliis
1463 3084 1575 3155 nnbat,
1598 3099 1692 3139 moras
1716 3086 1810 3138 nectet
1833 3085 1893 3145 set

272 3157 405 3227 litium
419 3157 558 3213 ”indm
575 3161 614 3213 Μ
625 3159 723 3215 ”imm
736 3161 803 3216 ”5⁶5⁰
815 3174 933 3232 ⁰PP0'10?
933 3176 956 3218 θ·
1072 3179 1141 3235 dnm
1158 3179 1297 3251 majorem
1315 3194 1429 3253 poenam
1447 3182 1567 3251 quaeret,
1580 3181 1749 3250 presentem
1774 3174 1891 3231 interim

243 3272 297 3340 Qui
321 3273 452 3330 irascitur
466 3273 613 3345 injurianti
631 3291 670 3346 se,
685 3275 785 3332 sitium
804 3275 873 3332 sitio
892 3278 1021 3350 opponit.
1072 3272 1192 3344 differet,
1206 3276 1235 3328 et
1248 3272 1327 3328 omni
1340 3275 1400 3327 exte
1414 3271 1504 3328 furori
1524 3270 1654 3343 requiem
1672 3269 1758 3326 dabit.
1772 3267 1891 3333 Quodsi

207 3365 341 3441 Nunquid
354 3366 675 3439 noninsanireridetur,
687 3367 710 3424 si
724 3368 835 3425 mulum
847 3369 967 3426 calcibus
976 3383 1024 3443 pe·
1071 3370 1104 3424 tu
1118 3367 1259 3438 potentior
1273 3383 1311 3436 es,
1326 3369 1375 3421 ent
1390 3365 1530 3438 pudorem
1547 3363 1588 3419 illi
1606 3363 1653 3420 cui
1666 3362 1692 3418 ri
1711 3361 1827 3431 resistis,
1842 3366 1893 3418 ent

208 3465 259 3529 tet,
274 3466 324 3518 ant
337 3477 436 3518 canem
455 3477 472 3516 a
489 3476 546 3535 quo
565 3477 678 3519 morsus
694 3467 736 3520 est
756 3462 902 3519 lancinet?
917 3463 1023 3520 Eodem
1072 3465 1183 3517 metum
1197 3459 1326 3517 incuties.
1348 3457 1436 3515 Alteri
1453 3457 1529 3514 dices
1549 3474 1557 3513 ι
1577 3455 1731 3529 indignum
1747 3455 1843 3526 nimis,
1863 3460 1892 3512 ct

207 3553 271 3613 loco
279 3559 331 3625 est,
341 3554 470 3628 quisquis
480 3555 599 3611 concilio
607 3560 694 3613 caret.
705 3555 778 3623 Ouid
791 3557 869 3614 enim
878 3557 974 3626 refert,
987 3573 1024 3614 an
1072 3571 1131 3612 non
1142 3553 1255 3611 invenio
1269 3551 1383 3608 dolendi
1399 3551 1517 3607 modum
1526 3567 1536 3621 ;
1550 3551 1599 3608 sed
1617 3548 1826 3622 expectandum
1848 3553 1892 3606 est

207 3648 264 3705 alia
280 3634 370 3704 mulce
391 3648 540 3705 dissimilis
560 3648 673 3721 hebent,
695 3651 719 3706 si
741 3649 796 3707 hoc
816 3650 907 3709 simile
928 3651 1023 3724 hebet,
1073 3654 1186 3722 tempus
1201 3663 1208 3703 ι
1223 3646 1300 3703 dabit
1310 3662 1417 3719 poenas.
1430 3646 1516 3702 Serva
1526 3644 1602 3701 istud
1615 3643 1710 3699 animo
1723 3647 1782 3712 tuo,
1796 3647 1825 3697 et
1838 3658 1892 3716 pro

208 3739 285 3814 quod
303 3740 382 3796 omni
401 3745 516 3813 peccata
537 3741 645 3801 munda
663 3740 809 3800 defendit?
827 3746 867 3802 Eo
891 3763 943 3802 nos
963 3746 1024 3802 loco
1074 3758 1163 3812 mora,
1184 3757 1250 3797 cum
1270 3739 1386 3813 poteris,
1406 3739 1517 3795 reddes.
1536 3737 1624 3795 Alteri
1645 3735 1720 3792 dices
1742 3735 1833 3792 :vide
1853 3751 1892 3792 ne

209 3833 421 3906 constituamus,
440 3850 497 3907 quo
511 3834 558 3890 ille
574 3840 616 3891 est
635 3835 682 3892 cui
703 3835 869 3894 irascemur.
893 3838 1025 3895 Nostram
1074 3833 1221 3892 iracundis
1240 3839 1290 3889 tna
1302 3833 1438 3906 voluptati
1451 3832 1488 3888 sit
1500 3830 1631 3887 inimicis.
1646 3829 1735 3886 Alteri
1749 3846 1757 3885 ι
1770 3827 1840 3885 vide
1853 3844 1892 3885 nc

209 3943 269 3984 esse
280 3943 392 3984 cauum
403 3928 479 3984 illins
490 3928 661 4002 affingamus
672 3948 679 3986 ι
696 3946 765 3985 nam
776 3930 843 3988 fecii
855 3948 907 3988 uos
916 3931 1025 3989 iracun-
1073 3927 1242 4001 magnitudo
1258 3924 1347 3981 animi
1365 3924 1418 3993 tui,
1439 3930 1469 3981 et
1485 3924 1625 3981 creditum
1642 3923 1719 3996 apud
1740 3922 1893 3995 plerosque

209 4021 261 4079 dos
272 4020 372 4094 iniqua
385 4026 481 4078 nostra
499 4021 664 4094 estimati03
680 4023 747 4096 quia
765 4039 798 4080 es
818 4040 881 4098 qna
895 4025 1026 4082 volumus
1074 4021 1184 4078 decidat
1197 4018 1293 4076 robur.
1309 4020 1349 4075 lta
1361 4017 1439 4076 enim
1455 4017 1607 4075 abscondet
1618 4021 1647 4074 et
1658 4016 1784 4073 medicus
1795 4015 1890 4071 ferra·

209 4114 311 4187 boenc,
322 4115 454 4171 nolumus
460 4115 530 4188 pati.
541 4117 680 4173 Memento
687 4117 773 4174 ctiam
784 4118 850 4190 quis
857 4119 1026 4176 sanctissimi
1074 4121 1214 4185 mentum,
1228 4119 1257 4170 et
1269 4129 1346 4186 aeger
1357 4112 1495 4181 dolorem,
1508 4109 1578 4167 dnm
1587 4115 1690 4184 sperat,
1701 4109 1774 4166 feret
1790 4106 1892 4182 [Edit.

209 4207 390 4283 qidqueiiri
408 4209 499 4266 multe
514 4208 705 4283 delinquunt:
720 4211 795 4284 quod
810 4211 834 4267 si
852 4212 938 4269 etiam
954 4230 1024 4286 pru·
1074 4208 1171 4284 ferat13
1186 4225 1254 4266 nam
1267 4205 1399 4280 qrracdam
1410 4222 1469 4263 non
1481 4205 1536 4262 nisi
1549 4204 1666 4277 decepta
1682 4207 1829 4260 emantur.
1842 4202 1896 4259 Ca·

210 4302 653 4378 dentissimiviripeccsnt,oujus
664 4321 929 4363 errorcaussmnon
941 4306 1027 4364 habet
1074 4307 1178 4379 stigare
1191 4307 1288 4360 autem
1304 4301 1483 4370 nonensem,
1502 4304 1532 4357 et
1549 4299 1626 4357 ultro
1644 4297 1737 4370 irasci,
1752 4295 1896 4369 castigare

211 4395 395 4471 ignoscendi?
406 4397 496 4473 Nemo
508 4403 552 4455 est
568 4403 626 4455 tam
644 4398 763 4456 timidus
779 4398 960 4472 offensarum,
976 4400 1027 4475 qni
1075 4406 1127 4459 cst.
1140 4401 1237 4473 ltaque
1248 4395 1326 4452 vario
1340 4393 1426 4452 modo
1439 4394 1482 4450 ira
1495 4392 1621 4451 sananda
1633 4396 1684 4449 est.

210 4504 269 4547 non
286 4489 348 4547 illas
361 4491 432 4548 dum
442 4492 522 4561 vitet,
534 4492 674 4550 sdmittat.
688 4493 822 4568 AEquiore
835 4493 913 4552 enim
930 4494 1026 4553 animo

744 4797 1202 4906 OPUSGULUM
1250 4790 1369 4899 Vll.

780 4966 901 5087 DE
946 4968 1338 5090 PASCUA.

248 5140 269 5202 Ι.
283 5144 412 5218 Plerique
424 5145 592 5218 mysterium
604 5146 717 5206 Paene
726 5164 859 5210 enarrare
872 5153 1025 5212 votuemnt
1033 5169 1063 5243 D
1072 5153 1241 5213 memoratio
1264 5154 1376 5224 agatur,
1393 5152 1426 5206 ut
1444 5163 1535 5205 unum
1552 5141 1776 5203 anniversarium
1791 5138 1900 5198 nauus

212 5254 247 5296 ex
266 5237 374 5295 ratione
392 5239 600 5312 supputationis
611 5240 642 5297 in
656 5259 765 5316 mense,
779 5249 808 5301 ct
820 5244 899 5315 lune,
915 5250 944 5303 et
955 5246 1000 5304 die
1016 5265 1023 5305 ι
1077 5248 1154 5306 diem
1168 5245 1359 5312 observemus,
1373 5241 1456 5298 sicuti
1471 5258 1489 5297 s
1504 5239 1648 5314 plerisque
1665 5233 1812 5295 Gallicanis
1831 5233 1897 5306 epi·

212 5331 272 5402 scd,
287 5331 346 5388 sire
365 5332 499 5404 seientia,
512 5334 570 5390 sive
589 5337 728 5393 sermonis
747 5337 985 5411 impossibilitate,
997 5341 1028 5399 id
1076 5340 1168 5415 scopis
1184 5355 1274 5412 usque
1292 5341 1358 5393 unte
1378 5351 1437 5392 non
1454 5334 1577 5391 multum
1592 5337 1706 5404 tempus
1722 5326 1898 5385 custoditum

212 5424 389 5498 reliquerunt
408 5424 564 5496 obscurius,
588 5430 668 5501 qussi
692 5430 767 5487 nibil
789 5431 856 5489 inde
878 5432 1026 5491 dixissent.
1076 5439 1128 5506 est,
1142 5439 1176 5491 ut
1189 5448 1301 5505 semper
1314 5447 1362 5486 uu
1375 5430 1434 5487 llal.
1447 5425 1537 5501 April.
1550 5426 1626 5482 diem
1639 5422 1752 5479 Pascha
1773 5419 1898 5477 celebra·

212 5517 274 5580 seo
294 5518 371 5576 enim
395 5519 499 5577 multos
520 5521 711 5595 scrupulosius
730 5523 906 5600 interrogare
932 5527 1027 5584 solitos
1072 5504 1151 5598 rent,
1166 5527 1197 5583 in
1215 5541 1272 5599 quo
1290 5524 1364 5582 fecte
1381 5521 1484 5580 Christi
1500 5517 1669 5577 resurrectio
1684 5515 1817 5573 traditur.
1835 5510 1897 5569 Pla·

212 5629 300 5690 quere
313 5612 470 5671 secundnm
483 5629 594 5672 morem
605 5615 768 5674 iudeorum
779 5618 900 5677 sdlunes
913 5636 1028 5694 compu-
1076 5619 1134 5677 cuit
1154 5624 1251 5678 sutem
1271 5618 1354 5691 mihi,
1374 5608 1531 5690 inquirenti
1552 5611 1662 5671 curl⁰³0
1683 5608 1753 5684 quid
1771 5605 1896 5679 ¹¹1⁸J'01'0’

212 5707 348 5765 tationem
360 5706 477 5765 disemis
491 5707 643 5779 generibus
658 5709 764 5767 Pascha
777 5712 965 5786 celebremus,
981 5713 1026 5773 di·
1074 5713 1163 5771 nostri
1176 5713 1265 5770 secuti
1277 5717 1379 5782 essem,
1392 5713 1489 5783 aperte
1506 5721 1659 5783 exponere.

213 5809 307 5861 centes
319 5803 422 5860 rectius
435 5801 488 5858 sibi
500 5800 590 5858 rideri
604 5803 627 5860 si
642 5802 789 5863 dominice
801 5807 938 5882 passionis
947 5824 1024 5868 com·
1114 5809 1145 5868 il.
1159 5807 1255 5867 ¹l’nssio
1271 5804 1376 5868 curisti
1394 5803 1552 5877 redemptio
1566 5806 1609 5860 est
1625 5803 1774 5872 creature,
1790 5795 1825 5853 de
1837 5808 1896 5873 cqc
