3884 6150
123 283 176 344 με
871 264 1071 326 termnum
1753 259 1804 321 uo

124 390 278 468 ligentibus
290 407 319 447 se
338 387 445 462 rogavit
457 389 581 453 Patrem,
596 382 691 438 dicens
706 397 713 437 :
729 383 820 444 Pater,
833 381 938 448 ignosce
948 387 977 460 Α
989 375 1092 431 talibus
1104 372 1232 430 flendum
1242 375 1294 442 est,
1307 371 1374 445 quia
1386 368 1523 445 scriptum
1533 371 1576 428 est
1590 387 1597 427 ε
1612 368 1752 444 beatique·
1765 372 1804 428 tn.

124 492 193 552 iliis,
207 506 259 543 reon
275 490 344 542 enim
355 487 443 538 sciunt
456 482 524 552 quid
535 483 654 547 taciani.
678 477 755 532 Sicut
769 479 798 529 ct
816 491 868 529 nos
881 473 937 527 ini·
989 472 1201 541 pertenentem
1220 470 1276 539 ipsi
1297 468 1517 522 comedebantur.
1539 468 1636 525 Metius
1658 471 1696 522 est
1715 470 1755 521 ire
1767 467 1802 522 aa

126 579 428 640 micisnostrisbonum
441 575 629 647 potiusquam
643 571 750 624 malum
765 568 882 623 reddere
893 567 939 620 de·
989 566 1094 619 deinum
1110 565 1205 625 tuctus,
1220 563 1351 632 quemad
1364 562 1471 617 domum
1484 561 1591 633 gaudii,
1603 561 1722 616 conuiuii
1731 562 1802 616 cnut.

124 679 237 743 bemus,
250 676 365 744 propter
378 670 449 724 illud
466 669 542 738 qnod
556 669 654 720 monet
667 667 765 719 Petrus
782 679 788 714 :
803 665 862 720 Non
874 661 937 715 red·
990 661 1072 713 tantis
1089 656 1178 729 [Cod.,
1195 657 1247 710 cibi
1260 654 1366 728 tantis].

126 773 216 826 dentes
241 767 341 820 recolam
362 781 413 835 pro
432 764 513 823 necle,
530 775 575 814 nec
599 758 771 813 maledictum
783 771 833 826 pro
853 755 938 808 male·
1026 754 1134 806 laresun
1149 767 1258 806 invtcau
1274 765 1441 805 seminares.
1460 749 1522 803 Haec
1544 748 1687 804 sententia
1701 748 1733 802 in
1755 765 1801 803 su-

126 866 207 924 dicto,
232 861 277 914 sed
292 876 304 913 e
319 859 453 913 contrario
479 855 668 909 benedicentes.
695 849 772 904 tlulti
801 853 867 902 sunt
892 845 939 917 qui
990 845 1103 918 perficio
1119 844 1266 899 obscurior
1275 843 1387 898 videtur
1396 842 1524 912 caeteris3
1537 845 1666 897 attamen
1681 842 1803 913 idipsum

125 973 185 1011 non
200 953 382 1020 maledicunt,
399 951 448 1003 scd
464 966 478 1004 e
492 949 607 1019 regione
621 945 802 1000 benedicunt.
827 942 938 998 lstiim-
990 940 1110 993 invicem
1135 938 1239 993 sentire
1258 937 1404 1005 debemus,
1424 935 1501 1007 quod
1521 937 1630 990 variare
1646 952 1706 991 non
1731 935 1801 1005 lieet,

126 1052 207 1122 plent
217 1046 336 1118 apostoli
352 1044 428 1099 Pauli
444 1046 618 1114 preceptum
634 1059 640 1094 :
661 1040 788 1094 Garunna
802 1053 854 1091 cur
871 1052 939 1090 cac·
990 1033 1094 1086 scilicct
1109 1031 1184 1102 quod
1202 1031 1288 1085 sentis
1306 1031 1341 1084 de
1363 1032 1456 1096 Patre,
1475 1030 1528 1083 hoc
1543 1029 1577 1084 de
1599 1029 1680 1098 Filio,
1702 1029 1759 1083 hoc
1771 1029 1802 1084 de

126 1158 265 1208 naurrncs,
291 1155 372 1194 rusae
394 1154 446 1192 ceu
468 1149 622 1189 reaumaus.
645 1132 795 1185 Eridentcr
819 1145 938 1200 percun-
990 1126 1094 1198 Spiritu
1115 1128 1221 1179 sancto.
1238 1124 1314 1178 Sicut
1335 1124 1420 1178 habes
1435 1124 1465 1177 in
1480 1124 1610 1193 psalmo:
1638 1125 1760 1193 lupuee
1778 1126 1804 1176 in

126 1236 262 1291 standum
278 1238 319 1287 est
334 1248 399 1286 curn
413 1229 516 1300 acribus
538 1225 732 1298 gaudendum,
753 1240 818 1277 cum
837 1222 940 1292 quihus
992 1221 1118 1290 idipsum,
1133 1219 1299 1272 obdormiam
1312 1223 1336 1272 et
1349 1220 1521 1287 requiescam.
1545 1217 1641 1271 Potest
1660 1215 1746 1270 aliter
1764 1216 1802 1269 in·

128 1331 164 1385 sit
176 1327 381 1383 tiendumlt'on
390 1326 432 1377 est
442 1321 623 1394 gaudendum
636 1317 807 1388 cumhisqui
816 1317 941 1386 gaudent
991 1313 1091 1383 telligi,
1103 1313 1177 1383 quod
1190 1311 1256 1366 dicit
1271 1311 1405 1382 idipsum,
1420 1310 1526 1365 scilicet
1537 1315 1570 1364 ut
1582 1309 1739 1363 unanimes
1751 1325 1805 1364 nne

127 1425 158 1478 in
171 1421 358 1493 acquisitione
373 1435 467 1471 rerum
480 1414 690 1486 temporalium,
706 1411 736 1465 in
747 1410 828 1482 copia
838 1410 899 1464 auri
913 1414 942 1463 et
992 1406 1133 1460 voluntate
1148 1405 1246 1469 simus,
1263 1405 1334 1458 sicut
1347 1404 1381 1457 de
1395 1402 1540 1474 primitiva
1553 1403 1678 1457 Ecclesia
1693 1402 1722 1456 iu
1739 1403 1805 1457 Acti.

128 1515 248 1586 argenti,
266 1520 293 1568 et
307 1513 336 1567 in
351 1514 499 1566 venustate
513 1507 679 1573 mulierum,
696 1506 724 1558 in
745 1503 940 1575 procreatione
991 1501 1044 1553 bus
1060 1498 1248 1570 apostolorum
1266 1516 1272 1552 :
1290 1501 1358 1553 Erat
1369 1499 1426 1551 illis
1437 1513 1481 1552 cor
1493 1513 1577 1551 cenum
1593 1502 1621 1552 et
1635 1499 1731 1550 anima
1744 1513 1803 1551 aaa.

127 1610 262 1673 filiorum,
278 1606 326 1677 qui
339 1605 473 1658 tutantur
494 1618 559 1655 cum
575 1600 649 1653 nrale
664 1597 792 1664 iecerint,
808 1601 835 1651 et
848 1596 940 1650 exsul-
994 1597 1027 1649 Ut
1038 1595 1177 1647 unarumes
1188 1607 1240 1645 eno
1254 1608 1297 1646 ore
1311 1593 1487 1660 honorificetis
1500 1595 1581 1646 Deum
1596 1595 1624 1645 et
1636 1595 1748 1647 Patrem
1762 1594 1805 1646 lte

128 1703 229 1758 tantia
245 1701 328 1754 rebus
341 1695 478 1769 pessimis.
490 1696 560 1748 Cum
570 1693 614 1746 his
628 1691 730 1745 talibus
746 1707 803 1743 non
818 1696 860 1743 est
870 1706 940 1759 gau·
992 1690 1058 1740 ricini
1069 1689 1155 1741 raostri
1167 1689 1227 1742 Jesu
1239 1685 1348 1739 Christi.
1368 1685 1414 1738 Vel
1428 1689 1502 1739 certe
1523 1685 1557 1740 de
1577 1684 1803 1739 tribulationibus

128 1789 432 1865 dendum,quiadol1is
448 1789 582 1858 scriptum
597 1789 638 1839 est
654 1801 660 1837 ε
679 1785 861 1853 Vaecobisqui
872 1783 942 1836 ride-
952 1757 979 1826 B
991 1779 1110 1851 intelligi
1123 1782 1214 1852 potest
1228 1779 1256 1832 in
1271 1778 1466 1848 compatiendo
1479 1779 1598 1847 caeteris,
1616 1779 1692 1832 sicut
1703 1794 1799 1848 supra:

128 1893 163 1945 tis
175 1904 245 1942 nuru
258 1890 267 1941 t
287 1888 353 1955 quia
366 1884 490 1953 lugebitis
506 1886 530 1935 ct
549 1881 656 1948 tlebitis.
671 1877 727 1932 Sed
742 1893 807 1929 eum
832 1876 886 1930 illis
899 1880 942 1931 est
993 1874 1114 1930 Gaudere
1127 1890 1187 1928 curn
1200 1872 1387 1942 gaudentibus,
1399 1874 1460 1938 flere
1473 1888 1531 1926 cum
1543 1872 1671 1939 {lentibus
1687 1891 1695 1925 :
1710 1874 1804 1942 siquid

130 1981 312 2053 gaudendum
326 1978 374 2048 qui
389 1976 515 2046 gandent
528 1990 580 2044 pro
595 1988 643 2043 spe
657 1971 721 2025 vitro
741 1975 865 2038 ceterum,
878 1968 939 2040 qui·
989 1969 1097 2036 patitur
1111 1983 1193 2020 uuum
1211 1967 1367 2027 membrum,
1392 1967 1594 2035 compatiuntur
1616 1968 1711 2020 omitia
1733 1982 1803 2020 mem-

128 2077 181 2130 bus
195 2074 262 2128 dicit
282 2071 441 2126 Dominus:
470 2067 598 2126 Gaudete,
625 2067 690 2134 utria
710 2066 821 2117 nocetne
849 2067 942 2116 cestra
993 2060 1059 2113 bra:
1076 2066 1100 2114 et
1113 2060 1508 2128 situerr'mussociipassionis,
1521 2059 1641 2113 simulet
1653 2060 1802 2113 consolatio

126 2172 228 2239 scripta
240 2171 303 2221 sunt
316 2168 345 2218 in
355 2165 427 2217 coelo.
443 2161 490 2215 Vel
504 2176 567 2214 cum
582 2158 621 2212 eis
634 2157 721 2228 quiin
735 2155 940 2227 persecutioni·
992 2156 1034 2206 nis
1056 2156 1164 2206 erimus.
1192 2154 1250 2207 Non
1276 2169 1341 2208 acra
1357 2167 1507 2218 scripuras,
1526 2169 1572 2206 sen
1589 2169 1707 2208 aarum
1723 2169 1801 2207 naser-

128 2264 181 2317 bus
193 2261 278 2331 positi
292 2258 424 2329 gaudent,
441 2258 570 2309 tenentes
579 2250 699 2322 apostoli
710 2249 804 2304 iacobi
820 2265 942 2320 praecep·
992 2261 1112 2300 creares.
1130 2246 1200 2309 Quia
1212 2247 1333 2316 superbis
1345 2248 1414 2299 Decus
1426 2247 1538 2307 resistit,
1552 2246 1704 2324 humilibus
1721 2251 1800 2300 antem

129 2360 191 2409 tum
204 2353 252 2424 qui
267 2351 351 2407 dicit:
369 2352 450 2406 Oreine
462 2348 593 2418 gaudium
604 2347 754 2399 cristimate
768 2358 823 2405 uos,
840 2344 941 2408 tratres
993 2339 1041 2392 dat
1055 2342 1183 2408 aratiam.
1198 2340 1231 2392 Et
1251 2338 1317 2392 alibi
1332 2339 1468 2411 scriptum
1487 2344 1528 2392 est
1549 2355 1555 2392 :
1572 2338 1640 2409 quia
1653 2340 1741 2393 radia
1758 2356 1803 2393 arn.

129 2451 190 2515 neci,
203 2464 260 2501 cunr
271 2447 387 2499 incuriis
401 2440 592 2497 tentationibus
604 2439 761 2492 incideritis.
771 2436 881 2491 Talibus
892 2436 943 2489 lio-

66 2537 68 2541 ’
130 2542 225 2595 minus
240 2539 323 2594 dicit:
339 2540 438 2592 lterum
448 2535 541 2588 cietebo
556 2548 611 2595 cos,
632 2536 657 2585 et
678 2531 805 2600 gaudebit
827 2546 871 2584 eor
884 2546 941 2582 res-

129 2641 210 2689 trum.
228 2632 366 2686 Flendum
377 2644 491 2700 quoque
505 2643 563 2681 non
577 2642 642 2680 curn
658 2624 713 2678 illis
730 2628 771 2676 est
784 2623 834 2694 qui
847 2623 944 2676 dolent

128 2730 157 2782 iu
186 2726 337 2780 amissione
351 2739 459 2791 rerum,
476 2721 504 2774 in
527 2725 617 2774 morte
630 2722 792 2789 parentum,
807 2716 855 2769 sed
878 2731 943 2769 cnm

131 2822 185 2876 illis
200 2821 267 2874 tlere
289 2819 434 2886 debemus,
460 2815 509 2885 qui
523 2811 639 2885 propria
655 2817 769 2883 peccata
784 2810 941 2880 deplorant,

130 2913 255 2969 conversi
271 2912 307 2966 ad
317 2911 412 2977 fidem,
427 2908 504 2980 quod
518 2906 649 2978 nequiter
661 2910 782 2975 egerunt
795 2904 942 2969 deflentes,

131 3008 202 3060 sicut
215 3006 261 3058 illc
284 3004 405 3058 faciebat
417 3003 464 3073 qui
484 3001 611 3055 dicebat:
639 3001 775 3067 Egestum
787 3013 846 3051 sum
860 2999 942 3049 mirri·
962 3003 965 3008 ’

993 2435 1066 2485 uicem
1077 2434 1210 2486 matorum
1222 2435 1388 2503 essuperbia.
1404 2434 1437 2487 Et
1449 2431 1598 2486 Psalmista
1609 2449 1616 2486 :
1628 2434 1698 2487 Alta
1708 2449 1726 2487 a
1737 2435 1803 2501 longe

993 2528 1122 2593 aprcoscit,
1131 2525 1159 2579 id
1173 2527 1391 2596 estsuperbiam.
1407 2527 1441 2579 Et
1453 2525 1517 2579 ideo
1529 2525 1614 2594 juxta
1628 2525 1751 2597 apostoli
1761 2527 1801 2580 re

993 2618 1028 2671 tri
1041 2625 1226 2688 preceptum,
1235 2619 1379 2673 humiliari
1394 2635 1446 2672 nos
1459 2618 1596 2672 debemus
1611 2619 1642 2672 in
1657 2623 1802 2690 conspectu

993 2711 1051 2767 Dei.
1064 2711 1198 2765 Dominus
1213 2711 1290 2766 enim
1305 2712 1343 2766 sic
1359 2712 1420 2766 ait:
1435 2714 1522 2782 Super
1535 2728 1614 2782 quern
1635 2716 1801 2783 requiescam,

993 2808 1048 2859 nisi
1069 2821 1149 2874 super
1170 2807 1296 2859 humilem
1318 2811 1343 2859 et
1361 2809 1490 2875 quietum,
1505 2811 1531 2860 et
1550 2810 1709 2860 trementem
1731 2807 1802 2860 uerba

993 2919 1051 2957 mea
1062 2905 1115 2957 tm
1130 2920 1136 2956 ε
1152 2906 1248 2957 Discite
1260 2920 1277 2957 a
1288 2906 1399 2973 mepuia
1415 2906 1549 2958 mitissum
1563 2909 1589 2958 ct
1602 2905 1715 2960 bumib's
1723 2904 1801 2958 corde.

993 2996 1132 3068 Superbia
1145 2997 1179 3051 de
1188 2992 1449 3068 angelisdaemon‘es
1459 2997 1524 3052 tecit
1533 2997 1686 3052 humilitas
1701 3014 1763 3052 rero
1773 2998 1801 3051 de

130 3115 187 3153 mus
202 3099 394 3168 apostolerum,
417 3096 529 3164 quinon
543 3109 601 3147 sum
616 3093 713 3160 dignus
725 3094 816 3145 cocart
839 3096 979 3195 aposto-C
994 3090 1157 3145 hominibus
1170 3090 1296 3162 angelos.

132 3195 183 3256 lus,
198 3194 324 3262 quoniam
335 3193 488 3260 persecutus
502 3202 560 3241 sum
578 3187 724 3241 Ecclesiam
743 3187 799 3239 Dei.
815 3187 884 3240 Cum
898 3184 942 3238 his

940 3455 1008 3579 V.

134 3662 240 3725 Lectio
256 3660 408 3742 Epistola
428 3661 515 3724 beati
540 3659 631 3724 Pauli
654 3660 793 3741 apostoli
814 3660 855 3721 ad
871 3658 1052 3800 ἑὶοῐῐιεηοῗΙ
1069 3662 1138 3738 (xn,
1163 3661 1211 3740 lb)
1235 3681 1241 3720 :
1263 3660 1403 3737 Fratres,
1425 3659 1523 3722 notite
1546 3677 1613 3722 esse
1636 3660 1803 3741 prudentes

803 3758 869 3821 apu
916 3756 1024 3802 cosme
1040 3757 1135 3820 ipsos.

753 3872 961 3928 colllffiu'ttllt
984 3873 1193 3928 LUCULENTtl.

169 3981 311 4051 Superiori
325 3981 447 4050 capitulo
467 3981 575 4033 dixerat
590 3997 597 4034 ι
612 3984 671 4036 Non
687 3982 745 4034 atta
759 3984 901 4050 sapientes,
917 3980 945 4034 id
996 3980 1046 4047 dit,
1057 3980 1129 4034 filius
1140 3985 1182 4035 est
1195 3981 1263 4034 Adae
1273 3981 1453 4051 3quibonum
1465 3996 1517 4050 pro
1527 3981 1697 4048 bono,tilius
1709 3990 1750 4037 est
1764 3985 1805 4037 bo

134 4081 176 4129 est
200 4075 332 4144 superba.
349 4074 470 4129 Subdit:
495 4075 594 4127 Nonrrn
619 4090 678 4127 essa
703 4091 854 4128 eunncnrcs
876 4090 945 4128 arun
996 4074 1099 4140 minis;
1116 4075 1164 4144 qui
1178 4075 1286 4128 malum
1299 4091 1350 4145 pro
1364 4073 1452 4139 bon0,
1466 4073 1590 4129 tiliusest
1599 4074 1722 4131 diaboli:
1740 4077 1805 4130 sicut

133 4186 316 4224 vosrnmrsos.
332 4170 403 4221 Duas
428 4167 560 4221 novimus
580 4167 755 4238 prudentias,
771 4168 818 4222 llci
833 4171 861 4222 et
883 4167 944 4221 dia·
995 4167 1195 4237 triduiquillus
1204 4167 1340 4221 Dominus
1351 4167 1523 4222 multahoua
1534 4184 1624 4239 opera
1632 4171 1754 4224 ostendit
1761 4187 1806 4240 pro

132 4264 202 4332 boli,
223 4262 316 4316 carnis
331 4267 358 4316 et
371 4261 496 4332 spiritus.
512 4262 550 4314 lle
564 4261 713 4331 prudentia
728 4261 775 4314 llei
795 4261 869 4314 idem
886 4261 944 4331 ipse
995 4260 1097 4330 quibus
1113 4260 1274 4314 occiderunt
1289 4277 1365 4315 eum.
1379 4263 1411 4315 Et
1424 4261 1486 4314 ideo
1496 4259 1546 4314 tilii
1560 4260 1666 4316 diaboli
1679 4264 1806 4335 appellati

132 4358 198 4411 dicit
210 4376 216 4411 ε
234 4360 321 4412 Estote
328 4357 476 4425 prudentes
490 4358 560 4409 sicut
579 4359 723 4423 serpentes.
744 4356 779 4408 tle
796 4354 984 4452 prudentiaD
997 4358 1073 4421 sunt,
1087 4353 1207 4406 Domino
1217 4354 1258 4406 eis
1267 4353 1393 4408 dicente:
1407 4357 1457 4410 Vas
1467 4369 1500 4407 ee
1511 4359 1591 4424 patre
1601 4356 1709 4411 diaboli
1721 4361 1805 4411 testis.

132 4451 224 4505 carnis
238 4451 313 4505 idem
328 4450 471 4519 apostolus
494 4447 580 4503 dicit:
605 4449 754 4503 Prudentia
773 4451 862 4502 carreis
876 4463 946 4502 mors
996 4447 1048 4510 Oui
1062 4463 1128 4500 sero
1156 4446 1279 4501 reddidit
1296 4447 1405 4501 bonum
1431 4465 1482 4517 pro
1496 4448 1582 4515 malo,
1604 4448 1680 4504 tilius
1700 4456 1742 4504 est
1753 4450 1804 4513 Dei,

132 4549 189 4609 est;
206 4548 233 4597 et
250 4560 256 4597 :
277 4547 322 4600 Vae
337 4546 385 4612 qui
395 4544 527 4612 sepientes
543 4545 604 4597 estis
616 4544 645 4596 in
658 4542 741 4596 oculis
752 4545 856 4603 icastris,
866 4547 891 4595 et
901 4557 945 4594 co·
997 4539 1046 4610 qui
1058 4556 1108 4611 pro
1123 4540 1223 4594 Judaeis
1237 4540 1468 4610 crucifigentibus
1483 4534 1570 4596 oravit
1584 4542 1686 4597 diceus
1702 4563 1709 4598 :
1725 4546 1807 4603 Pater,

132 4653 190 4690 ram
203 4637 395 4707 uobismetipsis
406 4637 552 4706 prudentes
567 4638 576 4689 t
589 4637 621 4690 Et
634 4636 793 4690 notandum
808 4635 873 4705 quia
888 4651 946 4688 non
997 4636 1101 4701 ipreoscc
1114 4634 1180 4696 illis,
1196 4636 1261 4703 quia
1274 4637 1396 4688 nesciunt
1407 4635 1480 4703 quod
1491 4637 1612 4701 taeiuut.
1630 4637 1808 4692 rsonae-aa

132 4730 202 4784 dixit
229 4733 350 4797 tantum,
366 4731 448 4783 nolite
472 4745 525 4784 esse
537 4730 700 4799 praelectas,-
717 4729 764 4783 sed
785 4745 849 4782 cnm
866 4729 945 4782 omni
997 4742 1066 4780 unua
1082 4741 1135 4779 nou
1149 4742 1253 4782 mareu
1276 4742 1363 4780 conari
1384 4727 1449 4795 Deo,
1465 4742 1513 4782 sun
1531 4744 1616 4783 erran
1631 4745 1723 4785 conare
1736 4747 1806 4784 orn-

132 4825 339 4890 additamento,
359 4825 434 4893 apud
458 4825 638 4892 nosmetipsos.
667 4823 747 4893 Apud
764 4822 946 4892 semetipsum

130 4919 306 4987 prudensest
320 4917 363 4970 ille
376 4916 424 4987 qui
439 4916 532 4970 ulcisci
542 4932 570 4970 se
580 4916 638 4969 vult
653 4915 812 4970 deinimico
822 4932 883 4980 suc,
896 4915 946 4986 qui

131 5010 310 5064 maledicenti
324 5027 353 5064 se
361 5009 544 5075 remaledicit,
553 5008 759 5079 percutientem
772 5009 944 5080 repercutit.

132 5102 179 5155 llic
193 5103 255 5157 talis
268 5103 342 5173 apud
356 5104 540 5175 semetipsum
552 5103 677 5173 prudens
687 5107 738 5156 est.
754 5103 809 5155 Nos
818 5102 942 5172 pruden-

132 5194 200 5247 tiam
226 5195 328 5248 animae
343 5200 437 5251 tenere
451 5197 596 5263 debemus,
610 5200 642 5249 ut
655 5195 795 5266 possimus
815 5195 945 5248 resistere

34 5332 37 5337 .
133 5287 222 5343 nralo:
239 5287 415 5356 prudentiam
427 5291 718 5361 carnisnequaquam,
729 5294 817 5342 utnos
826 5288 944 5343 ulcisca-

998 4836 1046 4874 ncs
1060 4835 1218 4874 uoururnus.
1234 4819 1264 4873 ld
1276 4822 1319 4874 est
1331 4819 1466 4875 facientes
1479 4820 1565 4889 hona,
1576 4823 1759 4879 ostendentes
1768 4823 1808 4876 bo

997 4929 1078 4978 nuni,
1100 4915 1248 4983 operantes
1263 4912 1382 4982 bonum,
1397 4930 1453 4968 non
1466 4918 1498 4969 ut
1510 4915 1546 4968 ab
1568 4915 1737 4972 hominibus
1750 4918 1804 4972 lau-

998 5007 1045 5061 des
1059 5005 1226 5077 captemini,
1239 5012 1357 5078 propter
1370 5007 1441 5061 illud
1455 5024 1462 5060 :
1476 5008 1620 5064 Atterede'te
1632 5026 1664 5064 ne
1674 5013 1805 5080 justitiam

996 5105 1113 5155 cestram
1138 5102 1249 5167 trementis
1274 5116 1362 5155 coram
1389 5102 1550 5163 bominibus,
1565 5108 1597 5157 ut
1619 5105 1805 5159 rideaminiab

997 5197 1055 5261 eis3
1072 5194 1120 5249 sed
1143 5199 1258 5265 propter
1282 5194 1472 5250 intentionem
1493 5195 1557 5249 vitm
1578 5204 1706 5266 aeternae,
1721 5199 1763 5253 rel
1779 5200 1804 5250 nt

997 5288 1103 5342 cerens
1121 5288 1228 5341 bonum
1251 5288 1411 5359 exemplum
1425 5289 1620 5359 ostendamus,
1637 5293 1755 5347 Domino
1767 5292 1803 5346 di-

131 5397 206 5434 mur.
216 5380 297 5434 Nccrr
308 5396 456 5436 uaccuruo
466 5383 945 5438 uanonnnnrnreslt'ullusnostrum
996 5387 1075 5435 ceute
1092 5398 1098 5435 :
1113 5383 1156 5438 Sic
1171 5366 1257 5435 luceat
1272 5383 1320 5435 lna
1333 5388 1420 5437 uestra
1440 5398 1529 5438 coram
1551 5385 1716 5447 bominibus,
1731 5394 1759 5439 ut
1772 5387 1804 5437 u'-

130 5476 237 5528 malum
250 5490 300 5544 pro
309 5472 383 5526 malo
395 5475 652 5531 redderedehcmus
664 5476 780 5548 [debent
793 5476 841 5529 sed
851 5476 945 5546 potius
997 5475 1078 5529 dcent
1092 5491 1173 5545 opera
1184 5480 1272 5530 cestro
1289 5477 1368 5537 bona,
1382 5481 1408 5531 et
1420 5478 1568 5547 glorificant
1580 5481 1692 5534 Patrem
1700 5485 1803 5535 cestrum

129 5587 182 5640 pro
201 5570 275 5622 malo
285 5568 407 5621 bonnm:
424 5573 538 5638 propter
546 5569 631 5624 illud:
644 5572 724 5626 Orate
733 5586 782 5640 pro
788 5585 946 5639 persequen-
996 5571 1045 5637 qui
1066 5573 1093 5623 in
1115 5570 1185 5623 calis
1205 5576 1252 5624 est.
1269 5571 1300 5624 Et
1322 5570 1391 5624 illud
1406 5571 1553 5641 apostoli:
1580 5575 1803 5631 Conuersationem

130 5664 200 5716 tibus
213 5662 537 5716 etcelurnniantibuscos.
548 5662 600 5725 Qui
614 5664 721 5716 malum
732 5680 784 5733 pro
797 5665 874 5717 malo
884 5663 944 5717 red-
995 5668 1110 5717 cestrum
1120 5666 1189 5717 inter
1204 5668 1293 5733 pentes
1303 5665 1426 5720 babentes
1437 5665 1542 5730 bonam,
1557 5671 1589 5722 ut
1602 5670 1632 5726 in
1646 5684 1676 5724 eo
1689 5668 1758 5743 gued
1769 5666 1804 5718 dr

166 5816 175 5842 t
191 5808 228 5862 ilc
242 5814 318 5882 praue
335 5808 436 5865 diaboli
454 5809 591 5867 videndus
605 5814 647 5865 est
662 5807 777 5863 Photius
788 5809 817 5867 in
831 5808 1082 5884 Amphilochianis.
