3884 6150
742 496 1474 610 orusouauap

446 696 885 817 nannenus
934 694 1056 814 na:
1109 695 1535 819 moninus,

185 906 205 960 t.
223 905 313 962 Omne
332 913 481 979 peccatum
500 911 572 966 actio
594 911 738 966 astrictio
756 914 851 966 antem
870 908 962 964 omnis
973 909 1047 993 Alis
1069 908 1225 981 displicere,
1243 916 1285 967 est
1299 910 1419 966 landari.
1432 912 1501 967 itale
1514 912 1548 967 de
1565 917 1593 968 te
1605 912 1763 985 loquuntur
1774 915 1828 971 ho·

147 999 304 1056 voluntaria
316 1006 358 1058 cst
371 1008 430 1057 tam
442 1003 559 1059 honesta
569 1021 655 1077 quam
668 1004 760 1077 turpis
767 1022 775 1073 ;
787 1021 856 1076 ergo
867 1005 964 1058 voluu-
1012 1003 1112 1071 mines,
1124 1004 1196 1058 bene
1208 1009 1302 1060 antem
1312 1006 1393 1077 loqui
1405 1005 1535 1061 nesciunt
1542 1024 1550 1075 ;
1564 1023 1620 1061 non
1633 1007 1710 1078 qnod
1723 1023 1830 1064 merca·

144 1093 248 1149 tarium
278 1100 319 1150 cst
340 1112 425 1151 omne
448 1103 604 1169 peccatum.
629 1099 704 1153 Tolle
732 1099 962 1171 excusationem
1011 1096 1310 1168 ris,sedquodsolent
1324 1099 1830 1172 ipsillominesdctemalaloquun·

144 1201 229 1242 nemo
247 1195 344 1260 peccat
363 1191 478 1247 inritus.
500 1192 634 1247 Educatio
656 1198 684 1248 et
704 1193 850 1264 disciplina
869 1207 962 1247 mores
1011 1192 1078 1246 turt
1092 1191 1120 1247 Si
1140 1193 1251 1259 merito,
1267 1210 1325 1248 nou
1344 1194 1420 1265 quod
1435 1194 1592 1266 loquuntur
1608 1194 1761 1250 molestum
1775 1199 1827 1263 cst,

142 1282 263 1349 faciunt3
276 1287 304 1337 et
316 1283 345 1339 id
358 1286 552 1359 unusquisque
563 1287 645 1358 sapit,
657 1286 733 1359 quod
744 1287 851 1341 didicit.
866 1287 961 1358 ltaque
1011 1284 1059 1339 scd
1075 1285 1152 1357 quod
1167 1303 1226 1341 non
1242 1287 1430 1343 mentiuntur.
1445 1288 1473 1344 Si
1488 1288 1650 1342 immerito?
1669 1288 1830 1344 tnnocentia

141 1375 217 1433 bona
227 1379 400 1435 consuetudo
410 1385 542 1435 caecitare
552 1380 636 1436 debet
645 1381 718 1453 qnod
730 1381 804 1435 mala
816 1380 958 1438 instruxit.
1011 1394 1075 1432 mca
1092 1395 1168 1434 nunc
1187 1381 1310 1435 maxime
1324 1380 1452 1453 gande03
1467 1385 1584 1454 apparet
1599 1381 1674 1436 enim
1688 1380 1750 1435 illos
1763 1398 1829 1436 vera

140 1473 216 1529 nihil
227 1474 345 1529 interest
359 1492 416 1547 qao
428 1475 524 1531 animo
537 1474 708 1548 faciasquod
719 1474 815 1529 secisse
826 1474 960 1530 vitiosum
1011 1471 1170 1544 objecturos
1188 1475 1211 1530 si
1226 1479 1349 1546 possent.
1365 1476 1425 1531 Nou
1445 1492 1474 1530 es
1490 1476 1519 1530 iu
1539 1476 1632 1547 patria
1651 1476 1718 1530 tuat
1737 1475 1829 1529 Patria

140 1572 193 1634 est,
208 1568 277 1640 qnia
290 1568 363 1623 iacta
380 1574 546 1636 cernuntur,
561 1570 672 1624 animus
686 1586 751 1624 vero
764 1585 823 1625 nou
838 1569 958 1625 uidetur.
1010 1574 1058 1625 tua
1077 1574 1129 1638 cst,
1148 1569 1311 1640 ubicunque
1331 1569 1404 1624 bene
1424 1586 1469 1639 es;
1495 1568 1565 1624 illud
1586 1570 1663 1625 enirn
1682 1585 1734 1640 per
1752 1568 1829 1641 quod
1880 1636 1882 1640 .

139 1661 222 1717 Nulla
234 1665 331 1717 autem
345 1663 406 1718 laus
415 1667 524 1719 estnon
533 1663 623 1719 facere
635 1665 712 1737 quod
725 1665 816 1719 facere
827 1680 884 1718 non
897 1680 959 1734 pos·
1009 1663 1081 1717 bene
1098 1667 1149 1729 est,
1166 1680 1223 1718 non
1238 1668 1279 1718 cst
1292 1664 1322 1717 in
1336 1663 1408 1732 loco,
1426 1664 1474 1719 sed
1493 1663 1522 1718 in
1536 1663 1662 1718 homine.
1676 1662 1752 1717 Nihil
1767 1677 1828 1716 ma-

140 1757 186 1811 sis.
204 1756 277 1820 Quid
291 1757 402 1812 homini
416 1761 457 1812 est
475 1757 721 1814 inimicissimum?
742 1761 842 1814 Homo.
856 1759 958 1813 Liben-
1011 1773 1110 1827 guum,
1125 1756 1180 1812 nisi
1193 1774 1297 1829 magno
1311 1758 1407 1812 animo
1420 1757 1567 1828 despicias.
1581 1757 1648 1821 Quae
1662 1761 1728 1811 sunt
1741 1756 1830 1812 maai·

140 1855 183 1905 ter
196 1851 272 1906 feras
290 1852 368 1924 quod
387 1869 499 1908 necesse
516 1857 570 1922 θεῖ,
587 1853 668 1907 dolor
679 1853 814 1926 patientia
827 1853 958 1908 vincitur.
1009 1867 1064 1904 mae
1081 1851 1205 1906 divitiae?
1220 1853 1280 1906 Non
1290 1851 1449 1906 desiderare
1461 1851 1582 1905 divitias.
1593 1850 1660 1915 Quis
1672 1851 1829 1922 plurimum

140 1945 277 2016 Exspecta
292 1963 350 2017 quo
366 1962 513 2017 nunquam
527 1947 674 2018 pmniteas.
690 1948 750 2002 Non
763 1965 849 2020 quam
863 1928 959 2002 multis
1009 1943 1112 1999 habet‘l
1130 1945 1153 1998 ls
1168 1945 1218 2016 qni
1230 1944 1383 1999 minimum
1396 1945 1482 2016 cupit·
1499 1943 1570 2009 Quid
1584 1948 1627 1999 est
1640 1945 1706 2000 dare
1720 1944 1827 1999 beneti-

139 2039 259 2109 placeas,
273 2040 322 2094 sed
336 2039 465 2112 qualibus
479 2041 570 2096 stude.
582 2042 676 2096 tuhoc
690 2046 799 2096 tantum
815 2040 957 2109 incumbe,
1009 2039 1106 2093 cium‘t
1129 2039 1217 2093 [tcum
1235 2037 1350 2093 imitari.
1368 2039 1516 2093 Honestius
1529 2043 1570 2093 est
1584 2055 1649 2093 cum
1658 2038 1829 2110 judicaveris

139 2137 169 2186 nt
182 2132 317 2188 libentius
332 2133 429 2188 audias
444 2151 529 2207 quam
543 2134 677 2206 loquaris.
694 2136 791 2189 lttnltos
802 2136 888 2190 vitam
903 2135 957 2190 dii·
1009 2149 1115 2200 aurare,
1133 2149 1219 2204 quam
1237 2148 1302 2186 cum
1321 2132 1460 2186 ainaveris
1474 2132 1613 2202 judicare.
1632 2132 1771 2186 Dissensio
1792 2133 1827 2187 ab

138 2226 261 2282 ferentes
279 2244 358 2282 mors
373 2228 473 2300 juncta
493 2229 640 2300 praevcnit.
661 2231 755 2300 ltaque
782 2230 875 2283 omnis
899 2230 959 2284 dies
1008 2226 1062 2280 alio
1076 2227 1202 2298 incipiat,
1219 2231 1272 2281 ate
1286 2230 1381 2281 antem
1394 2226 1595 2282 reconciliatio.
1610 2226 1746 2281 Succurre
1761 2242 1829 2297 pau-

139 2322 214 2375 rclut
241 2322 359 2375 ultimus
380 2322 534 2392 judicetur.
556 2323 723 2389 Tristitiam‚
751 2323 773 2377 si
801 2327 895 2394 potes,
922 2340 958 2379 ne
969 2300 997 2371 B
1009 2320 1120 2392 perlati,
1132 2321 1299 2391 amicorum,
1311 2320 1369 2375 imo
1380 2337 1505 2376 occurre.
1516 2321 1627 2375 Amicos
1640 2319 1769 2375 sccundae
1783 2336 1829 2376 res

138 2415 287 2470 admiseris
295 2433 303 2483 ;
324 2416 368 2469 siu
386 2416 491 2484 minus,
506 2433 542 2471 ne
560 2417 725 2472 ostenderis.
740 2416 836 2472 Amico
850 2421 956 2472 secreto
1007 2419 1118 2485 parant,
1146 2415 1268 2469 adversae
1293 2410 1449 2469 certissime
1478 2415 1611 2486 probant.
1636 2414 1733 2485 Pejora
1762 2419 1829 2470 sunt

138 2508 271 2577 admone,
286 2509 380 2579 palam
393 2514 489 2564 arrtcm
501 2509 594 2565 lauda.
611 2510 700 2564 Verba
713 2511 806 2580 rebus,
821 2527 878 2564 non
891 2527 956 2582 pcr-
1007 2512 1080 2564 tecta
1093 2508 1157 2562 odia
1174 2524 1260 2579 quam
1279 2513 1385 2578 aperta.
1403 2510 1498 2580 ltaque
1511 2514 1538 2564 tc
1551 2509 1646 2563 minus
1657 2508 1761 2579 loquax
1775 2492 1828 2563 ini·
1910 2524 1918 2532 ·

138 2602 220 2656 sonis
232 2603 392 2658 aestimanda
404 2609 479 2658 sunt.
497 2604 642 2658 Oratorem
662 2609 687 2658 te
701 2608 777 2675 puta,
793 2605 815 2658 si
828 2604 880 2658 tibi
893 2609 957 2660 ante
1007 2602 1096 2656 micus
1110 2601 1227 2655 attendit
1239 2618 1325 2673 quam
1340 2602 1450 2657 tacitus.
1463 2603 1531 2657 tttira
1541 2603 1614 2657 ratio
1628 2605 1678 2669 cst,
1694 2618 1759 2674 quae
1771 2619 1828 2658 non

137 2712 239 2750 omnes
255 2697 331 2767 quod
346 2700 457 2769 oportet
473 2697 655 2768 persuaseris,
670 2700 705 2752 tlt
718 2698 862 2753 licentiosa
875 2715 955 2752 man·
1007 2695 1067 2749 vutt
1082 2693 1230 2765 praedicari
1248 2695 1322 2766 quod
1338 2696 1442 2766 gaudet
1460 2695 1600 2766 intellegi.
1615 2696 1723 2765 tgnosci
1738 2700 1824 2767 amat,

137 2789 210 2861 cipia
236 2791 334 2858 animi,
356 2791 478 2863 imperio
497 2808 594 2847 coerce
620 2791 758 2863 liugnam,
781 2797 907 2847 uentrem
929 2798 957 2847 ct
1007 2788 1056 2859 qui
1075 2786 1152 2859 (praed
1172 2787 1232 2842 odit
1248 2789 1382 2843 ostendit.
1397 2789 1580 2858 Eleemosyna
1599 2805 1657 2843 nou
1676 2793 1734 2844 tana
1752 2789 1826 2843 acci-

135 2884 297 2945 libidinem.
312 2885 391 2949 Quod
410 2885 527 2940 tacitum
544 2901 603 2939 esse
620 2884 699 2952 velis,
717 2886 824 2940 nemini
841 2886 954 2940 dixeris.
1006 2880 1148 2953 pientibus
1170 2898 1255 2953 quam
1277 2881 1407 2937 dantibus
1426 2881 1551 2953 prodest.
1575 2884 1608 2937 Et
1630 2899 1693 2953 spes
1716 2882 1827 2955 praemii

135 2977 163 3032 Si
185 2977 240 3031 tibi
259 2995 317 3032 non
338 2978 494 3049 imperasti,
514 2978 657 3050 quomodo
678 2978 714 3031 ab
734 2979 788 3032 atio
812 2979 957 3033 sitentium
1006 2974 1138 3029 solatium
1156 2976 1193 3031 sit
1209 2976 1324 3031 laboris.
1340 2976 1407 3041 Quae
1425 2980 1467 3031 est
1479 2974 1604 3031 uraaima
1616 2977 1745 3047 egestas?
1759 2981 1828 3031 Ara·

135 3073 253 3142 speras‘.t
273 3072 432 3127 Ridiculum
452 3075 493 3127 cst
510 3072 634 3144 aliquem
655 3073 719 3127 odio
733 3073 860 3127 nocentis
877 3073 957 3127 inuo—
1006 3068 1080 3124 ritia.
1096 3069 1226 3125 Pecuniae
1248 3069 1390 3141 imperare
1414 3074 1537 3141 oportet,
1552 3086 1611 3124 non
1630 3070 1744 3126 servire.
1762 3070 1827 3126 uut-

133 3165 259 3219 centiam
272 3166 397 3236 perdere.
1007 3162 1066 3217 tum
1086 3163 1232 3218 conscium
1251 3170 1431 3234 peecatorum
1453 3169 1570 3220 tuorum
1588 3165 1678 3236 magis
1697 3165 1826 3220 timueris

172 3260 204 3312 ll.
220 3260 343 3314 ltonstro
361 3260 460 3314 similis
479 3264 521 3315 cst
538 3261 656 3315 avaritia
674 3259 777 3315 senilis.
794 3260 866 3325 Quid
879 3261 956 3316 eninr
1006 3273 1091 3328 quam
1112 3257 1304 3328 temetipsum.
1318 3258 1412 3313 Atium
1432 3262 1511 3329 potes
1531 3258 1666 3331 elingere,
1681 3263 1708 3314 te
1729 3263 1825 3314 antem

134 3353 263 3408 stultius
270 3359 321 3422 cst,
335 3353 410 3425 qnod
426 3353 481 3409 dici
495 3354 575 3419 solet,
586 3369 671 3424 quam
684 3354 728 3407 ria
744 3354 891 3410 deficiente
901 3355 957 3409 via·
1005 3366 1163 3422 nunquam.
1178 3351 1247 3416 Quis
1266 3356 1309 3406 est
1322 3353 1451 3424 paupert
1469 3353 1522 3417 Qui
1539 3352 1591 3407 sibi
1604 3353 1725 3408 videtur.
1740 3351 1793 3418 Qui
1807 3369 1825 3406 a

134 3446 226 3501 ticum
246 3448 370 3518 angeret
385 3448 488 3503 Omnes
507 3446 628 3502 insontes
646 3452 720 3502 terra
736 3449 825 3502 nudos
841 3448 954 3519 excipit.
1006 3443 1103 3498 miritis
1122 3444 1246 3514 timetur,
1265 3445 1370 3499 multos
1387 3446 1478 3500 timet.
1496 3446 1636 3500 tutelicem
1658 3445 1744 3517 eilge,
1759 3445 1823 3499 sub-

135 3540 197 3594 Nou
210 3540 300 3612 pandet
310 3545 336 3595 te
346 3541 446 3596 fortius
456 3540 532 3596 nasci
542 3557 628 3612 quam
641 3541 751 3596 viveret
761 3541 832 3606 Quid
846 3542 956 3596 dulcius
1006 3537 1086 3592 mitto
1107 3536 1280 3592 felicitatem.
1295 3539 1366 3592 Vera
1384 3537 1502 3592 felicitas
1520 3537 1683 3593 innocentia
1699 3542 1750 3593 est.
1769 3539 1823 3593 Nc·

135 3650 224 3705 quam
248 3634 353 3690 habere
378 3635 501 3690 andnam
523 3653 588 3692 cum
609 3652 665 3708 quo
687 3635 790 3689 audeas
809 3638 842 3690 ut
861 3640 957 3689 tecum
1005 3629 1094 3702 quitia
1111 3630 1171 3701 ipsa
1185 3630 1228 3685 sui
1244 3648 1328 3702 poena
1340 3637 1383 3687 cst
1406 3632 1475 3687 illata
1490 3631 1663 3687 conscientia
1676 3636 1824 3727 smpetuta

132 3728 233 3782 'omnia
242 3728 518 3799 loquititagnarum
531 3730 634 3785 virium
647 3733 689 3783 cst
699 3728 845 3799 negligere
855 3728 957 3783 taeden-
1006 3728 1056 3793 est,
1078 3739 1176 3778 secura
1197 3724 1247 3795 qui
1268 3726 1376 3780 exitum
1398 3726 1544 3797 cogitabit.
1565 3726 1697 3782 Beneficii
1719 3725 1824 3799 accepti

136 3825 205 3875 tem.
220 3821 291 3886 Quid
304 3821 341 3877 sis
356 3821 481 3889 interest,
496 3840 556 3878 non
570 3822 638 3894 quid
650 3822 764 3877 habeas.
778 3822 911 3877 Nondum
924 3808 956 3879 es
1005 3832 1152 3889 nunquam
1168 3822 1279 3889 oportet
1291 3819 1432 3889 obtivisci;
1450 3820 1519 3889 dati,
1533 3821 1672 3892 protinus.

133 3913 202 3968 felix
222 3915 246 3969 si
270 3920 297 3970 tc
316 3916 399 3971 turba
415 3931 474 3970 non
497 3915 637 3972 deriserit.
657 3916 685 3971 Si
704 3915 744 3970 vis
764 3916 862 3970 beatus
883 3933 953 3986 esse,
1042 3911 1083 3965 Ν.
1101 3910 1252 3966 inhonesta
1270 3912 1386 3967 victoria
1406 3917 1457 3982 cst,
1472 3931 1539 3968 suos
1553 3915 1677 3970 vincere.
1693 3913 1763 3970 Satis
1782 3919 1824 3974 est

133 4009 230 4079 cogita
247 4009 301 4064 hoc
315 4009 452 4081 primum,
472 4013 652 4065 contemnere
670 4013 698 4064 et
712 4010 864 4065 contemni.
876 4010 956 4065 Prius
1006 4019 1164 4075 paenarum,
1176 4005 1299 4075 potuisse
1312 4005 1425 4077 punire.
1439 4008 1600 4064 inimicitias
1614 4009 1692 4063 tarde
1702 4008 1822 4080 suscipe,

133 4120 224 4175 quana
243 4103 391 4174 promittas
412 4102 548 4158 deliberes
556 4121 563 4171 ;
584 4106 611 4158 et
632 4119 698 4157 curn
718 4103 894 4175 promiseris,
912 4104 954 4158 ta·
1006 4097 1141 4152 amicitias
1184 4114 1283 4153 exerce
1321 4100 1475 4156 moderate.
1507 4102 1667 4158 Simultates
1703 4103 1821 4174 depone.

133 4198 203 4250 cias.
220 4197 248 4251 ld
266 4213 342 4267 agas,
358 4213 393 4251 ne
414 4197 477 4269 quis
498 4197 600 4252 merito
618 4201 645 4251 te
663 4196 769 4266 oderit3
786 4200 814 4251 et
826 4197 848 4250 si
863 4198 955 4251 nullos
1005 4191 1101 4261 Imago
1123 4191 1211 4246 animi
1233 4209 1327 4247 sermo
1355 4198 1407 4249 est.
1434 4197 1529 4260 eratis
1553 4197 1604 4265 vir,
1629 4196 1693 4250 talis
1720 4195 1830 4250 oratio.

134 4290 268 4345 inimicos
283 4289 333 4344 tibi
346 4290 429 4345 faciet
446 4290 560 4361 injuria,
576 4290 680 4344 multos
695 4289 761 4344 facit
773 4289 889 4345 invidia.
903 4290 954 4344 So·
1005 4284 1105 4354 Magne
1125 4301 1170 4339 res
1187 4289 1229 4340 cst
1241 4287 1317 4341 vocis
1331 4292 1359 4343 et
1372 4287 1475 4343 silentii
1489 4292 1755 4360 temperamentum
1770 4289 1822 4354 Qui

132 4384 288 4438 titudinem
301 4388 418 4455 quaeret,
429 4384 479 4455 qni
491 4385 550 4439 vult
563 4400 628 4438 cum
641 4383 839 4439 innocentibus
850 4384 953 4454 vivero,
1006 4394 1088 4448 aeqrro
1101 4378 1196 4434 animo
1209 4381 1290 4434 malis
1303 4381 1487 4448 imnuscetur,
1502 4383 1593 4435 malus
1606 4385 1658 4436 est.
1673 4383 1821 4438 Neminem

135 4479 264 4549 optimus
273 4494 342 4548 ergo
355 4477 467 4531 animus
478 4485 505 4532 et
517 4477 727 4549 pulcherrimus
740 4477 831 4532 cultor
841 4476 889 4532 Dei
902 4480 953 4532 est.
1005 4471 1171 4541 laudaveris
1188 4474 1333 4527 nemiuem
1346 4473 1401 4528 cito
1415 4475 1552 4529 accusaris
1569 4492 1576 4530 :
1590 4493 1703 4548 semper
1714 4482 1782 4548 puta
1795 4483 1822 4532 te

134 4571 296 4625 abstinebis
309 4571 343 4625 ab
354 4570 447 4629 alieno
462 4571 656 4625 matrimonio.
669 4571 818 4625 Praestabis
833 4571 956 4642 parenti·
1006 4582 1071 4619 cum
1084 4565 1137 4619 diis
1150 4565 1345 4621 testimonium
1359 4567 1462 4623 dicere.
1476 4568 1582 4623 Vitium
1595 4575 1637 4626 est
1650 4571 1746 4626 omnia
1759 4588 1820 4626 crc-

133 4665 188 4718 hus
201 4665 346 4735 pietatem,
357 4664 483 4736 cognatis
497 4664 714 4736 indulgentiam,
727 4665 857 4719 omnibns
870 4663 956 4736 mqui-
1005 4658 1080 4721 uere,
1095 4657 1197 4713 vitium
1210 4658 1282 4713 nihil
1294 4660 1418 4716 credere.
1430 4662 1569 4718 Utendum
1583 4668 1625 4719 est
1639 4664 1752 4732 divitiis,
1763 4682 1821 4720 non

133 4763 234 4813 tatem.
248 4757 388 4813 [lcritabis
400 4758 604 4824 crudelitatem,
622 4763 649 4812 et
662 4758 821 4812 ministram
836 4759 955 4815 crudeti—
1004 4752 1188 4807 abutendum·
1202 4752 1224 4807 N
1228 4753 1318 4808 ullum
1330 4755 1473 4826 putaveris
1488 4757 1582 4812 locum
1597 4759 1657 4814 sinc
1670 4764 1750 4814 teste.
1766 4761 1820 4814 Er-

132 4852 200 4905 ratis
220 4851 303 4906 iram.
324 4852 386 4906 Non
405 4851 488 4907 alitor
503 4851 578 4905 θῖνας
596 4851 626 4905 in
644 4851 803 4918 solitudine,
823 4852 906 4907 aliter
924 4854 953 4909 in
1004 4845 1178 4901 cusationem
1193 4863 1330 4917 quaerere,
1345 4848 1455 4905 vitium.
1472 4850 1583 4906 Fortior
1597 4858 1639 4907 cst
1653 4853 1701 4924 qui
1715 4853 1822 4924 cupidi·

129 4946 209 5001 soro.
224 4944 299 4999 Nihil
311 4944 487 5016 petae,‹1uod
501 4951 655 5016 negaturus
670 4944 748 4998 inisti
763 4961 769 4999 :
783 4945 856 4999 nihil
870 4962 954 5017 nega.
1003 4942 1090 4993 tutem
1104 4938 1189 4996 vincit
1201 4957 1286 5011 quam
1301 4942 1349 5013 qui
1365 4942 1476 4999 hostem
1488 4944 1610 5016 subjicit.
1626 4948 1674 5001 Est
1686 4946 1820 5002 difficilli-

129 5040 174 5094 bis
190 5037 266 5111 quod
282 5038 422 5110 petiturus
436 5038 524 5093 luisti.
539 5040 639 5093 Pacem
654 5055 719 5093 cunr
732 5029 992 5111 hominibusha-l)
1003 5048 1093 5103 ntum,
1117 5051 1145 5089 se
1165 5034 1258 5104 ipsum
1275 5034 1396 5091 uincere.
1420 5037 1516 5109 inique
1536 5038 1674 5108 irascitur,
1694 5041 1744 5112 qui
1764 5043 1821 5098 suis

127 5131 518 5201 bebiscunrvitiisbctlum.
535 5133 590 5188 Hoc
612 5132 697 5187 habet
716 5133 807 5186 omnis
826 5132 952 5202 allectus,
1003 5125 1142 5182 irascitur·
1171 5131 1272 5203 Atticae
1301 5129 1340 5183 sic
1364 5129 1467 5201 incipe,
1494 5137 1628 5203 tanquam
1656 5153 1715 5190 non
1740 5136 1821 5193 liccat

127 5231 161 5281 ut
183 5226 214 5281 in
232 5226 308 5299 quod
328 5225 388 5298 ipse
412 5225 525 5293 insanit,
541 5227 570 5280 iu
589 5227 617 5281 id
632 5230 714 5298 putet
735 5227 820 5281 etiam
838 5231 953 5283 caeteros
1004 5221 1141 5276 desinere.
1156 5223 1320 5293 llaguarum
1340 5239 1437 5278 rernm
1457 5226 1543 5284 etiam
1563 5229 1585 5283 si
1603 5247 1746 5287 successus
1763 5250 1831 5289 non-

125 5322 238 5376 furere.
253 5320 406 5375 Maximum
423 5319 451 5374 in
467 5335 500 5373 eo
514 5320 616 5375 vitium
630 5324 681 5387 cst,
696 5321 745 5393 qui
761 5336 817 5374 non
827 5321 950 5376 meliori·
1003 5315 1088 5370 scierit
1106 5308 1241 5371 honestus
1258 5321 1300 5371 est
1313 5304 1374 5388 ipse
1388 5323 1513 5375 conatus.
1528 5322 1663 5380 Nobilitas
1676 5327 1765 5384 animi
1780 5335 1822 5384 est

124 5415 184 5468 bus
197 5412 258 5468 rull
275 5413 395 5485 placere,
410 5411 458 5467 scd
470 5412 609 5482 pluribus.
626 5414 672 5468 Vis
685 5413 815 5468 omnibus
830 5429 889 5469 csse
903 5431 952 5469 no·
1003 5409 1173 5482 generositas
1205 5427 1317 5479 sensns;
1346 5413 1475 5469 nobilitas
1501 5419 1639 5487 corporis,
1668 5438 1820 5493 generosus

124 5508 196 5563 tus?
209 5506 290 5579 prins
302 5507 380 5562 effice
390 5513 423 5562 nt
436 5505 581 5562 neminem
592 5507 711 5562 noveris.
723 5508 833 5561 ltonuni
842 5512 883 5561 est
893 5524 950 5563 nou
1006 5505 1127 5559 animus.
1142 5503 1289 5560 Honestior
1301 5512 1343 5562 cst
1355 5524 1440 5578 quem
1455 5514 1582 5566 senectus
1594 5513 1628 5567 ad
1644 5516 1733 5571 otium
1747 5521 1821 5569 rctu-
1899 5567 1906 5576 .

122 5600 251 5668 laudari,
262 5603 360 5657 etesse
372 5602 552 5659 laudabilem.
568 5602 691 5658 Stultum
707 5606 748 5657 cst
762 5601 862 5658 timere
874 5602 949 5674 quod
1000 5598 1047 5666 rit,
1062 5613 1148 5668 qrram
1161 5613 1246 5668 quem
1261 5597 1290 5653 iu
1305 5600 1363 5655 otio
1378 5602 1495 5672 invenit,
1514 5611 1541 5660 et
1553 5611 1621 5661 tunc
1634 5607 1733 5678 incipit
1746 5608 1820 5662 latio·
1879 5624 1883 5628 ·

123 5696 219 5751 vitare
229 5710 288 5751 non
301 5698 390 5768 potes.
528 5701 539 5714 '
1000 5708 1071 5746 rare.
1083 5692 1175 5762 Turpe
1187 5694 1378 5762 spectaculum
1393 5697 1501 5766 praebet
1514 5699 1723 5770 auimnssaeger.
1740 5702 1818 5758 urm-

164 5788 464 5863 salamanassar
479 5792 513 5847 de
534 5796 561 5848 te
582 5790 720 5858 homines,
736 5789 782 5845 sed
798 5790 874 5846 mati.
892 5792 947 5846 lla-
999 5801 1085 5874 quam
1110 5783 1145 5838 sit
1166 5782 1252 5839 tristis
1276 5786 1360 5843 iacies
1388 5789 1439 5844 tibi
1467 5791 1667 5846 incommodo
1693 5796 1822 5855 alterius.
