3884 6150
55 253 107 306 aas
499 256 680 311 snsrlrvrnvl
699 257 861 312 NOVELLAE
880 253 1046 312 SELECTAE.
1068 258 1221 314 novanti
1241 256 1294 313 vlt.
1686 263 1737 320 tlt

55 367 176 423 mutatio
197 366 227 422 iu
245 367 414 438 quibusdam
436 371 562 441 personis
585 372 643 442 irat,
659 376 764 444 prater
784 373 874 427 solum
885 381 913 456 Α
924 378 1017 427 torum
1032 373 1190 428 venditione
1202 389 1344 429 vasorum.
1361 372 1453 430 Simili
1466 375 1594 432 videlicet
1608 353 1736 434 observa·

54 460 220 532 imperium,
234 460 304 515 sieut
318 462 513 533 praediximus,
525 471 553 520 et
567 465 616 536 qui
630 465 871 538 permutationem
921 467 997 522 tione
1020 472 1049 522 et
1074 482 1160 537 super
1173 466 1340 522 alienatione
1363 467 1485 522 civilium
1511 485 1617 540 panum
1641 474 1735 529 custo·

54 554 176 626 accepit,
192 554 334 625 subjaceat
346 572 437 628 poenae
452 562 481 613 et
493 557 586 613 datam
600 558 653 613 sibi
665 575 726 613 rem
747 558 870 630 amittat,
921 559 1034 626 dienda,
1051 560 1123 614 sicut
1137 575 1210 631 saepe
1225 559 1358 630 diximus,
1372 576 1405 614 ec
1414 560 1490 632 quod
1500 563 1568 617 tales
1578 579 1636 618 esse
1650 580 1737 636 panes

54 651 84 703 et
96 652 225 703 recurrat
236 665 333 704 rursus
343 649 402 705 haec
415 651 451 705 ad
460 651 648 706 venerabilem
656 651 785 719 domum,
796 653 872 709 unde
922 670 980 708 non
995 653 1086 707 solum
1102 653 1132 707 in
1152 653 1205 707 hac
1228 652 1388 707 felicissima
1410 653 1533 725 civitate,
1548 656 1596 710 sed
1610 657 1694 712 etiam
1705 657 1736 712 in

54 756 206 813 prognosse
227 745 279 811 est,
303 745 331 797 et
354 743 429 814 quod
455 760 509 816 pro
532 745 763 816 compensatione
784 745 870 817 dedit,
920 762 1027 818 magua
1048 745 1225 801 Alexandria.
1249 750 1277 801 et
1295 746 1323 800 in
1338 746 1471 818 Theopoli
1495 764 1553 802 esse
1577 748 1736 822 didicimus,

54 839 170 890 maneat
183 834 258 906 apud
270 836 462 893 venerabilem
474 838 603 908 domum,
618 842 647 893 11
658 838 708 910 qui
724 840 873 895 accesserit
921 839 1037 896 forsitan
1053 843 1149 894 autem
1163 839 1218 894 tale
1233 838 1339 911 aliquid
1355 839 1440 895 etiam
1461 839 1490 894 iu
1505 839 1566 895 aliis
1586 842 1737 913 provinciis

54 928 93 982 ad
107 943 223 983 causam
237 928 295 1000 legi
310 931 490 1001 contrariam,
507 932 587 987 eadat
601 934 721 1004 utroque
742 933 829 1003 juste,
845 938 873 989 et
922 932 1091 1006 quibusdam
1104 935 1156 987 est.
1168 932 1245 987 Unde
1255 931 1366 986 emersi
1375 931 1442 986 alibi
1451 948 1563 1004 quoque
1575 934 1737 1006 hujusmodi
1829 943 1833 948 “

57 1021 218 1077 secundum
237 1022 291 1077 huc
305 1040 397 1095 poenee
411 1023 556 1094 subdatur,
572 1025 727 1080 secundum
744 1041 830 1097 quarn
846 1029 874 1081 et
922 1026 1055 1099 quaedam
1070 1030 1112 1081 est
1125 1025 1274 1097 possessio,
1284 1025 1350 1080 etin
1361 1025 1463 1081 illalex
1474 1031 1609 1098 servetur,
1619 1031 1737 1086 etsuam

54 1110 181 1182 propriis
196 1111 287 1182 eadat,
298 1116 326 1167 et
338 1112 414 1184 quod
425 1112 556 1185 speravit,
570 1130 629 1168 non
643 1113 779 1185 acquirat,
789 1114 874 1168 etiarn
923 1119 1145 1174 observationem
1160 1117 1306 1174 extendat.

55 1203 103 1258 hic
119 1203 229 1259 actione
242 1204 269 1260 11
283 1211 391 1261 servata
405 1205 435 1260 in
450 1206 565 1279 propria
587 1207 743 1263 substantia
764 1223 872 1278 eorum,
959 1211 1030 1276 Quia
1042 1227 1109 1266 vero
1123 1211 1273 1266 verisimile
1295 1213 1338 1266 est
1358 1211 1521 1283 quempiam
1539 1212 1624 1268 etiam
1639 1214 1669 1271 in
1683 1215 1737 1272 eir-

58 1296 109 1367 qui
125 1301 299 1352 contractum
311 1315 376 1354 eum
386 1315 420 1354 eo
433 1300 655 1355 celebraverunt.
924 1304 1154 1360 eumventionem
1168 1303 1253 1375 hujus
1272 1305 1343 1376 legis
1356 1307 1465 1360 tentare
1488 1307 1675 1377 pragmaticas
1698 1325 1740 1364 sa·

94 1389 122 1445 Si
133 1393 228 1445 autem
239 1390 360 1445 creditor
375 1391 404 1446 in
418 1392 540 1463 pignora
549 1391 687 1464 corporali
700 1392 874 1472 elegeritae·
925 1414 985 1453 cras
997 1397 1101 1452 formas
1116 1397 1251 1469 accipere,
1268 1397 1323 1452 tale
1339 1397 1446 1470 aliquid
1460 1397 1499 1453 eis
1514 1414 1599 1470 agere
1620 1402 1738 1472 permit-

56 1482 153 1555 cipere
166 1500 226 1539 rem
241 1483 417 1540 immobilem
428 1485 875 1557 ecclesiasticam,autptochicam
925 1495 1025 1558 tentes,
1040 1493 1068 1544 et
1080 1491 1133 1545 hoe
1148 1490 1332 1561 prohibemus
1346 1490 1375 1544 iu
1389 1490 1468 1545 omni
1481 1494 1599 1562 persona
1619 1494 1738 1564 majore,

57 1576 87 1630 in
109 1576 239 1632 domibus
261 1576 365 1644 forsan,
381 1583 430 1634 aut
450 1579 629 1648 suburbanis,
652 1584 701 1634 aut
725 1578 810 1650 agris,
827 1582 877 1634 aut
925 1583 970 1638 vel
986 1583 1105 1651 minore,
1120 1583 1177 1637 sive
1203 1583 1233 1637 in
1256 1583 1370 1654 cingulo
1383 1583 1547 1652 constituta,
1564 1584 1620 1640 sive
1635 1585 1741 1643 borum

56 1669 159 1739 hortis,
172 1673 221 1725 aut
235 1670 363 1726 civilibus
377 1671 506 1743 panibus,
523 1676 573 1728 aut
585 1672 698 1728 rusticis
716 1671 875 1744 mancipiis,
926 1677 976 1749 qui
992 1679 1065 1730 eirea
1079 1693 1131 1731 nos
1150 1678 1225 1744 sunt,
1239 1675 1296 1730 sive
1308 1674 1429 1730 aliorum
1443 1676 1583 1748 quispiam
1605 1678 1680 1733 inter
1693 1694 1742 1750 po-

58 1765 88 1816 et
100 1762 212 1817 dederit
220 1779 332 1833 aunam,
344 1764 378 1818 ab
392 1763 444 1820 hoc
460 1765 540 1821 eadat
555 1765 686 1834 creditor,
698 1770 726 1821 et
735 1781 799 1837 qua
811 1781 876 1819 mu·
886 1740 915 1813 B
926 1770 1008 1842 pulos
1022 1768 1222 1824 habitantium.
1237 1770 1271 1822 Et
1283 1768 1434 1836 sancimus,
1445 1768 1516 1823 nulli
1531 1770 1644 1842 penitus
1657 1771 1743 1828 licen·

57 1858 142 1910 tuum
158 1856 298 1928 acceperit
315 1857 490 1912 sanctissima
504 1858 619 1913 eeclesia
642 1862 692 1913 aut
710 1857 878 1913 venerabilis
927 1864 995 1918 tiam
1009 1879 1068 1918 esse
1086 1862 1171 1917 talem
1196 1861 1360 1932 quempiam
1383 1862 1590 1933 pragmaticum
1614 1865 1741 1936 prolerre

56 1949 171 2015 domus,
187 1949 263 2021 quod
284 1954 448 2004 mutuatum
471 1954 514 2006 est
536 1967 650 2018 aurum,
665 1951 745 2006 luero
765 1950 866 2006 habeat
927 1962 1037 2029 typum,
1049 1971 1143 2027 neque
1154 1971 1189 2009 ex
1201 1953 1254 2008 hoe
1274 1955 1400 2024 accipere
1418 1954 1532 2025 aliquod
1547 1955 1582 2010 de
1604 1957 1743 2013 sanctissi-

58 2041 148 2096 etiam
162 2041 209 2096 hic
223 2047 322 2098 eontra
335 2041 524 2099 celebrantem
537 2047 672 2099 mutuum
684 2059 875 2112 (economum,
927 2049 982 2105 mis
997 2049 1119 2104 eeclesiis
1138 2046 1351 2118 compendium,
1366 2051 1416 2101 aut
1437 2047 1471 2102 de
1493 2050 1669 2104 monasteriis
1692 2054 1742 2107 aut

59 2140 110 2189 aut
121 2135 332 2202 xenodochum,
342 2140 392 2190 aut
401 2136 658 2208 brephotrophum,
668 2141 717 2192 aut
726 2136 877 2207 praesulem
926 2141 1057 2215 ptochiis,
1066 2146 1114 2196 aut
1124 2140 1187 2195 aliis
1199 2139 1405 2195 venerabilibus
1415 2140 1540 2212 collegiis
1553 2141 1741 2199 immobilium

58 2229 233 2296 monasterii,
250 2233 299 2284 aut
313 2229 450 2297 asceterii,
468 2233 518 2285 aut
536 2230 656 2285 aliorum
671 2228 877 2285 venerabilium
926 2252 1033 2292 rerum.
1052 2234 1108 2290 Sed
1122 2239 1150 2288 et
1165 2231 1362 2305 gloriosissimo
1375 2233 1507 2304 quaestori
1518 2251 1629 2306 pennam
1645 2234 1742 2291 immi.

59 2321 244 2392 collegiorum
258 2322 388 2377 creditori
402 2321 512 2378 actione
530 2327 673 2386 manente,
689 2321 734 2378 his
748 2322 878 2377 omnibus
927 2345 995 2384 nere
1017 2332 1131 2384 centum
1155 2325 1293 2381 librarum
1314 2324 1386 2393 auri,
1400 2325 1423 2380 si
1436 2325 1503 2398 quid
1516 2326 1571 2382 tale
1585 2327 1741 2398 dictaverit,

60 2414 146 2469 ctiam
156 2414 186 2469 in
194 2413 340 2469 abbatissis
349 2416 532 2470 muliebrium
546 2415 746 2470 asceteriorum
756 2418 805 2470 ant
814 2431 877 2469 mo·
927 2423 1014 2478 simul
1038 2426 1066 2476 et
1087 2417 1304 2490 suscipientibus
1326 2417 1546 2474 insinuationem
1568 2419 1631 2474 talis
1646 2421 1741 2491 cujus·

59 2507 247 2561 nasteriorum
261 2507 428 2563 valentibus.
439 2507 467 2564 Si
477 2508 553 2563 enirn
564 2507 681 2562 omnino
696 2507 878 2563 sanctissimis
926 2516 1003 2589 piam
1017 2529 1103 2569 sacrae
1115 2511 1214 2567 formae
1229 2510 1438 2584 gloriosissimis
1449 2510 1604 2582 judicibus,
1618 2514 1667 2568 aut
1680 2511 1756 2593 aliiue

60 2599 186 2654 eeclesiis
199 2604 248 2655 aut
259 2600 321 2654 aliis
333 2601 540 2656 venerabilibus
550 2600 681 2656 domibus
691 2600 797 2655 credito
808 2615 879 2672 opus
927 2606 1095 2682 quibusdam
1106 2605 1234 2661 eamdem
1247 2604 1397 2659 imminere
1410 2603 1748 2675 [11111111111111111111Ι

61 2692 109 2758 ³52,
124 2692 210 2763 idque
224 2693 295 2749 i⁰rt0
310 2693 401 2749 autin
414 2693 601 2749 necessariam
613 2693 804 2765 quamdnmet
817 2692 877 2748 ine·
927 2699 1111 2756 succumbere
1133 2697 1232 2768 Leonis
1255 2696 1309 2768 piae
1331 2697 1476 2751 memoriae
1498 2696 1701 2765 constitutioni,
1719 2696 1742 2753 si

60 2784 204 2839 vitabilem
219 2788 400 2854 ⁰00³Si⁰11⁰m2
418 2791 447 2842 ei
465 2791 570 2858 praeier
589 2803 676 2859 quam
691 2802 749 2841 11⁰ss
764 2785 877 2858 11016111,
927 2791 1098 2850 confecerint
1111 2790 1168 2846 tale
1180 2788 1294 2862 aliquod
1309 2789 1539 2856 instrumentum,
1551 2792 1578 2843 et
1593 2789 1741 2845 [1111111-

61 2877 139 2949 quod
153 2877 283 2934 imminet
296 2879 453 2952 adimpleri,
469 2884 518 2935 aut
540 2881 570 2935 in
595 2881 679 2935 aliam
694 2896 806 2935 causam
819 2879 878 2935 uti·
926 2887 998 2943 biles
1018 2885 1169 2958 episcopos,
1184 2887 1232 2938 ant
1246 2881 1420 2938 venerabiles
1440 2882 1600 2937 aeconomus
1614 2881 1673 2937 siue
1692 2897 1742 2953 pa·

59 2970 197 3026 lissimam
216 2972 398 3027 sanctissimae
414 2972 538 3028 eeclesiae
560 2974 769 3039 consistentem,
784 2971 880 3027 beabit
926 2979 1016 3036 riculo
1025 2978 1146 3034 refutare
1156 2973 1320 3046 hujusmodi
1331 2989 1422 3028 sacras
1431 2973 1617 3045 pragmaticas
1625 2972 1741 3041 tonnas,

59 3064 219 3135 praepositis
236 3081 333 3120 aarum
346 3067 485 3137 usquead
503 3067 665 3138 generalem
687 3065 876 3137 hypothecam
927 3073 1018 3143 magis
1030 3072 1126 3125 autem
1140 3085 1204 3123 curn
1220 3066 1346 3140 periculo
1362 3066 1504 3138 suscipere
1530 3069 1558 3121 et
1579 3081 1741 3137 agnoscere,

61 3161 147 3227 stare,
160 3162 189 3213 11
210 3158 321 3214 nullum
342 3158 461 3230 speciale
483 3159 587 3232 pignus
606 3158 791 3215 creditoribus
805 3175 877 3231 proe·
928 3163 1177 3238 quiaeiroaipsum
1186 3158 1742 3231 sacerdotiumperieulumsustinebunt,

61 3248 141 3306 beri·
928 3258 950 3314 si
965 3257 1142 3329 negligentes
1159 3255 1209 3311 has
1220 3253 1308 3326 leges,
1324 3269 1387 3325 quas
1403 3252 1443 3308 ita
1457 3252 1540 3319 liunt,
1555 3251 1743 3323 pragmaticas

98 3343 127 3399 Si
141 3360 209 3399 vero
223 3345 308 3400 etiarn
327 3349 495 3418 perpetuam
516 3343 656 3416 quispiam
679 3342 879 3416 emphyteusin
928 3351 1084 3422 sequantur
1096 3348 1210 3402 iormas.
1222 3346 1339 3417 Oportet
1352 3344 1428 3398 euim
1437 3360 1470 3398 ea
1479 3359 1541 3414 quoe
1554 3343 1744 3399 communiter

60 3437 189 3508 8001111118
197 3438 420 3511 liraefflmpwrit
430 3437 506 3510 quod
515 3454 574 3493 ¹¹⁰ss
584 3438 659 3506 licei,
675 3442 725 3492 aut
735 3441 878 3509 tempora·
929 3447 957 3498 et
972 3440 1142 3514 generaliter
1152 3438 1188 3493 ad
1201 3437 1329 3492 omniurn
1338 3436 1491 3491 utilitatem
1504 3436 1679 3506 sanciuntur,
1690 3451 1742 3506 po-

62 3531 120 3585 lem
132 3530 257 3602 quidem,
270 3548 329 3587 non
344 3535 440 3587 tamen
455 3531 611 3587 secundum
624 3531 710 3601 hujus
724 3529 879 3585 1111111111-
928 3535 984 3591 tius
996 3533 1100 3601 valere,
1113 3547 1201 3603 quarn
1210 3546 1243 3585 ea
1257 3545 1320 3601 quas
1333 3527 1407 3583 eirca
1418 3527 1526 3599 aliquos
1536 3527 1686 3583 studentur
1696 3528 1743 3600 agi

63 3623 108 3695 gis
131 3623 365 3694 observationem,
379 3624 463 3680 etiem
488 3625 523 3678 sit
544 3623 625 3679 cadat
638 3621 754 3695 quidem
769 3621 803 3677 dc
818 3637 879 3677 em·
930 3628 967 3683 sd
981 3625 1189 3696 corruptionem
1202 3621 1399 3678 communium
1413 3619 1520 3691 legum.
1533 3619 1580 3674 llis
1593 3620 1658 3675 solis
1669 3620 1745 3676 vido·

61 3716 205 3788 phytensi,
220 3718 250 3772 et
261 3717 336 3788 qnod
348 3717 446 3772 datum
461 3719 503 3770 est
518 3720 634 3771 mancat
646 3716 720 3786 apud
734 3712 879 3769 1111611ὼί-
928 3720 995 3776 11111
1008 3716 1195 3774 conducendis
1211 3719 1239 3770 et
1259 3715 1288 3769 in
1307 3712 1506 3785 emphyteusin
1526 3712 1626 3769 dandis
1647 3712 1742 3785 rebus,

62 3808 121 3863 lem
134 3809 263 3865 domum.
279 3809 397 3865 Debebit
413 3812 508 3864 autem
520 3808 653 3863 continuo
665 3810 770 3879 etpost
785 3821 881 3861 casum
930 3825 1110 3886 quascunque
1135 3810 1235 3880 putant
1256 3806 1305 3861 tali
1321 3805 1418 3877 aliquo
1440 3820 1535 3877 egere,
1550 3805 1577 3861 si
1590 3810 1686 3861 temen
1697 3821 1745 3861 vo.

62 3902 310 3974 emphyteumatos
324 3903 441 3969 solvere,
459 3906 597 3972 quantum
616 3902 760 3956 soluturus
773 3903 842 3968 erat,
857 3897 882 3953 si
929 3905 1035 3961 luerint
1057 3902 1187 3975 qrraedam
1209 3899 1261 3954 sub
1283 3899 1400 3971 propria
1415 3897 1618 3970 gubernatione
1641 3897 1745 3954 habere

62 3995 221 4050 seeundum
235 3996 328 4066 legem
346 3994 544 4066 emphyteusin
566 3993 705 4059 subiisset,
722 3991 793 4047 nihil
806 3990 881 4063 apud
930 3999 987 4053 000
1002 3994 1136 4051 amabiles
1150 3990 1299 4061 oeconomi,
1315 3993 1364 4045 aut
1377 3990 1496 4046 aliorum
1511 3991 1644 4062 praesules
1660 3991 1745 4046 eolle-

63 4103 131 4142 ernn
147 4093 278 4143 manente
293 4104 326 4142 ex
340 4088 424 4142 rebus
440 4102 597 4159 pauperum
614 4101 678 4157 quae
703 4085 808 4139 trustra
831 4098 883 4156 per
932 4089 1056 4162 giorum,
1070 4087 1139 4143 nulli
1154 4086 1269 4153 borum,
1284 4085 1334 4156 qui
1348 4084 1378 4139 in
1396 4086 1545 4154 potentatu
1563 4086 1639 4151 sunt,
1654 4098 1746 4153 neque

64 4180 265 4252 emphyteusin
279 4180 352 4236 datae
367 4183 442 4236 sunt.
931 4182 1087 4239 secundum
1102 4195 1210 4234 sacram
1230 4177 1432 4249 pragmaticam
1456 4175 1588 4240 formam,
1605 4174 1747 4229 licentiam

101 4275 165 4328 llaec
176 4273 265 4345 igitur
278 4273 373 4329 omnia
387 4272 581 4328 custodiantur
600 4270 742 4342 praedictis
756 4270 883 4341 subjecta
932 4292 991 4331 esse
1005 4290 1107 4346 eogere
1122 4289 1180 4340 eos,
1196 4275 1246 4325 aut
1259 4285 1311 4341 per
1325 4267 1550 4336 conductionem,
1566 4269 1615 4321 aut
1627 4281 1678 4338 per
1690 4282 1748 4321 em·

64 4366 273 4438 poenis,neque
292 4366 491 4423 tabellionibus
515 4363 754 4437 praesumentibus
778 4363 882 4418 instru-
931 4366 1083 4440 phytensin
1099 4365 1160 4418 haec
1172 4362 1284 4417 tradere
1297 4361 1333 4428 ei,
1348 4360 1396 4431 qui
1412 4361 1465 4414 boc
1477 4359 1546 4430 agit,
1562 4363 1591 4413 et
1610 4358 1749 4431 sacrilegii

66 4459 171 4515 mentis
195 4459 295 4515 talibus
321 4459 491 4529 ministrare,
508 4457 557 4513 sed
578 4467 668 4528 usque
692 4455 923 4533 metuentibusl)
933 4459 1076 4530 subjacere
1089 4471 1180 4528 poena
1195 4459 1224 4509 et
1238 4453 1369 4510 omnibus
1383 4451 1505 4520 mulctis,
1517 4467 1580 4522 quae
1590 4450 1642 4505 bae
1653 4454 1750 4507 nostra

65 4551 209 4619 exsilium,
220 4568 254 4607 ex
268 4569 326 4626 quo
341 4568 488 4624 nunquam
504 4552 690 4616 revertantur,
701 4564 754 4602 nec
769 4546 791 4601 si
804 4562 883 4601 sacra
932 4553 994 4624 lege
1008 4566 1086 4604 seem
1102 4547 1283 4603 eontinentur
1296 4550 1324 4600 et
1338 4544 1493 4617 suppliciis.
1516 4543 1586 4609 Quia
1609 4559 1677 4598 vero
1701 4560 1749 4600 co·

65 4646 123 4701 hoe
136 4644 261 4716 praebeat
274 4646 377 4714 forma,
390 4661 483 4717 neque
494 4643 637 4716 judicibus
648 4640 809 4696 veldictare
817 4637 885 4695 talin
934 4643 1082 4718 grrovimus
1089 4639 1203 4714 aliquod
1213 4638 1369 4712 pessimum
1380 4637 1512 4693 delictrrm
1522 4636 1626 4692 iactum
1637 4641 1666 4692 et
1674 4638 1750 4709 apud

65 4743 257 4798 instrumenta
274 4742 520 4815 presumentibus,
536 4740 580 4796 vel
598 4739 673 4795 facta
693 4737 833 4809 suscipere
856 4739 885 4791 et
934 4735 1137 4793 Alexandrinos
1151 4738 1178 4789 et
1188 4732 1341 4804 AEgyptios,
1353 4731 1414 4802 jam
1426 4733 1520 4785 autem
1534 4734 1562 4784 et
1574 4729 1604 4784 in
1617 4729 1678 4784 aliis
1691 4730 1752 4802 qui·

68 4836 157 4908 gestis
180 4840 433 4891 monumentorum
451 4850 485 4890 ea
502 4834 625 4902 tinnare,
639 4848 675 4887 ne
690 4831 776 4887 etiam
789 4828 841 4902 ipsi
856 4833 886 4885 et
933 4829 1052 4887 busdam
1071 4825 1184 4899 imperii
1203 4824 1272 4880 loeis
1295 4824 1432 4896 quosdam
1446 4838 1620 4895 presumere
1633 4823 1676 4876 vel
1690 4822 1752 4894 ipsa

66 4928 177 5001 cinguli
190 4945 222 4983 ae
235 4928 379 5000 dignitatis
393 4926 598 4984 etsubstantiae
612 4941 709 4980 casum
729 4922 885 4979 secundum
934 4921 1106 4978 venerabilia
1127 4917 1298 4974 monasteria
1315 4917 1449 4983 vendere,
1461 4921 1510 4970 aut
1524 4919 1695 4986 permutare,
1706 4919 1756 4971 aut

67 5022 171 5078 Leonis
183 5022 414 5078 constitutionem
428 5021 593 5076 sustineant.
610 5018 710 5074 lisdem
724 5016 812 5089 poenis
825 5031 885 5071 ser·
935 5017 1051 5084 donare,
1073 5014 1104 5068 in
1126 5011 1229 5085 quibus
1253 5014 1282 5066 et
1306 5009 1393 5065 altare
1414 5008 1578 5063 collocatum
1590 5010 1642 5077 est,
1663 5011 1753 5063 1111-

66 5114 169 5170 vendis
184 5115 271 5171 111111
282 5116 415 5171 adversus
438 5131 485 5170 eos
507 5113 555 5186 qui
578 5115 685 5167 saerata
705 5126 767 5164 vasa
790 5111 887 5163 contra
936 5124 1017 5164 erum
1043 5105 1202 5162 exhibitum
1229 5102 1433 5169 ministerium,
1448 5101 1530 5172 quale
1553 5101 1640 5156 moris
1663 5106 1705 5157 cst
1724 5102 1754 5157 in

67 5212 197 5264 nostram
216 5208 310 5281 legem
333 5212 383 5264 aut
403 5206 518 5281 pignori
532 5206 611 5276 dant,
626 5205 675 5258 aut
687 5202 821 5267 vendunt,
838 5205 889 5256 aut
937 5199 1121 5258 sanctissimis
1149 5196 1273 5253 ecclesiis
1298 5193 1445 5262 celebrari,
1461 5193 1567 5266 quippe
1579 5193 1666 5249 sacris
1677 5195 1756 5249 lectis

68 5300 195 5357 contlant
206 5305 324 5373 ,pmpter
338 5301 547 5358 alienationem.
562 5300 632 5354 Nam
652 5300 680 5352 et
699 5296 761 5351 illos
776 5292 886 5366 aequali,
938 5292 1097 5365 scripturis,
1115 5293 1144 5346 et
1155 5291 1328 5345 sacrosancta
1347 5290 1376 5342 11
1399 5285 1533 5341 ineffabili
1554 5287 1756 5343 communione

69 5399 122 5451 aut
149 5366 259 5465 maiore
284 5410 367 5466 poena
393 5394 493 5466 dignos
518 5409 578 5449 esse
603 5389 754 5458 sancimus,
776 5385 888 5460 quaudo
937 5382 1284 5454 tradita‚etmonarebiea
1304 5379 1362 5435 illic
1383 5379 1457 5435 iacta
1477 5380 1659 5446 habitatione,
1672 5379 1712 5433 111
1725 5382 1757 5431 ut

69 5488 158 5544 ctiam
171 5486 245 5542 eirca
259 5503 350 5541 111111
362 5502 408 5542 res
423 5490 451 5541 et
473 5487 530 5541 Deo
546 5484 686 5540 dedicatas
700 5495 888 5554 presumpse·
939 5482 1001 5536 haec
1013 5479 1192 5534 mutarentur
1207 5490 1242 5530 ex
1256 5489 1334 5529 sacra
1348 5477 1377 5528 et
1392 5474 1448 5528 neo
1470 5472 1583 5528 amabili
1607 5471 1698 5542 ligura
1721 5468 1758 5523 ad

69 5584 142 5637 runt
156 5579 243 5652 impie
255 5595 350 5652 agere,
363 5579 415 5634 nisi
431 5583 525 5634 tamen
541 5576 653 5650 aliquod
669 5575 724 5631 tale
739 5574 797 5643 ilat,
812 5570 890 5645 quod
938 5573 1077 5646 privatam
1102 5568 1277 5625 mansionem
1302 5572 1330 5623 et
1353 5570 1475 5633 statum,
1499 5566 1560 5620 hoec
1584 5561 1700 5617 omnino
1724 5559 1759 5616 da

70 5672 207 5742 diximus,
218 5673 293 5729 eirca
303 5670 530 5744 redemptionem
537 5665 777 5742 captivomm,ubi
787 5665 890 5720 animae
940 5671 1043 5721 caetero
1051 5663 1112 5718 lieri
1121 5659 1392 5734 probibemus,nulli
1402 5659 1551 5714 hominum
1563 5652 1760 5753 permittentes

71 5766 224 5824 bominum
238 5765 396 5821 liberantur
405 5781 422 5821 a
431 5763 571 5820 mortibus
583 5765 610 5816 et
621 5759 740 5818 vinculis
753 5757 892 5814 inanima·
941 5755 1002 5811 hae
1012 5752 1186 5826 delinquere,
1197 5750 1246 5807 sed
1254 5749 1340 5807 etiam
1349 5748 1456 5802 iactum
1468 5743 1617 5799 infirmum
1627 5740 1760 5798 omnibus
