3884 6150
56 246 109 312 888
692 247 725 310 888
745 256 816 310 888.
838 255 858 306 v
876 254 920 310 88
938 253 1107 311 ephesios.
1689 247 1739 310 sta

51 368 140 420 Deum
153 361 290 419 videbunt.
307 363 341 418 Et
351 360 422 416 sicut
437 364 502 416 sunt
512 362 667 417 exteriores
682 352 795 433 gressus
810 379 873 416 cor·
884 374 914 447 Α
924 367 965 417 888
979 362 1026 434 qui
1041 379 1098 417 non
1113 361 1247 433 intelligit
1260 377 1320 424 aus
1340 376 1382 416 888
1398 376 1536 418 88888888
1562 379 1604 417 oei
1622 363 1700 425 bona,
1715 369 1740 416 88

52 455 143 529 poris,
158 455 197 511 sic
209 458 277 511 sunt
291 459 320 510 et
330 454 482 510 interiores
496 455 610 522 mentis,
625 456 661 511 818
682 455 785 526 quibus
806 455 872 509 scri·
925 457 987 511 188888
997 458 1117 526 placen,
1131 460 1156 510 et
1166 458 1297 525 perfecta.
1314 458 1348 519 Et
1359 455 1423 510 idco
1436 456 1520 510 dicit:
1536 458 1681 526 Propterea
1691 471 1736 510 no

55 556 139 623 ptum
167 552 233 605 est:
257 549 283 605 Α
307 551 416 606 Domino
438 564 543 618 8888888
571 551 685 605 1888888888
708 549 873 618 diriguntur.
925 551 972 604 lite
985 553 1045 619 fiai
1057 550 1247 620 incpncdentes.
1270 549 1405 603 Voluntas
1424 549 1473 604 Dei
1486 554 1529 604 888
1543 552 1575 603 88
1590 549 1739 605 declinata

55 642 141 708 Quod
154 658 221 697 vero
237 641 283 697 hic
295 641 381 697 dicit:
404 643 504 699 1188888
518 658 615 706 reuoca
637 657 769 707 88888888
791 658 875 697 carru
924 645 1010 712 malo,
1032 648 1059 698 88
1073 643 1157 698 faciat
1179 643 1299 697 bouum.
1316 643 1385 697 Dicit
1399 643 1475 697 enim
1496 643 1655 714 propheta:
1671 643 1739 700 Nola

55 734 290 805 8888888888;8818
303 736 432 807 estquod
446 736 485 790 ait
497 736 642 791 Salvator:
655 736 875 797 Ambulatedum
924 742 1034 792 mortem
1044 739 1202 808 peccatoris,
1215 741 1254 791 888
1267 741 1298 790 888
1311 740 1483 791 88888888888
1496 741 1521 791 88
1534 739 1620 790 vivat.
1632 738 1665 791 Et
1684 736 1737 790 ite-

56 832 143 886 1888888
156 830 268 885 habetis.
286 827 362 905 Sicut
382 828 468 896 enirn,
485 830 563 884 verbi
583 829 674 902 gratia
696 828 799 896 dicam,
823 829 873 882 ali·
924 848 988 886 rum
1005 850 1013 885 :
1029 832 1140 887 Destino
1153 847 1170 885 a
1184 832 1257 884 malo
1272 833 1298 886 et
1308 833 1355 897 sac
1369 830 1473 884 bonam.
1489 830 1623 884 Voluntas
1638 829 1685 884 Dei
1699 835 1740 885 est

57 923 123 996 quis
136 924 222 979 homo
238 923 294 978 iter
315 923 423 977 iaciens
446 922 582 995 prospicit
603 923 652 977 uhi
673 938 786 993 gressus
805 923 877 992 figat
924 928 958 978 ut
976 924 1128 996 diligamus
1143 921 1273 978 invicem.
1290 925 1322 977 88
1336 923 1384 978 troc
1396 928 1549 993 8888888888
1561 938 1658 986 omnes,
1673 925 1739 992 88888

55 1017 150 1089 pedis,
166 1015 206 1072 888
221 1016 269 1088 qui
282 1015 448 1087 spiritaliter
461 1016 611 1071 ambulare
634 1015 788 1082 desiderat,
808 1030 874 1085 pro·
924 1020 977 1072 mei
999 1020 1060 1073 estis
1081 1018 1219 1089 discipali,
1232 1020 1257 1072 88
1272 1017 1438 1072 dilectionem
1462 1017 1610 1072 habueritis
1624 1019 1654 1071 in
1666 1019 1738 1071 inui-

55 1111 169 1183 spicere
181 1108 325 1165 dehetubi
335 1126 465 1181 gressum
479 1109 585 1165 mentis
599 1109 680 1181 figat,
698 1125 734 1163 ne
750 1111 873 1163 corruat.
925 1127 990 1167 cem.
1003 1111 1136 1166 Voluntas
1158 1111 1271 1180 Dci'est,
1286 1114 1318 1165 ut
1338 1127 1437 1165 ornnes
1452 1111 1541 1165 sancti
1555 1109 1652 1177 simus,
1669 1111 1740 1165 sieut

55 1205 134 1276 Ergo
149 1203 344 1275 unusquisque
359 1207 442 1258 caute
456 1204 604 1259 ambulare
619 1201 715 1273 debet,
733 1220 769 1257 ne
781 1201 874 1270 cedat,
925 1204 984 1277 ipse
1009 1204 1099 1260 dicit:
1117 1205 1213 1260 Sancti
1225 1209 1315 1268 estote,
1337 1206 1464 1274 8888888
1488 1209 1598 1259 sanctus
1616 1221 1684 1259 8888.
1702 1207 1739 1260 Er

55 1296 877 1367 necdeclinetaddexteram,siveadsinistram;sedper
927 1315 1021 1356 poma
1047 1314 1183 1354 8888888888
1207 1314 1282 1366 sarno,
1305 1314 1333 1352 ur
1365 1314 1418 1361 888
1439 1313 1486 1353 nsr
1511 1314 1636 1353 nexuum.
1663 1298 1740 1353 Sicut

56 1408 142 1446 arma
152 1391 269 1461 justitiae
281 1393 359 1445 tutus
374 1389 499 1457 incedat,
514 1391 634 1445 audiens
649 1391 797 1462 prophetae
813 1405 875 1443 rno-
926 1394 1005 1447 enim
1017 1393 1106 1447 horno
1120 1408 1178 1446 non
1191 1395 1284 1462 potest
1295 1391 1407 1445 duobus
1419 1391 1540 1446 dominis
1553 1392 1668 1457 seruire,
1684 1395 1740 1447 Deo

57 1485 139 1539 nita:
156 1488 218 1540 88888
228 1487 285 1547 888,
298 1485 435 1540 ambulate
448 1487 477 1538 ia
490 1501 530 1539 88.
548 1483 631 1548 Quod
648 1483 696 1554 qui
712 1482 820 1549 lecerit,
832 1499 877 1536 ra·
926 1487 1029 1541 scilicet
1044 1491 1072 1541 88
1086 1501 1266 1551 mammona,
1283 1484 1321 1538 ita
1336 1486 1430 1538 nullus
1445 1488 1538 1556 potest
1551 1484 1687 1539 inebriari
1701 1487 1741 1540 vi·

56 1582 131 1637 lehit
146 1582 256 1638 dicere:
273 1585 393 1638 Lucerna
400 1582 514 1652 peditus
527 1584 591 1637 meis
604 1582 714 1636 uerbum
726 1585 812 1644 8888888,
829 1584 877 1635 Do-
926 1597 963 1634 no
977 1579 1083 1650 pariter
1096 1583 1124 1634 88
1137 1579 1245 1634 88888888
1258 1594 1358 1634 sanare
1374 1577 1489 1648 repleri.
1498 1577 1550 1641 Qui
1563 1577 1664 1649 spiritu
1678 1595 1741 1633 san-

58 1677 140 1738 miae,
155 1680 180 1730 et
196 1676 284 1730 1888888
297 1678 398 1730 semitis
412 1679 485 1730 88888.
503 1677 674 1730 [1888888888
688 1691 802 1740 raucus,
813 1690 876 1737 8888
926 1678 970 1728 888
982 1673 1105 1744 88818888
1117 1672 1204 1726 fuerit
1219 1671 1336 1727 habehit
1359 1672 1550 1742 prudentiam,
1574 1672 1739 1739 castitatem,

56 1785 110 1824 888
124 1786 182 1824 ores
192 1785 345 1825 uniretur.
360 1767 431 1823 lllud
444 1767 512 1822 dicit
522 1771 636 1839 tempus
646 1768 725 1839 quod
740 1768 769 1823 iu
785 1759 914 1830 AdamB
927 1766 1106 1834 munditiam,
1133 1765 1311 1836 pudicitiam,
1334 1765 1593 1832 mansuetudinem,
1607 1780 1741 1819 verecun-

58 1879 163 1917 omnes
175 1862 363 1934 perdidimus,
377 1862 484 1917 scilicet
498 1862 758 1928 immortalitatem,
778 1863 806 1914 88
824 1878 876 1932 pa·
927 1861 1015 1916 diam.
1031 1862 1051 1915 E
1065 1859 1184 1930 regione
1198 1859 1246 1929 qui
1262 1859 1327 1913 vino
1339 1857 1630 1927 inebriatur,habebit
1642 1874 1742 1929 proca·
1758 1902 1764 1908 .

57 1956 232 2010 radisiacam
247 1955 466 2010 beatitudiuem.
484 1955 639 2010 Sciendum
653 1955 731 2009 enirn
752 1957 795 2008 est
810 1955 879 2025 quia
927 1954 1050 2022 citatem,
1075 1952 1278 2023 insipientiam,
1305 1952 1463 2021 audaciam,
1486 1951 1624 2018 furorem,
1649 1952 1741 2006 lihidi-

57 2067 75 2105 a
91 2051 149 2104 Dee
163 2049 335 2104 immortalis
352 2050 483 2104 conditus
497 2050 600 2116 luerat,
614 2048 637 2102 si
649 2065 708 2103 non
723 2052 876 2119 peccasset.
927 2064 1005 2102 nem.
1016 2049 1048 2101 Et
1063 2046 1126 2101 idco
1141 2046 1269 2117 precipit
1282 2045 1438 2115 Apostolus,
1453 2062 1510 2099 non
1525 2045 1627 2100 dehere
1638 2046 1739 2100 inebri-

57 2144 122 2198 Non
145 2143 244 2197 suisset
263 2159 378 2197 necessa
401 2143 543 2197 redimere
568 2146 697 2213 tempus,
723 2142 790 2213 quia
815 2141 878 2196 eceli
927 2143 972 2196 ari
982 2144 1055 2204 88888,
1070 2143 1099 2194 in
1119 2140 1356 2209 8888881888888.
1370 2137 1449 2193 Unde
1465 2137 1533 2192 dicit
1545 2143 1573 2193 et
1587 2139 1739 2193 Salomon:

57 2236 134 2290 cives
150 2235 254 2302 effecti,
269 2237 359 2290 Deum
375 2236 446 2290 facie
461 2236 497 2290 ad
512 2235 617 2290 faciem
636 2235 876 2305 conspiceremus,
927 2238 967 2293 Ne
978 2237 1095 2306 aspicias
1109 2237 1203 2289 888888
1217 2249 1276 2287 cum
1296 2235 1415 2301 88888888
1427 2233 1455 2286 in
1475 2232 1564 2298 uitrc;
1580 2232 1651 2287 88188
1670 2235 1741 2287 enim

61 2329 134 2384 sicut
157 2329 217 2400 ipse
235 2329 369 2397 iaciebat,
394 2332 551 2400 antequam
570 2331 726 2401 peccasset.
749 2326 831 2392 Quod
854 2327 878 2381 si
929 2329 1025 2383 blande
1043 2326 1130 2400 leod,
1146 2326 1262 2399 blandis]
1274 2327 1436 2395 ingreditur,
1452 2326 1498 2380 sed
1511 2326 1654 2380 8888818888
1667 2326 1741 2381 cola·

61 2425 176 2494 tempus
185 2418 317 2493 quis‘vult
325 2420 478 2490 redimere,
490 2421 641 2476 consilium
653 2420 767 2476 Domini
780 2420 879 2474 audiat
898 2468 902 2476 .
928 2422 983 2477 ber.
997 2422 1090 2477 Potest
1103 2425 1132 2476 et
1145 2422 1226 2476 aliter
1237 2419 1357 2490 intelligi
1372 2419 1448 2490 quod
1461 2418 1529 2472 dicit
1544 2437 1551 2472 :
1571 2420 1659 2476 Nolite
1682 2421 1741 2473 ine·

61 2513 201 2569 dicentis:
217 2517 247 2572 Si
261 2517 321 2584 qais
333 2519 357 2570 te
364 2517 526 2593 percusserit
536 2517 564 2569 ia
576 2515 714 2570 8188888888
724 2515 876 2576 masiliam,
928 2516 1015 2570 brieri
1027 2518 1099 2578 uino,
1115 2514 1145 2569 id
1168 2514 1289 2569 estsine
1305 2513 1430 2580 malitiae,
1452 2512 1487 2566 de
1511 2528 1567 2582 quo
1591 2512 1697 2585 Moyses
1711 2513 1741 2569 in
1822 2548 1829 2566 .

59 2609 149 2680 prebe
170 2611 196 2663 88
219 2613 245 2663 88
265 2610 389 2663 alteram.
411 2608 445 2662 Et
465 2607 592 2663 iterum:
618 2607 698 2663 08888
718 2624 770 2677 pro
788 2622 878 2678 perse·
928 2608 1037 2663 cantico
1052 2607 1289 2665 Deuteronomio:
1313 2609 1350 2661 De
1364 2608 1442 2660 vinee
1461 2606 1644 2669 Sodomorum,
1662 2609 1742 2662 88888

55 2703 202 2773 psentibus
221 2707 246 2757 et
260 2701 488 2756 calumniantibus
499 2703 582 2756 88888.
601 2701 634 2755 Et
657 2702 711 2756 hoc
734 2705 776 2755 est
800 2699 878 2772 quod
928 2718 1029 2757 8888888.
1044 2703 1104 2768 8888ι
1116 2701 1182 2755 vino
1199 2699 1375 2754 inebriantur
1387 2715 1487 2753 omnes
1500 2703 1641 2753 amatores
1655 2716 1738 2753 mun-

62 2795 124 2850 ait:
153 2797 318 2852 fledc'mentcs
344 2799 458 2866 tempas,
484 2797 611 2866 quoniam
634 2796 691 2850 dics
713 2796 781 2850 88818
803 2799 877 2850 8888.
929 2795 967 2851 di.
983 2793 1740 2866 818888188888888888888188808888888888888888888,

61 2890 186 2960 Tempus
196 2889 303 2961 quippe
314 2888 481 2943 redimimus
493 2888 608 2959 quando
617 2890 780 2942 anteactam
790 2887 879 2942 vitam
928 2905 1041 2960 88888888
1056 2892 1123 2944 Deus
1144 2893 1234 2943 888888
1247 2890 1295 2950 est,
1310 2891 1336 2941 88
1349 2886 1480 2956 81888888
1493 2888 1649 2954 contusione
1668 2890 1739 2958 ipso-

62 2982 99 3037 ad
124 2981 296 3037 memoriam
315 2982 490 3049 reducimus,
507 2985 536 3035 et
563 2997 677 3052 eaquae
696 2980 880 3052 negligenter
928 2999 988 3038 88888
1003 2984 1051 3053 888
1064 2987 1169 3038 terrena
1181 2983 1302 3052 sapiant.

61 3075 268 3142 commisimus,
285 3074 381 3129 tiendo
397 3075 541 3146 punimus,
558 3073 634 3146 quod
650 3073 741 3146 iniqui
756 3091 792 3129 ne
807 3091 876 3146 qua-

61 3184 150 3240 quam
164 3169 284 3236 faciunt,
297 3168 411 3223 dicente
425 3168 565 3240 propheta
582 3186 588 3223 :
608 3171 671 3227 Viri
682 3132 916 3240 sanguinrcrnetC
963 3169 1121 3235 8888888888
1148 3184 1353 3226 8888888888888
1376 3183 1499 3239 rennuis,
1522 3183 1554 3224 ar
1580 3184 1693 3249 8888888,
1710 3183 1741 3228 88

62 3261 214 3317 8181888888
224 3262 407 3316 dimidiabant
420 3263 476 3318 dies
498 3277 571 3318 suos.
587 3262 718 3329 Quoniam
739 3264 797 3318 dies
812 3262 879 3318 mati
928 3280 1051 3321 88888888
1088 3279 1282 3321 securrissima.
1313 3263 1366 3326 Qui
1399 3262 1566 3317 abstinuerit
1584 3264 1689 3331 asino,
1715 3269 1744 3319 et

60 3361 135 3412 sant.
148 3357 293 3421 Quantum
302 3355 339 3410 ad
350 3356 503 3423 rationem,
513 3359 542 3410 et
550 3356 707 3427 spiritalem
719 3355 879 3427 intelligen·
928 3358 1033 3430 Spiritu
1048 3364 1142 3413 sancto
1155 3357 1278 3428 repletus
1290 3356 1387 3423 fucrit,
1402 3357 1496 3409 omnia
1505 3356 1560 3410 ista
1572 3358 1678 3427 repleta
1690 3355 1743 3428 [lta

62 3450 134 3505 tiam
145 3450 281 3522 pertinet,
294 3448 516 3504 dieshoniaDeo
527 3450 675 3515 8888888888,
686 3449 799 3504 dicente
810 3449 880 3506 Scri·
930 3451 1004 3524 cod]
1022 3451 1134 3522 impleri
1149 3450 1261 3520 poterit.
1285 3449 1400 3517 Psalmi,
1417 3452 1445 3502 88
1457 3449 1570 3519 hymni,
1589 3455 1617 3503 et
1631 3450 1742 3505 cantica

61 3546 163 3616 ptura:
176 3545 430 3599 ViditDeascuacta
443 3560 502 3614 8888
510 3546 701 3612 secit,eterant
709 3544 788 3598 881818
799 3544 877 3598 bona.
928 3544 1097 3614 inpsalterio
1107 3544 1291 3614 reperiuntur
1303 3559 1311 3610 ;
1326 3542 1375 3596 sed
1387 3541 1461 3597 inter
1470 3543 1613 3612 psalmum
1626 3544 1742 3615 ethym-

61 3637 156 3692 llahes
171 3636 199 3691 in
213 3637 286 3693 libro
300 3637 403 3693 Genesi
418 3638 565 3708 seriptum,
583 3636 649 3708 quia
664 3652 715 3707 per
730 3636 879 3690 intervalla
929 3655 999 3692 num
1009 3639 1063 3693 hoc
1075 3637 1202 3703 interest,
1217 3635 1292 3707 quod
1307 3637 1431 3707 psalmus
1445 3635 1565 3707 pertinet
1576 3636 1611 3690 ad
1627 3653 1741 3708 corpus,

61 3729 184 3786 dierum'
196 3732 269 3786 Deus
288 3736 390 3787 cuncta
407 3731 523 3786 crearit.
547 3731 581 3785 Et
602 3729 704 3785 dicitur
722 3729 784 3784 ibi:
805 3730 880 3785 Vidit
929 3732 996 3803 quia
1010 3748 1062 3802 per
1076 3747 1215 3803 organum
1229 3729 1356 3800 corporis
1370 3727 1487 3784 discitur
1500 3728 1623 3800 qualiter
1642 3747 1741 3803 perve-

61 3826 132 3880 Deas
145 3829 241 3880 8888888
254 3840 314 3894 qua
327 3827 403 3892 88888,
418 3831 443 3880 88
468 3829 546 3880 88888
563 3824 642 3879 vaide
660 3825 738 3878 dona.
760 3823 788 3878 Si
810 3839 878 3894 ergo
931 3825 1025 3880 niatur
1038 3825 1073 3879 ad
1087 3840 1228 3896 organum
1244 3823 1370 3893 mentis;
1387 3823 1511 3894 hymnus
1534 3839 1601 3878 vero
1620 3825 1743 3896 pertinet

62 3923 166 3973 cuneta
185 3934 249 3989 qua
272 3917 341 3973 fecit
357 3918 520 3974 Deusvalde
536 3917 751 3985 bonainerunt,
768 3920 881 3989 ergoet
929 3920 965 3974 ad
977 3919 1157 3988 orationem3
1174 3918 1315 3973 canticum
1329 3917 1367 3972 ad
1380 3917 1492 3972 laudem
1506 3917 1566 3972 Dei.
1581 3918 1609 3973 Si
1623 3935 1689 3973 vero
1701 3920 1742 3974 al-

64 4011 126 4066 dios
144 4010 224 4066 honi.
248 4012 305 4067 Sed
325 4012 391 4067 vitio
411 4011 562 4067 hominum
583 4011 729 4083 depravati
753 4014 829 4080 sunt,
852 4015 881 4066 88
929 4014 985 4069 tius
994 4012 1152 4084 intelligere
1166 4011 1297 4080 volueris,
1309 4010 1434 4082 psalmus
1447 4011 1571 4081 pertinet
1582 4012 1616 4067 ad
1630 4029 1742 4084 corpus,
1764 4006 1769 4012 ⁵

63 4104 132 4161 lacti
147 4109 214 4160 sunt
229 4105 289 4160 dies
305 4106 383 4161 mali.
399 4106 433 4162 Et
447 4106 515 4178 quid
532 4105 650 4161 dicam?
671 4123 703 4160 888
717 4123 773 4178 quo
789 4106 880 4161 Adam
930 4107 1054 4180 hymnus
1075 4106 1111 4160 ad
1125 4106 1238 4161 larrdem
1263 4104 1320 4174 Dei,
1342 4104 1483 4159 cauticum
1498 4103 1532 4159 ad
1548 4105 1743 4161 fortitudinem

60 4198 93 4254 in
117 4199 251 4272 paradiso
271 4201 409 4271 peccavit,
434 4217 583 4272 nunquam
606 4200 723 4256 suerunt
743 4200 803 4255 dies
827 4199 881 4255 nisi
931 4206 960 4257 88
970 4202 1102 4256 virtutem
1115 4199 1174 4254 Dei.
1185 4202 1219 4254 Et
1228 4205 1294 4253 nota
1306 4198 1372 4269 quia
1382 4214 1447 4252 curu
1460 4197 1526 4252 dicit
1532 4198 1655 4266 psalmis,
1664 4200 1742 4268 18888-

60 4292 140 4348 mali.
155 4293 315 4348 Nascuntur
332 4295 423 4365 pueri,
438 4296 578 4366 aploratu
592 4294 734 4366 incipiunt
748 4297 777 4349 et
791 4312 808 4349 a
826 4294 880 4348 mi·
930 4299 982 4359 888,
996 4300 1021 4350 88
1034 4296 1156 4357 canticis,
1170 4292 1277 4347 addidit
1289 4292 1469 4361 spiritalibus,
1485 4289 1560 4361 quod
1574 4290 1670 4362 utique
1685 4307 1744 4347 non

63 4386 149 4456 seria,
166 4388 240 4441 fiunt
255 4387 283 4441 hi
295 4387 356 4442 dies
369 4387 434 4442 mali
448 4388 617 4444 calamitatis
633 4404 701 4442 sure.
720 4388 784 4441 llaec
800 4389 879 4458 luge·
930 4389 1050 4458 fecisset,
1065 4387 1120 4442 nisi
1135 4387 1230 4441 essent
1244 4383 1353 4439 cantica
1366 4400 1431 4454 quae
1445 4399 1502 4437 non
1516 4386 1582 4437 sunt
1596 4382 1743 4456 spiritalia,

63 4479 116 4536 hat
126 4481 269 4552 propheta
282 4498 346 4536 cum
362 4481 487 4536 diceret:
506 4484 565 4537 Heu
586 4484 644 4537 me!
663 4483 729 4552 88888
747 4481 881 4535 incolatus
891 4503 920 4574 D
932 4482 1003 4536 sicut
1014 4485 1080 4535 sunt
1089 4478 1216 4534 carmina
1230 4482 1389 4550 poetarum,
1410 4475 1483 4530 dieta
1497 4476 1743 4550 philosophorum,

63 4590 139 4630 meas
149 4576 328 4646 prolongatas
341 4581 388 4631 est.
408 4574 486 4640 Quos
505 4575 565 4630 dies
582 4575 726 4629 redimere
743 4574 882 4629 debemus
932 4574 1038 4630 cantica
1051 4571 1205 4642 luxuriosa,
1221 4576 1250 4627 et
1261 4571 1346 4626 verba
1362 4570 1452 4625 risum
1464 4571 1615 4640 moventia,
1632 4573 1745 4643 88888881

64 4668 248 4737 abstinendo,
256 4669 428 4741 jejunando,
439 4670 558 4735 orando,
569 4669 726 4740 vigilando,
741 4671 770 4722 81
780 4673 882 4723 catera
932 4685 993 4724 rem
1006 4684 1065 4723 non
1078 4666 1231 4738 pertinent,
1247 4670 1276 4720 et
1288 4665 1450 4720 scurrilitas.
1466 4665 1495 4720 lu
1518 4681 1614 4722 8888888
1630 4681 1746 4725 88888888-

64 4779 130 4834 qua
141 4763 281 4818 Dominus
288 4762 372 4832 jussit
385 4763 543 4834 implendo.
559 4761 642 4827 Quod
655 4762 703 4833 qui
714 4762 791 4829 lacit,
806 4761 882 4816 redi·
932 4778 979 4819 res
993 4779 1018 4818 88
1033 4776 1165 4818 connisus
1181 4774 1302 4817 88888888.
1318 4759 1439 4814 ttudiaut
1452 4758 1506 4816 hoc
1521 4759 1611 4830 pueri,
1631 4759 1747 4815 audiant

63 4856 118 4912 mit
129 4856 189 4912 dies
201 4859 301 4923 malos,
314 4859 342 4911 81
356 4856 425 4911 88888
435 4874 491 4911 non
506 4857 655 4928 praesentis
670 4857 818 4928 temporis,
832 4855 883 4911 sed
931 4857 1130 4924 adolescentes,
1152 4858 1180 4910 et
1206 4853 1298 4909 omnis
1319 4854 1388 4908 ordo
1411 4852 1619 4921 ecclesiasticus,
1639 4853 1743 4924 quihus

62 4938 165 5018 futuri,
182 4949 242 5005 dies
257 4951 358 5005 honos.
371 4953 401 5005 ln
413 4953 526 5005 tantum
540 4951 636 5021 utjam
647 4967 705 5007 non
720 4951 822 5022 plurali
834 4967 883 5004 uu·
933 4950 1059 5006 officium
1077 4949 1216 5021 psallendi
1229 4944 1411 5002 commissum
1423 4949 1465 5001 est
1477 4946 1506 5000 in
1519 4944 1649 5015 Ecclesia,
1660 4948 1693 5002 ut
1706 4946 1744 5003 si·

63 5060 148 5100 mero
162 5043 223 5099 dies
238 5043 359 5099 dicatur.
370 5046 409 5099 De
424 5061 479 5116 qua
488 5045 630 5116 propheta
646 5062 652 5100 :
669 5045 765 5103 Melior
774 5050 813 5100 888
825 5045 882 5100 81888
932 5049 980 5100 888
990 5043 1115 5116 psallunt
1126 5059 1184 5114 ore,
1196 5041 1315 5115 psallere
1326 5040 1434 5095 discant
1446 5044 1474 5095 88
1486 5038 1580 5111 888818,
1591 5056 1627 5096 ne
1635 5035 1746 5099 dicatur

63 5155 122 5194 8888
136 5139 166 5192 88
176 5141 255 5194 atriis
266 5141 322 5193 tais
336 5153 416 5209 super
427 5138 526 5193 millia.
933 5139 967 5195 de
980 5138 1034 5193 illis
1050 5155 1057 5193 :
1072 5139 1189 5209 Populus
1211 5137 1253 5191 hie
1276 5134 1356 5189 labiis
1377 5148 1418 5188 me
1441 5134 1565 5198 88888888,
1586 5149 1631 5190 888
1656 5141 1747 5193 autem

103 5234 273 5300 Proernam,
295 5248 389 5288 888888
409 5248 480 5288 rrum
498 5248 693 5289 88888888888.
714 5231 883 5303 imprudens
932 5249 1022 5289 888888
1035 5233 1110 5302 18888
1123 5236 1188 5287 esta
1201 5246 1251 5284 me.
1267 5230 1399 5285 Ecentre
1414 5227 1496 5282 multi
1512 5228 1638 5300 psallunt
1650 5229 1744 5303 corde,

65 5330 112 5384 888
118 5326 165 5381 8118
171 5327 259 5381 homo
274 5326 321 5400 qui
330 5326 533 5398 nonprospicit
542 5325 593 5381 sibi
606 5325 681 5381 viam
695 5342 752 5397 qua
762 5324 882 5397 88881888
932 5332 961 5382 88
972 5344 1030 5382 non
1042 5326 1165 5399 psallunt
1179 5339 1238 5378 ore.
1252 5322 1381 5380 clamant
1394 5321 1488 5392 corde,
1505 5320 1588 5380 silent
1597 5341 1654 5381 ore.
1670 5326 1746 5382 Sicut

66 5420 183 5488 debeat,
198 5437 234 5476 ne
251 5419 389 5489 offendat,
404 5419 453 5475 sed
471 5423 553 5476 caute
571 5420 709 5475 ambulet.
729 5421 789 5477 Non
805 5421 885 5491 88888
933 5420 980 5475 8118
1005 5419 1124 5475 faciebat
1145 5417 1190 5471 cui
1216 5415 1338 5471 dicitur:
1356 5416 1427 5483 088881
1451 5416 1553 5474 8188888
1577 5419 1615 5473 ad
1634 5419 1699 5473 me?
1723 5419 1745 5473 Ε

64 5517 234 5587 insipientes,
250 5515 297 5570 sed
311 5519 341 5570 at
354 5517 499 5585 sapientes.
515 5512 684 5585 Imprudens
700 5512 804 5584 estqui
825 5530 883 5568 non
933 5519 1008 5568 certe
1024 5511 1063 5566 ibi
1076 5526 1135 5565 non
1149 5513 1191 5564 est
1203 5507 1352 5581 scripturn,
1368 5508 1437 5581 quid
1457 5509 1602 5565 clamasset
1615 5510 1721 5579 ldoyses
1734 5525 1743 5579 3

66 5608 186 5665 8881888888
195 5611 311 5682 tempus
325 5612 355 5664 88
364 5609 425 5663 dies
440 5610 532 5664 malos
552 5607 589 5662 ad
609 5599 810 5680 paenitentiam
831 5606 885 5663 sibi
933 5606 981 5662 sed
1005 5604 1152 5673 clamabat,
1176 5607 1205 5659 et
1227 5603 1311 5659 corde
1337 5603 1486 5671 clamabat,
1510 5607 1539 5658 et
1553 5600 1615 5656 ideo
1638 5599 1705 5657 dicit
1717 5599 1744 5658 88

67 5719 230 5773 concessos,
238 5703 274 5759 de
296 5703 398 5776 quihus
415 5703 565 5775 Apostolus
581 5719 587 5757 :
606 5704 720 5773 8888888
737 5705 803 5774 qaia
830 5718 883 5775 pa·
933 5703 1006 5757 Deus
1022 5717 1028 5755 :
1044 5699 1115 5768 08881
1129 5699 1229 5755 ammas
1240 5697 1278 5755 ad
1291 5699 1352 5754 me?
1376 5697 1441 5753 ldcc
1454 5694 1556 5750 melius
1571 5697 1612 5748 est
1624 5693 1746 5765 psallere

67 5800 167 5860 8888888
185 5796 284 5856 8188881
302 5799 493 5870 penitentiam
510 5799 700 5870 8888888888
713 5795 885 5875 imprudens
934 5795 1027 5869 corde,
1044 5793 1292 5869 stercorantem
1305 5797 1398 5851 8888888
1412 5787 1505 5859 carde,
1516 5786 1634 5860 88811888
1646 5804 1702 5851 888.
1712 5791 1747 5854 Et
