3884 6150
160 267 192 318 is
446 262 474 317 S.
493 255 585 317 rom.
605 251 700 315 PAPAE
718 257 753 313 lil
773 256 875 312 EPIST.
897 256 940 312 dii
959 253 1137 312 misceres
1154 257 1336 314 GEltilANlAE
1355 257 1396 315 ΕΤ
1413 256 1552 317 GALLIAE.
1808 263 1838 316 lo

156 374 286 428 testatem
298 368 447 443 pontificii,
461 374 511 426 aut
522 368 639 441 ligandi,
653 371 702 423 aut
714 365 840 423 solvendi
852 362 892 423 cis
906 383 971 423 nor·
982 379 1010 453 Α
1020 364 1134 421 difficile
1147 366 1233 423 fuerit
1252 373 1301 428 aut
1321 372 1440 442 propter
1457 368 1611 424 instantem
1631 368 1837 440 necessitatem,

156 481 234 523 mam
247 463 373 534 tradidit,
388 464 437 521 sed
458 461 611 520 successori
630 477 681 517 suo
703 463 800 517 sancta
822 460 968 530 Clementi,
1018 464 1068 516 aut
1082 465 1200 534 prepter
1223 462 1338 539 itmeris·
1351 463 1570 536 longitudinem,
1591 462 1716 518 dinibus
1742 467 1839 520 tamen

155 557 205 632 qui
228 557 324 615 sedem
348 556 532 630 apostolicam
557 558 621 627 post
645 571 722 626 eum,
749 559 776 611 et
801 556 970 627 potestatem
1020 554 1230 611 omnimedisin
1243 556 1367 629 idipsum
1380 557 1663 628 convenientibus,et
1676 556 1839 613 absentibus

154 651 356 724 pontificalem,
372 647 565 707 tradentesibi
578 649 661 705 beato
676 650 769 717 Petro,
785 653 883 705 tenere
899 665 968 720 pro·
1019 663 1133 720 quoquo
1159 649 1221 720 pari
1245 649 1332 705 mado
1355 649 1581 719 decernentibus,
1603 653 1632 705 ct
1660 667 1712 722 per
1735 650 1838 722 scripta

155 747 270 804 meruit.
284 747 368 803 Linus
380 761 446 800 vera
457 748 485 799 et
497 743 591 798 Cletus
605 742 802 798 ministrabant
816 743 967 813 exteriora,
1019 743 1271 812 consentientibus,
1282 748 1351 799 tunc
1366 743 1507 799 ordinatio
1522 743 1690 801 celebratur.
1707 743 1837 801 Finnitas

153 837 591 914 princepsautemapostolerum
600 836 794 893 Petrusrerba
808 841 837 892 et
847 836 970 892 orationi
1018 839 1113 890 autem
1123 852 1223 892 eorum
1238 853 1302 909 qum
1315 842 1452 909 gerentur
1463 853 1515 909 per
1526 854 1759 910 unamquamque
1772 856 1837 911 pra·

131 984 134 989 .
153 933 299 991 insistebat
314 950 321 989 :
336 949 400 1005 qum
413 949 471 988 uon
484 931 641 1003 incongrue
657 930 692 986 ad
705 929 889 986 traditionem
903 929 967 1003 Spi-
1018 928 1149 1001 vinciam,
1169 930 1389 1002 metropolitana
1413 932 1553 987 tribuatur
1566 931 1709 1004 episcopo.
1736 933 1837 988 Omnia

153 1027 224 1085 ritus
232 1026 318 1083 sancti
329 1043 381 1098 per
390 1041 491 1081 manus
499 1024 712 1096 impositionem
725 1024 878 1095 pertinent.
888 1023 967 1079 Unde
1018 1038 1132 1095 quoque
1149 1025 1273 1080 maxima
1293 1024 1411 1080 concilia
1430 1024 1583 1092 affirmant,
1603 1042 1669 1081 cum
1696 1042 1754 1080 non
1776 1044 1836 1084 csse

153 1126 182 1177 et
191 1120 221 1176 in
231 1120 344 1176 Actibus
351 1119 545 1192 apostolarum
554 1119 694 1191 scriptum
707 1118 828 1174 habetur
841 1117 965 1189 (Artem
1017 1116 1193 1189 episcopum,
1209 1118 1257 1190 qui
1270 1118 1365 1174 minus
1378 1136 1463 1191 quam
1476 1136 1492 1173 a
1503 1119 1595 1174 tribus
1609 1119 1758 1191 episcopis,
1768 1137 1833 1175 auc-

152 1216 212 1275 noa
233 1220 273 1271 est
294 1229 410 1284 equiem,
433 1228 481 1269 aas
501 1213 652 1283 relinquere
669 1213 777 1267 emtum
797 1213 854 1274 Dei,
881 1215 906 1266 et
918 1214 968 1266 mi·
1016 1209 1129 1265 taritate
1138 1212 1222 1267 etiam
1236 1212 1459 1284 metropolitani,
1474 1212 1662 1267 fueritlactus
1674 1213 1833 1285 episcopus.

150 1310 270 1365 nistrare
288 1309 395 1363 mmsis.
417 1306 594 1378 Quapropter
614 1304 792 1377 septuaginta
806 1304 886 1359 electi
901 1307 967 1359 sunt
1017 1301 1138 1375 Ideoque
1164 1305 1228 1360 illos
1248 1322 1320 1378 quos
1343 1305 1561 1378 chorepiscopos
1581 1306 1696 1377 uocatis,
1719 1307 1786 1377 quia
1799 1307 1833 1361 ab

152 1401 291 1475 discipuli,
306 1401 355 1474 qui
368 1401 508 1456 exteriora
522 1403 700 1473 peragerent,
724 1398 778 1471 ipsi
799 1415 867 1453 rere
887 1415 967 1471 apos·
1017 1410 1074 1450 una
1088 1397 1309 1471 [utendivimust
1335 1399 1408 1454 sirint
1431 1398 1574 1471 episcopa,
1601 1399 1750 1471 episcopos
1774 1417 1831 1455 non

150 1495 202 1554 tali
215 1494 301 1550 rerba
317 1477 348 1550 ‘et
371 1493 493 1550 orationi
511 1493 689 1562 insisterent3
704 1491 770 1548 inde
790 1497 818 1548 et
836 1492 866 1547 in
880 1493 967 1548 Eran—
1016 1504 1087 1563 esse,
1105 1506 1157 1547 nee
1171 1491 1276 1565 aliquid
1290 1493 1325 1549 dc
1339 1492 1494 1565 pontificali
1515 1492 1663 1564 priuilegio
1682 1510 1766 1564 agere
1782 1494 1832 1549 de-

151 1588 225 1662 gelia
243 1588 399 1643 secuudum
419 1588 523 1642 Lucam
542 1586 679 1658 seriptum
699 1589 741 1641 est
761 1585 818 1641 ita:
832 1587 895 1641 Post
910 1587 966 1642 dec
999 1582 1091 1654 bere,
1105 1586 1286 1658 perspicuum
1304 1591 1355 1642 est.
1375 1587 1516 1652 Quoniam
1535 1587 1558 1641 si
1580 1602 1686 1642 nornen
1707 1604 1766 1642 nan
1779 1587 1831 1642 ha·

149 1687 240 1740 eutem
251 1682 404 1753 designavit
414 1683 541 1738 Darniaus
555 1686 580 1737 et
592 1682 660 1737 alias
668 1683 841 1753 septuaginta
854 1681 931 1744 duas,
940 1685 966 1736 et
1010 1670 1091 1748 beat,
1112 1680 1257 1751 quamodo
1279 1679 1405 1736 officium
1423 1685 1543 1752 possunt
1562 1681 1667 1736 habere
1690 1680 1832 1753 [iacerclt

148 1777 224 1832 misit
244 1778 306 1832 ittas
326 1778 400 1832 binas
422 1779 485 1830 aute
501 1777 600 1842 factem
624 1791 702 1830 suam
723 1776 753 1829 in
775 1790 876 1830 amttam
897 1776 963 1828 aici—
976 1759 1003 1830 Β
1016 1770 1046 1825 Si
1059 1787 1128 1844 ergo
1148 1774 1272 1847 episcopi
1292 1791 1353 1830 nou
1371 1780 1447 1846 suut,
1468 1774 1674 1847 etpresbyteri
1697 1775 1830 1848 (quarum

149 1874 232 1927 tatem
243 1875 268 1926 et
278 1870 373 1933 lencm,
383 1884 435 1940 aaa
443 1870 712 1940 eratipseoeatarus.
722 1870 758 1924 Et
767 1867 873 1924 dicebat
887 1867 963 1923 illis.-
1013 1863 1102 1921 vicem
1116 1874 1228 1938 gerunt,
1240 1869 1306 1941 quiin
1320 1869 1354 1924 ad
1368 1869 1532 1941 exemplum
1543 1874 1571 1924 et
1583 1870 1706 1924 sormam
1719 1874 1831 1942 septua-

148 1966 241 2023 Messio
249 1964 357 2035 quidem
363 1963 459 2026 eruite,
468 1964 587 2034 operarii
592 1967 680 2018 autem
689 1964 782 2033 pauci.
792 1965 893 2032 Regale
901 1977 963 2032 erga
1014 1958 1092 2031 ginta
1101 1960 1170 2017 olim
1184 1962 1296 2036 fiebant)
1311 1980 1371 2019 csse
1381 1963 1549 2035 despiciunt,
1564 1964 1633 2036 quid
1646 1969 1730 2018 eruut
1739 1964 1752 2018 t
1762 1965 1830 2019 Pro-

147 2057 285 2115 damiaum
297 2058 399 2123 memb,
413 2059 445 2113 ut
458 2058 550 2111 mittut
564 2057 738 2127 operariasio
751 2071 859 2111 messem
873 2070 962 2111 suam
1012 2051 1085 2109 lecta
1098 2055 1174 2127 quod
1188 2056 1297 2112 ratione
1310 2061 1395 2125 caret,
1410 2061 1460 2112 aut
1472 2057 1546 2112 nihil
1559 2062 1609 2112 aut
1628 2074 1730 2128 pamm
1747 2074 1829 2129 prar-

145 2154 194 2210 lte.
208 2155 274 2210 Ecce
296 2167 343 2222 ega
362 2151 439 2207 mitta
452 2166 496 2206 aas
511 2153 581 2206 sicut
594 2165 676 2220 agrees
691 2152 762 2206 inter
775 2150 859 2221 lupas.
874 2150 963 2217 Nolite
1012 2162 1058 2201 sus
1071 2154 1122 2203 est.
1134 2148 1163 2204 Si
1176 2150 1239 2221 quis
1252 2150 1286 2206 de
1298 2151 1344 2205 his
1356 2151 1488 2223 amplius,
1500 2156 1527 2206 ct
1541 2151 1618 2223 quad
1633 2151 1696 2206 lieri
1709 2167 1767 2206 uon
1782 2151 1829 2206 de·

142 2250 254 2317 portare
269 2246 415 2308 saccutum,
433 2260 517 2316 oeque
534 2260 640 2315 perora,
660 2259 744 2314 neque
761 2245 960 2311 calceamenta3
1010 2239 1104 2311 beant,
1119 2242 1240 2299 voluerit
1251 2243 1331 2315 scire,
1345 2244 1422 2315 legat
1434 2243 1635 2316 praedictarum
1655 2244 1828 2316 apostolica·

145 2343 171 2395 st
189 2341 320 2394 neminem
337 2355 387 2409 per
408 2340 482 2394 aiem
507 2339 703 2393 salutaverit-is.
724 2339 756 2393 Ia
775 2352 961 2407 quamcunque
1010 2350 1075 2390 rum
1090 2335 1208 2406 [damasi
1220 2336 1326 2393 scilicet
1337 2343 1365 2394 et
1378 2338 1487 2410 Leonis)
1500 2339 1622 2407 decreta,
1638 2343 1666 2394 et
1683 2338 1722 2392 ibi
1741 2355 1824 2410 repe-

144 2432 252 2488 demum
264 2434 440 2495 intraveritis,
453 2434 573 2503 primam
586 2432 688 2486 dicite:
705 2432 766 2487 Pae
778 2431 841 2486 duic
856 2431 958 2485 damni.
1009 2427 1321 2504 rict.licquibusaliqua
1330 2431 1825 2504 ethicinsererc,dignumduximus.

143 2528 179 2584 Et
190 2528 216 2582 si
226 2528 266 2582 tbi
276 2528 361 2596 tuerit
373 2527 446 2597 filius
458 2528 545 2598 pacis,
560 2527 705 2596 requiescet
716 2540 797 2596 super
811 2525 890 2579 illum
901 2541 960 2595 poa
1046 2522 1089 2576 lll.
1098 2522 1127 2577 Si
1140 2524 1519 2580 Dominidcsidcramusesse
1534 2524 1661 2597 discipuli
1677 2526 1723 2596 (a),
1736 2524 1825 2595 ipsius

142 2626 245 2688 vestrm
259 2624 302 2676 sio
316 2625 416 2684 auteur,
430 2621 468 2676 ad
487 2635 532 2676 eas
544 2623 701 2676 reuertatur.
713 2621 746 2675 In
761 2618 854 2674 eadem
869 2623 959 2674 uatem
1009 2613 1154 2671 imitcnmr
1174 2617 1300 2688 vestigia,
1320 2622 1351 2674 ut
1370 2618 1504 2674 donabis
1525 2617 1634 2673 dicatur
1659 2635 1665 2672 :
1685 2621 1740 2686 Eua
1765 2634 1826 2671 sum

141 2713 219 2771 dama
234 2719 347 2777 manete,
361 2715 466 2770 edentes
479 2719 504 2770 et
517 2715 632 2769 bibentes
646 2713 788 2784 quoeopud
805 2713 867 2768 illas
884 2717 958 2768 sant.
1006 2714 1102 2779 pastor
1118 2710 1212 2773 barrus,
1226 2716 1251 2766 et
1264 2727 1378 2779 regnosco
1397 2728 1456 2766 aces
1473 2728 1556 2775 raeces,
1571 2717 1596 2767 et
1607 2727 1670 2766 aaca
1683 2727 1728 2766 eas
1742 2714 1825 2765 namt-

140 2810 243 2879 Dtpaus
259 2820 297 2866 est
308 2810 380 2864 euim
388 2806 720 2879 operariusmercedesua.
733 2807 823 2865 Nolite
842 2800 959 2861 trarzs'ire
1009 2804 1105 2864 actim,
1126 2808 1152 2858 et
1169 2810 1332 2872 cognoscunt
1351 2821 1392 2859 arc
1410 2821 1481 2868 mee,
1507 2805 1660 2877 etreliqua
1681 2805 1767 2875 (loon.
1783 2807 1822 2874 n).

141 2902 423 2958 dedamaiadamum.
435 2900 849 2971 Etinouamcunqueciaitatem
868 2902 957 2954 intro·
1008 2895 1041 2950 Et
1055 2895 1168 2965 iterum,
1190 2901 1324 2952 monente
1341 2897 1489 2954 dominica
1512 2898 1589 2953 vocis
1610 2898 1742 2970 imperio,
1765 2914 1822 2969 qua

138 2998 242 3059 amite,
256 3000 282 3050 et
295 2996 459 3065 susceperint
467 3008 523 3057 aas,
539 2993 772 3063 manducatorem
784 2996 958 3063 apponantur
1007 2986 1182 3044 beatissimus
1194 2991 1338 3061 apostolus
1352 2993 1450 3047 Petrus
1466 2992 1542 3047 trina
1563 2992 1710 3064 repetiens
1722 2991 1822 3062 mysti-

138 3088 222 3152 aabis,
238 3092 264 3143 et
283 3091 375 3143 curate
391 3089 509 3158 infirmas
532 3089 581 3157 qui
600 3089 629 3141 tn
650 3087 700 3141 illa
726 3090 800 3150 aaut,
824 3091 850 3141 et
875 3086 956 3142 dicite
966 3129 993 3204 C
1007 3095 1046 3136 coe
1059 3082 1210 3137 sanctionis
1228 3083 1366 3140 imbuitur
1386 3085 1473 3155 (Jaan.
1493 3086 1565 3157 ult.),
1580 3089 1613 3140 ut
1630 3085 1733 3140 Christi
1745 3101 1821 3155 ores,

138 3183 215 3239 sites:
231 3183 469 3254 repropinquare
482 3183 512 3237 in
520 3197 565 3237 aas
578 3197 690 3250 reguum
701 3183 756 3237 Dei.
768 3183 800 3237 ln
811 3196 957 3251 quamcun-
1005 3174 1054 3246 qui
1069 3176 1212 3232 Christum
1224 3183 1310 3248 amat,
1329 3178 1480 3250 diligenter
1500 3184 1528 3234 et
1547 3195 1612 3234 cum
1636 3196 1741 3250 magna
1755 3197 1822 3234 cura

138 3291 190 3348 que
201 3281 292 3332 autem
304 3277 439 3331 civitatem
446 3277 624 3338 intraveritis,
639 3279 665 3329 et
676 3290 729 3329 nan
741 3276 888 3345 receperint
899 3290 954 3338 aas,
1004 3273 1108 3341 pascat,
1123 3272 1258 3343 quoniam
1272 3272 1358 3344 ipsius
1370 3277 1473 3328 sanctas
1492 3273 1563 3328 sedis
1587 3273 1641 3344 (crui
1664 3291 1715 3345 per
1728 3274 1821 3329 abun-

138 3373 262 3427 sreuntes
273 3371 302 3423 ia
316 3369 424 3440 plateas
440 3369 506 3439 cias,
526 3369 608 3423 dicite
623 3386 631 3422 ε
646 3370 740 3424 Etiam
750 3369 889 3438 puluerem
908 3370 957 3438 qai
1004 3361 1129 3418 danliam
1152 3364 1253 3420 divinae
1271 3366 1367 3437 gratiae
1388 3371 1554 3438 praesumus)
1575 3367 1662 3440 ipsius
1681 3373 1821 3423 emarcet

136 3462 251 3520 adhesit
264 3462 339 3519 nabis
351 3462 610 3525 decivitateaestra,
624 3463 824 3532 cctergimusiu
835 3477 890 3517 eas.
905 3464 955 3517 To·
1004 3457 1158 3511 reverentia
1172 3463 1358 3530 coarctamur,
1378 3466 1410 3516 ut
1421 3465 1506 3516 tantae
1520 3460 1739 3532 superstitionis,
1755 3477 1817 3531 quae

136 3573 197 3614 mm
208 3559 256 3613 bac
269 3560 370 3619 scitote,
384 3560 449 3627 quia
460 3557 691 3628 appropinquabit
699 3571 810 3625 reprom
821 3557 879 3611 Dei.
891 3557 953 3610 Dico
1002 3549 1108 3604 nullius
1123 3551 1163 3621 (ut
1176 3567 1249 3623 saepe
1262 3552 1369 3610 dictum
1384 3555 1434 3625 est)
1449 3554 1566 3610 fulcitur
1579 3554 1758 3624 auctoritate,
1773 3571 1820 3625 pe-

136 3651 220 3714 catis,
236 3653 301 3720 quia
315 3650 436 3708 Sodomis
450 3652 480 3705 ia
493 3651 543 3705 itta
558 3649 602 3704 die
614 3651 811 3704 remissiorem
822 3650 955 3719 promitti
1002 3641 1123 3698 ricultuu
1138 3644 1286 3715 (quantum
1304 3648 1463 3719 possumus)
1484 3647 1665 3717 declinemus,
1687 3664 1722 3702 ne
1744 3647 1820 3703 beati

137 3745 245 3801 ciuitati
258 3741 331 3813 (Lac.
347 3743 385 3814 x).
398 3743 432 3798 Et
440 3742 470 3797 iu
482 3741 611 3798 lilatthaeo
625 3740 797 3812 evangelista
810 3745 852 3797 est
866 3758 872 3796 :
887 3744 953 3798 Ecce
1002 3736 1130 3808 magistri
1142 3740 1231 3794 nostri
1243 3740 1319 3795 Petri
1332 3740 1437 3795 summi
1450 3740 1702 3813 apostalidilectio,
1718 3757 1775 3812 qua
1788 3757 1818 3796 se

136 3851 184 3908 epa
198 3838 332 3892 mitteres
345 3837 415 3891 sieut
428 3850 487 3891 aues
502 3837 531 3889 ia
543 3835 630 3890 media
643 3835 778 3905 luparum.
791 3837 882 3890 Estote
890 3851 952 3906 erga
1001 3833 1157 3886 amatorem
1170 3832 1218 3887 Dei
1233 3849 1292 3889 esso
1306 3838 1422 3889 testatus
1445 3839 1495 3902 ost,
1522 3851 1593 3889 vana
1615 3834 1776 3889 invematur
1789 3835 1819 3890 ia

132 3929 278 4002 prradentas
289 3929 359 3984 sicrd
371 3932 514 4000 serpentes,
533 3932 559 3983 et
575 3928 710 4009 simplic&
728 3929 798 3983 sicat
812 3928 950 3984 columbe.
1000 3923 1082 3979 nobis
1097 3941 1104 3979 :
1118 3925 1255 3997 quoniam
1280 3927 1374 3981 amuis
1394 3928 1576 3999 negligenter
1596 3945 1712 3999 pascens
1733 3929 1818 3984 toties

136 4023 334 4081 cavereaarem
347 4020 555 4076 abdominibus.
571 4020 689 4076 Tradeat
703 4022 774 4075 enim
788 4036 833 4076 aas
845 4023 875 4075 in
887 4037 950 4077 aaa·
1000 4018 1230 4075 commendatum
1239 4019 1292 4074 sibi
1305 4020 1481 4076 dominicum
1495 4037 1623 4093 gregem,
1639 4022 1817 4078 convincitur

135 4114 251 4179 sitisset
263 4117 293 4171 ia
306 4117 450 4185 synagogis
463 4115 519 4170 sm's
532 4113 864 4184 flagellabantuasretad
878 4131 951 4186 repes
999 4127 1144 4167 summum
1165 4130 1224 4168 non
1245 4130 1340 4168 amare
1363 4119 1515 4186 pastorem,
1542 4132 1593 4170 nec
1613 4115 1674 4186 ejus
1693 4115 1765 4170 velle
1787 4131 1816 4171 se

134 4200 299 4282 atproestdas
310 4209 446 4265 ducemini
454 4212 568 4280 propter
581 4224 632 4270 me,
647 4210 676 4262 ia
692 4210 870 4264 testimoniam
894 4210 950 4264 iilis
999 4203 1168 4276 discipulum
1178 4205 1250 4277 sieri,
1261 4207 1480 4280 quusenempla
1490 4208 1736 4279 negligitimitari.
1746 4210 1816 4263 Nam

133 4306 160 4359 et
173 4304 306 4375 gentibue.
330 4304 396 4365 Cum
416 4306 507 4358 autem
529 4301 639 4357 tradent
652 4316 708 4365 aas,
732 4302 813 4357 nolite
833 4304 950 4372 cogitare
1000 4298 1091 4369 gralia
1103 4316 1219 4371 prorsus
1231 4301 1323 4372 major
1334 4302 1499 4374 acquiritur,
1512 4303 1535 4357 si
1545 4303 1579 4358 de
1588 4303 1744 4357 commissis
1759 4303 1815 4357 ovi·

132 4398 262 4467 quomado
276 4401 325 4454 ort
343 4397 410 4469 quid
439 4396 598 4467 loquamini.
617 4395 733 4451 Dabitur
744 4397 813 4450 enim
833 4396 907 4452 sabis
920 4398 950 4451 in
997 4390 1051 4447 hus
1063 4382 1176 4449 lucrum
1191 4394 1290 4450 olierat
1302 4395 1419 4451 domiuo
1434 4395 1593 4451 sollicitudo
1605 4396 1735 4467 pastoris.
1745 4397 1815 4452 Nam

132 4488 338 4559 titubaraauid
352 4489 1027 4577 loquamini.Narentmaasestisquttaqui·1)et
1045 4487 1160 4543 beatum
1181 4489 1275 4559 Jacob,
1296 4488 1346 4559 qui
1364 4506 1416 4562 pra
1438 4491 1575 4546 uxoribus
1595 4490 1644 4544 diu
1666 4491 1809 4558 servierat,

131 4581 211 4645 mint,
224 4581 273 4637 sed
284 4580 404 4652 Spiritus
416 4582 507 4637 Patris
518 4583 602 4639 vestri
616 4584 665 4652 qui
677 4582 797 4653 laquear
813 4584 842 4636 in
861 4584 945 4639 aabts.
997 4580 1100 4638 dixisse
1121 4581 1303 4637 meminimus
1321 4582 1425 4653 (Graes.
1440 4585 1513 4655 xxxi)
1532 4602 1538 4639 :
1558 4586 1663 4652 Viginti
1675 4587 1757 4639 arenis
1769 4588 1814 4652 stri

135 4674 235 4733 Tradet
255 4679 344 4730 autem
368 4677 459 4742 frater
480 4675 597 4742 fratrem
620 4676 650 4728 in
671 4680 791 4739 inertem,
819 4682 844 4733 et
866 4683 948 4747 pater
998 4681 1083 4730 tecam
1099 4692 1178 4731 :aves
1190 4682 1276 4732 laert
1288 4692 1375 4748 caprea
1388 4679 1492 4733 steriles
1504 4680 1681 4746 narrfuerrmt
1695 4697 1703 4731 r
1715 4681 1812 4734 arides

130 4768 227 4841 fitium,
241 4774 267 4823 et
279 4770 421 4835 insurgent
433 4767 486 4837 filii
499 4768 527 4821 in
538 4771 678 4837 parentes,
693 4772 717 4822 et
730 4772 813 4823 marte
827 4785 869 4825 eas
883 4773 945 4841 utfi-
996 4772 1085 4838 gregis
1096 4773 1137 4825 tui
1146 4786 1200 4825 non
1210 4771 1321 4835 comedi,
1333 4788 1380 4826 nec
1391 4778 1523 4843 capturae
1534 4773 1618 4827 bestia
1629 4773 1734 4827 ostendi
1744 4773 1810 4828 titi:

132 4862 210 4917 aient.
232 4863 268 4916 Et
286 4862 362 4916 eritis
379 4860 440 4915 adia
458 4861 582 4915 amnibus
601 4864 714 4930 propter
735 4875 831 4916 namen
848 4879 944 4918 meare.
997 4865 1183 4933 coadunatim
1196 4879 1272 4920 amne
1283 4866 1438 4928 reddebam,
1455 4871 1480 4920 et
1499 4867 1617 4936 quiquid
1632 4868 1709 4933 sarta
1723 4867 1812 4935 perte-

130 4952 184 5023 eas
204 4959 293 5010 uatem
311 4955 524 5024 perseveraverit
536 4968 622 5024 usqae
633 4951 770 5024 intrem,
791 4955 834 5009 bic
854 4957 946 5013 soloas
996 4962 1050 5021 rat,
1066 4975 1084 5012 a
1095 4974 1136 5013 me
1148 4958 1283 5026 reiectas.
1299 4960 1348 5013 lite
1360 4964 1493 5029 noctuque
1505 4964 1571 5014 aestu
1585 4959 1685 5013 urebar
1701 4964 1726 5013 et
1737 4960 1808 5026 geter,

128 5048 182 5104 erit
193 5047 298 5118 (narrt.
312 5047 350 5120 x).
363 5047 466 5102 Linum
479 5063 602 5119 namque
616 5050 644 5101 et
661 5046 771 5102 Clutum
786 5047 859 5103 nihil
872 5050 943 5121 legi·
994 5053 1119 5120 sapiebat
1130 5067 1238 5108 sepinas
1251 5053 1286 5106 ab
1309 5053 1393 5107 aculis
1411 5055 1486 5107 mais.
1502 5053 1531 5108 Si
1547 5052 1636 5124 igitur
1650 5053 1687 5107 sic
1701 5053 1810 5108 laborat

128 5144 177 5197 tur
191 5156 319 5213 unquam
332 5140 530 5211 expontidcali
544 5140 701 5195 ministeria
716 5140 807 5212 egisse
820 5146 944 5214 potesta·
995 5150 1024 5200 et
1043 5146 1150 5217 vigilat,
1172 5145 1221 5218 quii
1246 5146 1335 5216 pascit
1358 5162 1423 5201 oves
1444 5146 1548 5215 Laban,
1568 5140 1674 5219 quanta
1701 5146 1807 5214 labare,

127 5232 183 5291 tire
199 5250 206 5289 ε
222 5233 269 5289 sed
283 5239 422 5306 quantum
433 5233 474 5289 eis
492 5233 599 5289 abeato
615 5234 699 5289 Petro
716 5234 942 5306 praecipiebatur,
994 5239 1161 5311 quantisque
1178 5237 1282 5310 vigiliis
1294 5238 1377 5294 debet
1399 5239 1556 5308 intendere,
1580 5240 1628 5311 qui
1641 5240 1731 5311 pascit
1744 5256 1809 5296 ares

126 5331 239 5384 tantum
251 5327 431 5383 solummodo
445 5326 577 5399 agebant.
591 5327 660 5382 liam
672 5332 701 5383 et
713 5326 742 5382 iu
755 5345 863 5384 canone
876 5330 945 5402 legi·
993 5329 1064 5387 licii
1078 5333 1132 5388 Sed
1145 5333 1176 5387 in
1189 5332 1233 5386 his
1246 5332 1378 5387 amnibus
1391 5333 1451 5405 ipse
1468 5349 1522 5388 nos
1542 5333 1672 5401 instruat,
1693 5332 1743 5405 qui
1755 5351 1807 5405 pro
1908 5366 1915 5376 ·

123 5426 175 5479 tur
199 5421 311 5478 Nicaena
339 5421 452 5492 [Niaaeni
478 5422 586 5476 concilii
611 5437 671 5477 can.
691 5423 717 5493 4)
747 5438 753 5476 :
773 5422 943 5497 Episcopum
993 5423 1052 5479 suis
1063 5424 1141 5481 dedit
1155 5427 1255 5482 avibus
1267 5427 1403 5495 animam,
1418 5432 1446 5482 et
1457 5426 1570 5497 adjuvet
1583 5443 1645 5493 uas,
1661 5433 1692 5482 ut
1714 5426 1748 5481 de
1762 5427 1808 5481 his

110 5531 248 5590 ,namque
262 5515 394 5571 convenit
407 5515 530 5571 maxime
544 5516 661 5588 quidem
680 5515 715 5571 ab
738 5516 870 5572 omuibus
893 5518 942 5591 qui
992 5518 1042 5591 qul
1055 5519 1137 5575 nobis
1148 5521 1290 5577 commissi
1304 5521 1513 5589 sunt,lructum
1525 5520 1712 5593 multiplicem
1722 5519 1807 5592 [mul-

124 5611 233 5670 smrtin
249 5608 396 5685 provincia
415 5609 553 5683 episcopis
571 5609 706 5668 ordinari.
725 5609 756 5666 Si
776 5615 872 5668 autem
886 5612 941 5669 hoc
991 5611 1120 5688 tiplicetl,
1140 5628 1172 5670 ae
1190 5632 1354 5673 mensuram
1373 5614 1626 5689 supereffluentem
1645 5615 1681 5672 ad
1700 5618 1805 5673 aeterua

161 5788 198 5864 ta)
212 5788 323 5848 tiemari
338 5800 420 5865 papa
432 5787 546 5865 epistola
561 5793 586 5864 a,
602 5789 660 5850 imo
673 5790 834 5868 impostoris
849 5789 1008 5851 ldercataris
1019 5790 1133 5868 ineptus
1146 5798 1238 5856 ceute.
1252 5793 1333 5859 Luam
