3884 6150
125 267 191 323 rou
470 230 1451 325 iusruumurcrssnnscva.t1e.v,nr.vv,1.nrxriuv.
1732 256 1799 313 voca

122 370 305 429 manifestare
320 369 493 428 voluntatem
509 371 539 427 in
557 370 666 443 scriptis
684 370 859 442 deproperet.
875 368 936 423 Dat.
948 367 1063 452 Atebat
1082 383 1134 438 par
1152 370 1324 439 praesentem
1350 364 1524 421 sanctionem
1550 367 1579 418 ct
1598 362 1676 419 vobis
1695 363 1800 436 ubique

123 463 297 523 constantin.
321 464 381 520 ital.
404 464 500 520 Octob.
527 468 592 538 post
614 463 721 520 consul.
743 460 889 534 liampadii
907 465 938 517 et
986 465 1128 518 terrarum
1139 459 1238 532 positis
1253 457 1470 531 religiosissimis
1485 457 1623 530 episcopis
1636 458 1697 513 hac
1708 457 1800 513 lacere

121 558 229 617 Orestis
241 574 285 612 vv.
302 574 344 614 cc.
359 573 431 613 coss.
447 561 507 613 531.
987 553 1144 624 manifeste,
1165 556 1315 625 propterea
1337 556 1542 624 congregantes
1563 567 1628 623 quta
1650 550 1686 605 ad
1707 549 1800 623 ipsam

441 665 508 721 χχχ
525 665 622 720 χχχιχ,
987 647 1140 720 pertinent,
1149 646 1326 720 expositione
1339 646 1437 702 latiore
1450 645 1566 714 sancita,
1576 644 1662 700 etiam
1671 644 1801 701 camdem

160 736 238 792 ldeffl
254 739 405 808 Augustus·
988 741 1114 798 divinam
1126 739 1356 796 constitutionem
1370 739 1490 795 fecimus
1501 739 1536 792 ad
1550 754 1609 807 vos,
1623 740 1657 792 ut
1669 737 1800 792 sacerdo-

160 830 311 886 Differessie
319 829 436 885 d⁰¹11111⁰
443 829 567 901 recipere
574 829 788 901 emphyteuma,
794 827 938 884 licentiam
987 835 1074 892 talem
1086 838 1279 889 conservantes
1292 831 1488 895 reverentiam,
1504 836 1532 886 et
1544 829 1728 885 continentia
1740 835 1800 885 stu·

122 924 212 980 habet
230 923 411 994 emphyteuta
425 923 592 995 consignare
610 923 716 995 ipsum,
730 925 760 976 et
778 923 937 978 Constanti·
988 928 1069 998 diost,
1083 928 1145 982 haeo
1156 926 1327 995 custodiatis,
1341 930 1402 981 tam
1415 925 1512 997 magni
1526 924 1577 979 Dei
1590 927 1702 978 metum
1715 939 1802 994 quam

123 1016 220 1089 nopoli
243 1015 358 1088 quidem
377 1015 407 1072 in
426 1015 483 1070 fine
504 1016 618 1072 triennii
636 1014 787 1071 contestari
801 1014 831 1070 id
844 1014 939 1086 ipsum
988 1020 1169 1092 imperialem
1179 1018 1415 1091 indignationem,
1432 1019 1455 1073 si
1470 1017 1540 1090 quid
1559 1017 1663 1072 horum
1682 1020 1800 1088 praetcr-

124 1110 200 1182 apnd
215 1110 376 1181 hyparchos
399 1108 457 1182 [seu
477 1109 624 1182 prefectos
640 1108 785 1181 pretorio]
800 1112 850 1163 aut
862 1108 940 1180 apud
988 1113 1132 1181 miseritis,
1156 1113 1376 1169 considerantes.
1400 1113 1461 1167 Dat.
1481 1111 1542 1167 ltal.
1565 1111 1643 1179 Nou,
1665 1111 1729 1180 GP,
1750 1109 1800 1166 du.
1887 1164 1890 1176 ,

123 1203 290 1276 praetectum
300 1202 444 1273 urbis,aut
456 1207 663 1275 competentem
675 1200 940 1273 recusantismagis-
987 1206 1088 1263 lustin.
1105 1222 1132 1260 1v
1146 1209 1174 1261 et
1187 1205 1303 1261 Paulino
1318 1221 1388 1260 coss.
1406 1205 1466 1260 tat.

123 1302 243 1363 tratum,
260 1300 309 1354 aut
323 1296 524 1367 patriarcham,
540 1295 563 1350 si
575 1295 705 1352 dominus
724 1296 811 1351 homo
829 1295 866 1349 sit
887 1311 938 1366 po·
1303 1304 1366 1359 ιΕχ
1384 1303 1494 1358 mlv.

124 1393 189 1446 tens
205 1406 211 1444 :
227 1389 256 1445 in
277 1389 428 1462 provinciis
441 1393 537 1445 autem
558 1389 633 1460 apud
654 1388 815 1461 presidem,
834 1392 893 1457 aut,
906 1403 940 1443 eo
1024 1394 1103 1451 ldem
1113 1395 1257 1465 Augustus
1266 1390 1424 1464 Epiphanio
1433 1390 1609 1445 sanctissimo
1619 1390 1804 1464 archiepisco

124 1499 185 1539 non
205 1487 334 1539 morante
346 1482 396 1553 ihi,
412 1483 487 1554 apud
505 1482 692 1552 defensorem,
708 1485 757 1537 aut
778 1480 941 1553 episcopum
988 1505 1026 1561 po
1035 1487 1121 1559 hujus
1133 1485 1305 1542 felicissimae
1319 1485 1406 1554 urbis,
1418 1488 1446 1540 et
1457 1485 1610 1539 universali
1624 1484 1802 1555 patriarchae.

126 1576 256 1644 civitatis,
269 1576 298 1631 in
311 1593 367 1648 qua
379 1581 422 1632 est
433 1575 456 1630 is
469 1575 518 1648 qui
532 1578 660 1646 recusat3
675 1580 703 1631 et
716 1574 801 1630 unius
813 1575 941 1647 iptorum
1025 1580 1184 1637 Certissima
1202 1578 1343 1634 credimus
1364 1577 1431 1649 quia
1452 1578 1630 1633 sacerdotum
1644 1577 1761 1648 puritas,
1777 1583 1806 1632 et

125 1685 269 1725 assumere
283 1668 461 1725 testationem
475 1686 482 1723 :
498 1685 530 1723 80
547 1668 602 1724 nisi
616 1673 666 1724 aut
679 1668 716 1724 sic
736 1668 876 1740 acceperit
895 1684 938 1723 ὓδ-
990 1676 1084 1743 decus,
1096 1677 1125 1729 et
1133 1673 1169 1728 ad
1181 1671 1328 1727 dominum
1345 1671 1432 1726 Deum
1445 1675 1474 1725 et
1487 1670 1663 1727 Salvatorem
1676 1673 1806 1725 nostrum

126 1779 243 1831 nonem,
265 1779 355 1818 canon
378 1762 505 1832 solvitur,
527 1767 556 1819 et
576 1763 703 1818 lucratur
722 1777 862 1819 canonem
880 1777 939 1817 em·
950 1747 979 1819 B
990 1771 1084 1825 iesum
1098 1766 1242 1823 Christum
1258 1764 1363 1832 fervor,
1380 1768 1409 1819 ct
1422 1763 1457 1819 ab
1471 1763 1538 1835 ipsis
1554 1763 1648 1818 rnissae
1660 1768 1806 1836 perpetuae

126 1857 266 1928 phyteuta
283 1856 368 1911 ctiam
381 1856 525 1927 sequentis
544 1855 690 1928 temporis,
704 1858 733 1911 et
746 1865 868 1927 eousque
883 1871 941 1927 quo
990 1878 1097 1935 preces,
1109 1860 1232 1915 multum
1245 1859 1371 1914 favorem
1384 1861 1489 1913 nostrae
1500 1856 1661 1929 reipublice
1674 1862 1703 1911 et
1716 1856 1806 1912 incre·

127 1949 262 2005 dominus
275 1949 369 2005 mittat
381 1966 433 2021 per
442 1948 620 2005 testationem
633 1949 770 2021 petitum:
787 1948 890 2004 exinde
904 1952 943 2004 et·
990 1959 1121 2013 mentum
1130 1952 1270 2026 praebent,
1282 1966 1335 2024 per
1347 1967 1417 2023 quas
1431 1950 1515 2005 datur
1525 1949 1618 2019 nobis,
1632 1953 1660 2006 et
1671 1949 1806 2005 barbaros

126 2042 216 2112 enim,
231 2058 291 2098 non
304 2047 399 2098 autem
413 2058 448 2098 ex
462 2041 606 2113 preterito
620 2046 758 2114 tempore,
772 2041 900 2114 accipiet,
914 2045 943 2097 et
991 2047 1156 2119 subjugare,
1168 2050 1197 2101 et
1207 2046 1237 2100 in
1251 2044 1411 2100 dominium
1424 2042 1555 2115 redigere
1568 2042 1631 2098 illos
1645 2059 1710 2115 quaa
1724 2047 1807 2098 antea
1825 2070 1831 2080 =

127 2139 193 2207 post
206 2134 362 2191 triennium
375 2139 439 2206 post
450 2135 660 2191 attestationem
674 2133 813 2207 ejusmodi
825 2133 941 2191 indevo·
992 2158 1050 2197 non
1063 2140 1254 2208 obtinuimus;
1268 2143 1296 2194 et
1309 2142 1414 2210 quanto
1427 2138 1491 2209 plus
1506 2136 1590 2192 rebus
1603 2137 1717 2192 illorum
1731 2152 1807 2192 aocc-

126 2232 190 2286 tum
199 2229 413 2301 emphyteutam
426 2228 567 2300 expellere
580 2227 693 2300 poterit.
992 2235 1034 2292 dit
1051 2234 1207 2290 honestatis
1230 2237 1259 2288 et
1279 2231 1396 2300 decoris,
1410 2235 1490 2287 tanto
1514 2230 1608 2302 magis
1629 2235 1657 2286 et
1678 2235 1807 2286 nostram

438 2336 502 2390 LEX
520 2336 632 2392 lllllllll.
992 2327 1197 2400 rempublicam
1206 2323 1503 2398 eugericrcdimus.Si
1510 2323 1585 2379 enirn
1594 2323 1808 2395 hipraetulerint

165 2421 244 2478 Idem
260 2424 402 2496 Augustus
423 2422 528 2497 ubique
545 2429 688 2481 terrarum
708 2423 869 2482 constitutis
887 2424 945 2496 epi·
992 2422 1080 2479 vitam
1089 2422 1248 2491 honestam,
1259 2424 1288 2475 et
1296 2419 1420 2490 undique
1430 2417 1717 2491 irreprehensibilem,
1725 2421 1753 2472 et
1765 2432 1809 2472 re-

129 2515 230 2588 scopis.
993 2516 1105 2590 liquum
1115 2515 1253 2587 populum
1265 2512 1458 2580 instruxerint,
1468 2517 1500 2568 ut
1511 2512 1535 2567 is
1549 2512 1585 2567 ad
1597 2511 1712 2567 illorum
1723 2511 1809 2565 hone·

166 2608 280 2665 Sacram
291 2609 410 2666 fecimus
419 2612 945 2684 constitutionem,neminipermitten·
994 2613 1096 2665 statem
1109 2607 1272 2681 respiciens,
1283 2606 1381 2661 multis
1393 2605 1515 2677 peccatis
1527 2605 1677 2671 abstineat,
1689 2604 1809 2675 planum

130 2705 182 2769 tes,
198 2719 289 2775 neque
302 2703 419 2760 invitam
432 2705 593 2775 mulierem,
607 2705 748 2775 ancillam,
765 2710 815 2761 aut
827 2705 946 2760 liberam
995 2701 1127 2774 estquod
1142 2700 1208 2757 inde
1223 2703 1252 2755 et
1263 2699 1369 2754 anirnae
1384 2697 1516 2753 omnibus
1528 2697 1659 2752 meliores
1672 2700 1765 2760 erunt,
1781 2699 1810 2750 et

129 2795 160 2851 in
174 2812 298 2864 scenam,
313 2801 362 2853 aut
377 2799 552 2854 orchestram
570 2800 755 2869 pertrahere3
773 2814 944 2871 ncquecon·
994 2795 1075 2851 tacite
1096 2794 1179 2850 nobis
1197 2780 1371 2848 tribuetura
1391 2790 1517 2847 marimo
1539 2792 1594 2846 beo
1617 2794 1646 2846 ct
1666 2789 1810 2845 Salvatore

129 2890 201 2944 verti
216 2890 368 2961 volentem,
379 2891 530 2962 prohibere
541 2908 604 2948 eam
612 2892 672 2965 ejus
679 2892 858 2963 fidejussores
865 2891 947 2964 quasi
995 2892 1091 2945 nostro
1104 2890 1169 2944 lesu
1183 2886 1291 2943 Christo
1304 2885 1456 2941 clementia
1468 2883 1649 2940 conveniens.

131 2999 217 3054 super
229 2983 281 3038 hoc
294 2983 355 3056 ipso
364 2989 473 3041 certum
485 2985 547 3040 auri
559 2985 944 3058 modumpromissumrepe-
1030 2983 1158 3055 §illaec
1172 2980 1261 3053 igitur
1272 2978 1354 3035 nobis
1369 2977 1576 3050 speculantibus
1585 2976 1747 3032 nuntiatum
1757 2979 1810 3045 est,

131 3075 234 3143 tendo;
249 3078 296 3132 sed
316 3077 338 3132 si
351 3078 420 3150 quid
432 3079 488 3134 talc
500 3079 608 3135 iactum
619 3078 715 3149 fuerit,
732 3078 875 3151 prohiberi
884 3078 945 3133 haec
956 3116 983 3191 C
995 3079 1098 3149 praeter
1111 3089 1292 3130 communem
1307 3088 1403 3128 rerum
1415 3071 1511 3138 fidem,
1526 3070 1664 3142 quosdam
1677 3086 1712 3126 cx
1730 3085 1810 3125 reve-

132 3173 160 3225 et
172 3186 189 3223 e
202 3170 362 3226 clarissimis
374 3172 586 3244 provinciarum
600 3171 945 3244 praesidibusctacivita-
995 3168 1169 3226 rendissimis
1190 3166 1324 3234 diaconis,
1346 3167 1472 3238 itemque
1494 3163 1666 3236 presbyteris
1681 3164 1759 3234 (nam
1777 3178 1811 3218 eo

131 3266 194 3318 tum
219 3262 413 3334 religiossimis
443 3265 593 3338 episcopis,
616 3266 825 3334 constituimus,
847 3265 946 3339 dantes
994 3256 1810 3335 ampliusatiamdicereerubescimus‚Deoamantissimos,

131 3355 277 3411 licentiam
286 3355 504 3428 religiosissimis
517 3357 664 3430 episcopis,
678 3374 737 3412 una
752 3374 818 3413 cum
827 3356 946 3412 clarissi·
994 3371 1098 3428 nempe
1111 3355 1276 3426 episcopos),
1287 3352 1436 3424 quosdam,
1453 3352 1582 3421 inquam,
1595 3367 1631 3404 ex
1641 3349 1685 3404 his
1695 3365 1752 3403 non
1762 3365 1810 3403 ve-

131 3466 180 3504 mo
200 3448 353 3524 provinciae
368 3449 499 3521 praeside,
514 3451 598 3506 etiam
620 3450 721 3506 invitos
739 3451 849 3506 trahere
867 3451 902 3505 ad
916 3465 946 3505 se
995 3452 1104 3518 rentur,
1120 3446 1169 3501 alii
1183 3445 1300 3518 quidem
1325 3461 1378 3517 per
1397 3444 1503 3514 seipsos
1521 3443 1606 3498 cubos
1621 3459 1672 3498 seu
1692 3446 1811 3497 tcsscras

132 3559 181 3599 eos
192 3543 243 3615 qui
255 3542 458 3615 compulerint,
472 3548 521 3599 aut
535 3544 584 3616 qui
597 3544 702 3600 mutari
715 3560 764 3600 seu
774 3545 899 3600 converti
911 3543 946 3598 ab
996 3543 1180 3608 contrectare,
1195 3543 1222 3595 et
1245 3538 1315 3593 adeo
1335 3535 1503 3609 pudendum
1525 3539 1612 3607 atque
1632 3535 1701 3607 ipsis
1727 3535 1812 3590 etiam

133 3653 167 3692 ea
185 3637 294 3691 actione
313 3637 528 3707 prohihueriut3
545 3643 575 3692 ct
594 3637 738 3709 publicam
756 3637 872 3709 quidem
885 3636 947 3692 ilari
995 3633 1090 3690 idiotis
1108 3650 1125 3687 a
1146 3632 1229 3687 nobis
1242 3631 1407 3703 frequenter
1420 3629 1601 3685 interdictum
1622 3628 1813 3701 spectaculum

133 3746 232 3786 corum
252 3730 448 3799 substantiam,
469 3730 544 3802 ipsos
565 3747 631 3786 vero
654 3730 766 3786 civitate
784 3730 898 3802 expelli.
919 3729 948 3785 Si
996 3726 1182 3800 participare;
1196 3725 1242 3780 alii
1249 3741 1316 3780 vero
1326 3724 1413 3780 talem
1426 3722 1526 3778 ludum
1538 3739 1596 3777 non
1609 3727 1751 3790 accusant,
1763 3722 1812 3778 sed

131 3840 199 3880 vero
214 3824 263 3896 qui
275 3823 451 3896 provinciam
465 3823 541 3897 regit
556 3823 615 3898 ipse
628 3824 663 3880 sit
680 3825 729 3896 qui
740 3840 786 3880 eas
798 3823 946 3896 compule-
995 3823 1040 3877 vel
1052 3819 1262 3876 communicant
1277 3817 1454 3886 facientibus,
1464 3821 1513 3873 aut
1528 3816 1628 3872 sedent
1641 3817 1813 3888 spectatores

131 3916 179 3985 rit,
195 3921 244 3973 aut
262 3935 279 3973 a
295 3917 430 3990 predicta
446 3917 554 3973 actione
576 3918 787 3973 conversionem
806 3934 856 3973 seu
876 3917 945 3973 resi·
997 3919 1076 3970 actus
1090 3912 1234 3981 indecori3
1259 3917 1287 3969 et
1311 3916 1439 3983 spectant
1459 3910 1576 3982 quidem
1596 3926 1661 3965 cum
1683 3908 1814 3964 audiute

132 4009 299 4083 piscentiam
318 4009 505 4082 prohibuerit,
524 4011 624 4066 ἀειωιιε
649 4010 803 4080 boentiam,
826 4014 854 4066 ct
874 4010 948 4065 solos
997 4007 1160 4064 omnimoda
1170 4023 1215 4062 res
1225 4004 1355 4061 omniurn
1369 4021 1465 4061 rerum
1477 4003 1814 4075 importunissimas3ser·

132 4103 360 4175 religiosissimos
373 4104 518 4176 episcopos
530 4104 607 4160 adire
625 4121 697 4173 cam,
715 4121 780 4177 quaa
793 4104 863 4160 talia
874 4103 947 4175 pati·
997 4118 1095 4158 mones
1113 4116 1179 4157 vero
1192 4099 1312 4175 audiunt
1325 4098 1515 4170 blasphemos,
1530 4114 1601 4168 quos
1615 4096 1645 4151 in
1655 4095 1757 4151 talibus
1766 4111 1815 4150 nc-

134 4200 191 4266 tur,
215 4201 265 4251 aut
279 4197 340 4267 ejus
360 4197 564 4269 fidejussorem,
584 4198 661 4253 hunc
678 4214 745 4253 vero
765 4195 948 4270 tepiscopum)
998 4199 1123 4252 cesseest
1134 4194 1213 4260 tieri;
1227 4194 1360 4265 polluunt
1369 4192 1455 4247 etiam
1469 4207 1532 4245 suas
1545 4205 1658 4257 manus,
1669 4191 1698 4243 et
1707 4187 1813 4255 oculos,

134 4290 276 4345 adversari
290 4291 489 4362 magistratum
509 4292 634 4360 habenti,
656 4296 685 4347 et
705 4308 762 4346 nou
784 4290 948 4363 permittere
998 4293 1026 4345 et
1039 4304 1121 4344 aures
1139 4287 1178 4342 sic
1199 4284 1340 4340 damnatis
1361 4287 1389 4339 et
1408 4282 1559 4355 prohibitis
1573 4281 1664 4350 ludis;
1688 4279 1735 4335 alii
1748 4296 1815 4336 vero

135 4383 241 4454 injuste
256 4399 340 4455 agere
346 4402 355 4453 ;
372 4388 422 4439 eut
436 4383 459 4439 si
470 4384 565 4439 minus
578 4383 685 4439 fuerint
697 4384 732 4438 ad
749 4383 779 4438 id
792 4399 948 4455 exsequcn·
998 4397 1091 4453 neque
1101 4379 1228 4448 obscure,
1241 4380 1291 4433 aut
1302 4379 1434 4445 latenter,
1447 4381 1497 4431 aut
1508 4391 1647 4447 equorum
1657 4373 1816 4437 certamini

135 4475 205 4531 dum
218 4481 358 4548 potentes,
373 4475 497 4533 indicare
518 4477 547 4531 id
566 4480 662 4532 nostro
675 4475 804 4548 imperio,
821 4480 880 4531 uta
895 4492 948 4531 no·
958 4492 989 4567 D
998 4474 1052 4529 bus
1070 4489 1099 4529 sc
1122 4472 1292 4542 immiscent,
1306 4474 1356 4527 aut
1371 4470 1455 4526 etiam
1469 4469 1590 4525 invitant
1609 4469 1717 4540 aliquos
1731 4483 1816 4538 super

134 4569 178 4625 bie
190 4575 354 4642 competens
374 4574 541 4627 exerceatur
558 4587 651 4643 poena,
674 4568 901 4641 fidejussionibus
910 4568 949 4624 si·
1000 4582 1139 4640 equorum
1154 4565 1351 4638 profligatione
1363 4570 1412 4621 aut
1424 4563 1551 4634 victoria,
1565 4563 1608 4619 vel
1622 4578 1674 4635 per
1686 4578 1715 4617 se
1728 4561 1815 4633 ipsos,

135 4663 197 4719 mul
216 4663 378 4735 liberandis,
399 4668 428 4719 ct
446 4663 658 4735 fidejussoribus
678 4661 861 4718 indemnibus
883 4677 950 4718 con·
1000 4662 1043 4717 vel
1061 4677 1113 4733 per
1135 4660 1204 4716 alios
1225 4658 1374 4732 quosdam,
1386 4663 1419 4714 ut
1433 4657 1501 4731 quia
1522 4673 1579 4712 non
1603 4656 1735 4712 decenter
1750 4655 1816 4711 talia

135 4757 287 4826 servandis,
300 4757 442 4813 licentiam
455 4758 552 4813 dantes
561 4756 705 4812 conversis
714 4755 880 4828 hujusmodi
887 4771 951 4810 mu·
1001 4755 1110 4825 ludant,
1125 4759 1175 4809 aut
1193 4753 1379 4820 scenicorum,
1392 4733 1436 4808 rel
1451 4751 1664 4824 thymelitarum
1678 4753 1816 4823 spectato-

135 4850 253 4907 lieribus
265 4851 360 4906 liberis
373 4854 401 4906 et
412 4850 546 4923 ingenuis
556 4850 740 4907 existentibus
753 4851 788 4906 ad
804 4850 951 4905 matrimo-
1001 4865 1045 4905 res
1057 4849 1131 4904 liunt
1145 4847 1288 4918 ludorum,
1303 4850 1353 4902 eut
1367 4862 1465 4901 varum
1480 4861 1543 4917 quaa
1564 4844 1594 4899 in
1616 4844 1735 4899 theatris
1755 4859 1816 4898 cer·

82 4928 99 4953 '
135 4943 217 5000 nium
230 4945 350 5001 transire
360 4945 531 5018 legitimum,
548 4945 659 5001 etiamsi
671 4944 844 5017 contigerint
863 4944 952 5001 hone·
1001 4943 1124 4999 tantium
1139 4941 1264 4997 terarum
1273 4956 1380 5014 pugna
1392 4939 1475 5009 liunt,
1486 4953 1578 5010 neque
1589 4937 1819 5009 rogitantquem-

136 5037 265 5094 stissimis
279 5040 467 5111 dignitatibus
476 5040 526 5112 qui
534 5038 598 5096 illas
608 5039 741 5095 duxerint
752 5038 884 5110 decorati,
895 5054 952 5094 uon
1002 5035 1155 5091 admodum
1169 5035 1221 5107 ipsi
1239 5036 1283 5089 vel
1304 5034 1348 5089 his
1368 5033 1417 5105 qui
1441 5032 1527 5087 modo
1547 5034 1576 5087 et
1599 5047 1696 5086 recens
1717 5030 1820 5086 initiati

136 5133 258 5203 amplius
282 5133 476 5203 indigentibus
503 5132 697 5205 imperialibus
723 5132 877 5204 rescriptis,
904 5132 953 5189 sed
1002 5132 1108 5184 suntet
1122 5127 1272 5184 adorandis
1287 5126 1428 5198 mysteriis
1441 5125 1561 5196 dignati,
1576 5124 1629 5199 ipsi
1642 5124 1818 5197 praedicunt:

137 5242 187 5280 sua
196 5230 334 5297 potestate
350 5227 465 5300 nuptiae
482 5226 696 5296 celebrantibus,
713 5224 888 5297 nuptialibus
907 5224 952 5280 ni·
1006 5226 1039 5279 Ut
1053 5223 1244 5277 abrenuntient
1257 5221 1411 5275 advesarii
1423 5220 1550 5274 damonia
1560 5220 1654 5282 nutui,
1666 5220 1820 5275 etomnibru

136 5319 244 5374 mirum
266 5319 462 5376 instrumentis
483 5319 646 5375 omnimodo
666 5318 741 5375 inter
764 5319 841 5391 ipsos
862 5317 952 5375 lactis.
999 5318 1107 5388 pompis
1122 5314 1189 5385 ejus,
1204 5328 1325 5386 quarum
1341 5328 1398 5368 uon
1416 5311 1536 5368 minima
1550 5330 1615 5384 pers
1626 5313 1694 5369 talia
1708 5314 1819 5385 specta·

137 5413 297 5486 Eademque
317 5418 345 5470 et
362 5413 397 5469 de
417 5413 527 5469 filiabus
546 5412 721 5468 scenicarum
741 5412 952 5468 constituentes.
1004 5409 1161 5465 culafiunt.

137 5537 172 5547 -
184 5506 201 5578 §
218 5510 243 5563 t.
267 5508 343 5565 Hanc
362 5511 459 5563 autem
482 5507 588 5563 dictam
611 5505 850 5576 constitutionem,
871 5510 900 5561 et
924 5505 954 5560 in
1039 5503 1096 5575 §h
1120 5502 1198 5572 Saepe
1223 5499 1340 5573 quidem
1365 5501 1432 5573 ipsis
1456 5501 1524 5558 talia
1551 5499 1692 5556 custodire
1719 5496 1822 5552 debera

137 5600 238 5674 quinto
250 5601 322 5658 libro
341 5601 470 5657 omnium
488 5600 723 5658 constitutionum
743 5600 830 5671 hujus
851 5598 956 5656 scilicet
1003 5594 1220 5668 praedicavimus
1235 5611 1242 5650 ε
1257 5593 1383 5651 videntes
1402 5598 1497 5651 autem
1520 5594 1555 5649 de
1568 5593 1611 5647 his
1626 5592 1727 5647 sectam
1743 5590 1823 5646 nobis

138 5694 245 5749 nostrae
258 5692 371 5765 pietatis
391 5691 571 5764 cognominis
589 5691 664 5760 libri,
690 5691 725 5746 ad
746 5689 840 5746 civiles
861 5689 953 5762 magi·
1001 5689 1183 5756 tutationem,
1192 5687 1223 5744 in
1232 5688 1427 5746 necessitatem
1441 5687 1591 5743 incidimus
1604 5685 1640 5740 ad
1654 5688 1824 5757 presentem

138 5789 243 5844 stratus
255 5786 434 5862 rescriptam,
448 5785 610 5861 posuimus.
622 5784 764 5852 Quoniam
778 5784 856 5843 enim
870 5799 954 5857 opor-
1005 5782 1137 5845 veniendi
1145 5783 1250 5858 legam,
1258 5786 1320 5840 tum
1329 5786 1445 5857 propter
1454 5783 1583 5838 nocuum
1593 5794 1679 5853 super
1686 5777 1825 5851 religione
