3884 6150
137 261 192 314 393
679 251 721 312 bn
741 252 849 312 tunso
867 254 1053 311 annitendo
1072 252 1275 320 DlSQUlSlTlO.
1776 250 1827 302 394

136 364 261 420 dicaret.
271 364 328 421 Sed
337 358 553 434 etsiinpublicis
564 362 692 417 fidelium
703 362 889 417 conventibus
896 363 958 434 jam
969 362 1039 447 Ala
1050 359 1142 430 primo
1154 376 1187 413 ex
1199 359 1242 412 his
1253 356 1343 412 tribus
1351 352 1430 410 libris
1440 353 1540 410 asserit
1548 354 1730 426 vindicatque
1743 373 1826 410 usum

135 456 207 512 inde
223 459 260 513 ab
276 458 409 513 Ecclesiae
423 456 569 511 nascentis
584 457 700 511 exordio
716 455 819 527 psalmi
838 456 957 527 aliaeque
1009 453 1139 508 Ecclesiae
1161 449 1369 523 Lugdunensis,
1391 465 1455 521 quae
1477 449 1554 503 nulla
1569 448 1696 516 cantica,
1718 448 1772 503 nisi
1794 465 1828 502 ex

137 566 241 622 preces
255 552 384 607 recitata
405 550 471 617 sint,
488 553 587 604 tamen
600 549 868 620 longealiaerateo
883 551 955 602 tern-
1007 545 1136 612 Psalmis,
1164 545 1256 598 nullos
1278 544 1402 614 hymnos
1425 559 1442 596 a
1466 541 1559 612 poetis
1580 541 1709 612 scriptos,
1735 542 1827 596 nullas

137 658 210 713 pore
219 660 309 715 quam
324 643 510 715 subsequenti
521 642 679 713 disciplina.
691 643 789 712 Neque
802 640 880 695 enim
893 658 958 696 can·
1007 643 1200 710 praeterquam
1213 654 1246 691 ex
1260 653 1342 691 secra
1354 635 1500 705 Scriptura
1510 634 1647 689 lectiones
1662 635 1693 689 in
1704 635 1756 688 Dei
1768 635 1828 689 lan-

139 737 224 792 tusin
234 740 363 792 neutuna
373 740 443 804 erat,
454 753 507 790 nee
517 740 595 791 certa
608 735 785 806 psalmorum
795 738 845 789 aut
862 735 958 789 lectio-
1008 730 1090 785 dibus
1105 735 1173 784 tune
1193 728 1374 783 admittebat.
1395 750 1408 777 ιι
1423 726 1481 782 Sed
1496 731 1524 781 et
1536 726 1696 781 reverende
1707 727 1829 782 concilia

139 846 211 884 num
232 831 390 901 dispositio.
415 851 429 879 ιι
451 829 598 883 Primitiva
622 828 748 900 (quippe)
770 828 896 882 Ecclesia
917 827 957 882 ita
1006 820 1825 895 patrum,inquit,decernunt,nequaquamplebeiospsal·

140 923 290 992 psallebat,
317 926 348 976 nt
367 921 481 976 modico
501 922 575 975 llexu
597 920 674 975 vocis
692 921 801 975 faceret
820 936 956 974 resonare
1007 933 1070 971 mos
1084 917 1113 970 in
1129 915 1254 970 Ecclesia
1270 912 1482 979 decantandos,
1495 916 1524 966 et
1537 913 1609 966 nihil
1624 912 1736 983 poetice
1747 928 1825 966 com-

141 1017 321 1086 psallentem,
337 1016 377 1070 ita
388 1019 419 1069 ut
433 1014 634 1085 pronuntianti
649 1013 770 1068 vicinior
780 1017 855 1068 esset
868 1030 955 1084 quam
1006 1010 1132 1081 positum
1140 1009 1168 1062 in
1178 1007 1282 1062 divinis
1294 1006 1426 1060 laudibus
1436 1006 1667 1076 usurpandum.»
1684 1006 1735 1060 llio
1748 1006 1826 1059 locus

143 1109 266 1176 canenti,
282 1129 297 1159 »
313 1108 353 1163 ait
368 1107 501 1162 llabanus
515 1108 544 1161 in
555 1106 603 1161 lib.
622 1106 657 1160 de
674 1106 853 1161 lnstitutione
867 1105 955 1161 Cleri·
1007 1106 1123 1176 respicit
1136 1121 1278 1160 canonem
1297 1103 1501 1158 duodecimum
1525 1102 1638 1157 concilii
1652 1102 1737 1172 primi
1759 1103 1826 1155 Dra·

144 1218 240 1256 corum
260 1218 322 1273 cap.
344 1203 379 1256 48
398 1201 474 1271 (Via.
496 1202 654 1270 Angustia„
672 1216 766 1269 supra,
783 1215 849 1269 pap.
882 1201 954 1270 snt).
1007 1199 1206 1270 emensisque
1216 1196 1390 1265 decernitur,
1403 1200 1435 1252 Ut
1444 1201 1521 1251 aetra
1535 1197 1654 1251 Psalmos
1667 1197 1709 1250 uei
1720 1199 1828 1251 canani-

145 1294 220 1348 ldern
233 1294 328 1348 subdit
342 1294 418 1364 quod
433 1310 465 1346 ex
481 1293 588 1348 Isidoro
597 1293 725 1363 accepit:
742 1294 886 1363 «Propter
898 1308 956 1346 car·
1005 1308 1097 1347 aarum
1108 1294 1310 1361 Scripturarum
1322 1293 1392 1348 Noni
1405 1295 1430 1345 et
1445 1291 1547 1346 Veteris
1564 1291 1734 1352 Testamenti,
1755 1290 1826 1343 nihii

149 1387 221 1440 natos
228 1390 324 1441 autem
335 1386 505 1453 inEcelesia,
514 1403 572 1440 non
581 1389 701 1457 propter
709 1384 880 1455 spirituales,
891 1402 956 1463 con·
1002 1392 1103 1459 poetice
1115 1392 1286 1458 compositam
1298 1391 1328 1442 in
1344 1388 1462 1442 Ecclesia
1475 1387 1622 1456 psallatur,
1636 1389 1705 1440 siout
1722 1391 1747 1440 et
1765 1402 1825 1441 san·

149 1479 258 1534 suetudo
274 1479 412 1533 cantandi
430 1483 473 1532 est
491 1479 635 1543 instituta,
650 1482 681 1532 nt
698 1477 765 1549 quia
782 1477 876 1532 verbis
885 1495 954 1541 ‚non
1005 1485 1043 1537 ati
1066 1485 1228 1553 precipiunt
1248 1497 1368 1548 cationes,
1388 1497 1493 1550 nempe
1525 1477 1639 1534 concilii
1660 1477 1821 1545 Laodiceni,

152 1575 383 1643 compunguntur,
392 1571 529 1626 suavitate
542 1571 747 1626 modulaminis
756 1573 953 1625 moveantur.»
1007 1574 1086 1644 cujus
1096 1591 1189 1630 canon
1201 1577 1234 1628 59
1242 1575 1482 1644 plebeiospsalmos
1493 1570 1654 1626 inEcalesia
1662 1571 1823 1635 canivetat;

152 1667 241 1719 Parum
255 1664 353 1735 itaque
368 1662 463 1737 399
478 1662 630 1718 verisimile
650 1667 693 1717 est
709 1663 740 1716 id
763 1663 839 1734 qnod
860 1663 957 1717 scribit
1007 1683 1059 1721 nec
1075 1667 1145 1721 alios
1157 1666 1245 1721 libros
1260 1669 1360 1722 Praeter
1375 1668 1507 1723 Cononem
1517 1664 1584 1734 legi.
1598 1663 1661 1718 Alia
1674 1663 1729 1717 suit
1739 1662 1822 1717 disei-

155 1761 220 1811 reus
229 1762 328 1812 auctor
343 1757 419 1828 apud
434 1758 653 1827 spelmannum,
666 1756 820 1811 Photininn
841 1756 955 1839 Lugdu·
966 1744 994 1822 B
1006 1760 1085 1830 plina
1098 1759 1210 1813 concilii
1228 1774 1256 1811 iv
1273 1757 1402 1813 Toletani
1419 1757 1449 1810 in
1468 1773 1579 1811 canone
1603 1760 1645 1823 lt,
1662 1755 1718 1809 alia
1735 1755 1822 1809 etiam

159 1865 268 1917 oensem,
284 1854 313 1903 et
325 1850 513 1920 Trophimum
523 1850 721 1903 Arelatensem
732 1849 881 1919 episcopos
894 1867 956 1904 aua·
1006 1851 1197 1922 quorumdam
1212 1849 1310 1905 Gallice
1324 1848 1521 1917 conciliorum,
1537 1853 1568 1902 ut
1580 1847 1762 1918 agathensis,
1775 1864 1821 1901 ca-

85 1920 87 2005 :
159 1947 216 1996 tores
228 1942 325 2011 fnisse,
341 1947 371 1996 ut
385 1959 483 1997 cursus
497 1942 637 1996 Asiaticus
651 1942 680 1995 in
695 1942 752 1995 suis
773 1942 899 1996 ccelesiis
915 1943 956 1996 in·
1006 1961 1081 1998 none
1097 1947 1141 2010 30,
1156 1946 1185 1996 et
1202 1943 1385 2008 Turonensis,
1406 1956 1519 1999 canone
1534 1943 1578 2007 23,
1600 1939 1650 1993 ubi
1666 1939 1777 2010 hyrnni,
1794 1944 1823 1992 et

85 2048 87 2055 ·
161 2036 314 2091 stitueretur.
324 2036 386 2090 alia
397 2035 728 2106 proindeejusreiorigo
738 2035 952 2105 quaerendaest.
1006 2036 1123 2107 quidem
1136 2035 1320 2090 ambrosiani
1333 2035 1369 2090 ad
1384 2032 1576 2090 ecclesiastica
1587 2032 1682 2087 officia
1695 2032 1819 2103 proban·

184 2131 218 2182 ii.
234 2129 272 2182 De
284 2127 484 2199 Lugdunensis
493 2127 620 2181 eeclesiae
632 2144 715 2181 cursu
728 2127 798 2181 nihil
811 2127 955 2199 antiquins
1004 2135 1061 2199 tur,
1074 2133 1133 2187 imo
1147 2136 1177 2186 et
1190 2133 1312 2201 aliorum
1327 2135 1491 2200 auctorum,
1505 2134 1552 2201 qui
1565 2131 1642 2200 digni
1656 2134 1720 2183 sunt
1730 2132 1820 2196 torma

163 2221 259 2275 annrrit
270 2219 747 2292 quamquodlegiturincollatione
755 2220 954 2291 episcoporum
1004 2229 1122 2280 carita-ri.
1135 2225 1304 2296 Agabardus
1321 2223 1415 2297 401
1435 2224 1525 2291 addit,
1541 2222 1627 2277 cuivis
1642 2226 1742 2277 contra
1755 2238 1819 2275 sen·

164 2328 219 2368 enno
232 2315 283 2368 499
300 2313 503 2368 habitaroram
514 2313 692 2369 Gundobado
704 2313 953 2384 Bnrgnndiaerege
1006 2318 1088 2372 tienti
1106 2319 1235 2372 sufficere
1255 2319 1370 2386 debere,
1385 2317 1462 2388 quod
1487 2339 1501 2365 «
1521 2316 1593 2370 sicut
1613 2315 1643 2368 in
1664 2314 1764 2368 diebus
1785 2313 1821 2367 ad

163 2405 413 2461 edrersueArienos.
430 2407 605 2477 Designataa
616 2423 684 2477 rege
699 2406 813 2461 collatio
824 2406 861 2460 ad
876 2407 954 2461 diem
1004 2411 1105 2465 misses
1132 2411 1247 2466 nonnisi
1267 2411 1363 2466 divina
1385 2409 1561 2482 generaliter
1578 2407 1693 2479 eloquin
1714 2406 1819 2460 decan-

163 2496 246 2553 testum
265 2500 358 2553 saneti
374 2499 454 2554 lusti.
478 2501 509 2555 ln
531 2499 628 2571 vigilia
646 2499 733 2570 ipsius
753 2499 952 2566 solemnitatis,
1003 2506 1111 2572 tantur,
1123 2505 1200 2559 itaet
1209 2505 1238 2558 in
1245 2504 1377 2559 noctibus
1388 2503 1425 2557 ad
1439 2519 1534 2557 sacras
1544 2503 1604 2556 Deo
1614 2498 1732 2571 vigilias
1741 2498 1818 2553 enhi-

163 2590 264 2663 episcopi
275 2592 509 2647 decreveruntad
520 2592 581 2663 ejus
592 2594 760 2664 ,sepulcrum
773 2596 952 2663 pernoctare,
1004 2596 1114 2652 bendas
1125 2614 1159 2651 ea
1169 2598 1268 2668 procul
1279 2597 1366 2657 dubio
1380 2597 1424 2651 lex
1435 2595 1539 2649 debeat
1548 2593 1702 2649 observari.
1716 2614 1730 2642 »
1742 2592 1821 2646 ldem

163 2684 283 2739 rtlntnnn
293 2685 453 2740 collationis
463 2701 624 2739 successum
635 2686 691 2740 Deo
703 2686 952 2741 commendarent.
1000 2691 1142 2761 ,probatio
1151 2689 1283 2760 sequenti
1289 2689 1361 2743 libro
1372 2688 1407 2742 de
1416 2684 1819 2756 CorrectioneAntiphonarii,

164 2776 267 2832 eivenit
282 2781 426 2833 autemut
440 2795 475 2832 ea
493 2782 585 2846 nocte,
601 2795 667 2833 cum
685 2779 774 2833 lector
795 2779 952 2834 secundum
1005 2783 1053 2837 ubi
1068 2783 1128 2836 hec
1141 2782 1241 2837 verba:
1254 2803 1267 2831 ιι
1282 2783 1343 2836 Νοιι
1359 2796 1428 2851 ergo
1444 2780 1638 2850 cujuscunque
1661 2776 1817 2847 figmentis,

160 2882 250 2925 rnorem
264 2871 406 2942 inciperet
419 2871 573 2926 lectionem
591 2888 608 2925 a
621 2872 725 2944 Moyse,
742 2871 842 2926 incidit
861 2872 890 2926 in
905 2873 955 2927 illa
1004 2875 1054 2930 sed
1065 2875 1186 2946 Spiritus
1195 2874 1286 2929 sancti
1297 2873 1417 2944 eloquiis
1425 2873 1556 2944 Majestas
1569 2871 1665 2926 divina
1674 2869 1819 2925 laudanda

159 2963 355 3019 tenebamini
369 2981 375 3018 :
388 2965 635 3035 Sectepoindaraba
648 2966 831 3043 carpuneto.
844 2966 953 3020 Deinde
1004 2973 1055 3023 est.
1082 2991 1095 3017 »
1115 2970 1149 3022 Et
1167 2969 1252 3039 paulo
1269 2969 1334 3039 post
1352 2966 1451 3021 laudat
1473 2965 1615 3036 quosdam
1638 2985 1652 3014 a
1669 2963 1820 3034 religiosos

156 3068 205 3110 cum
216 3061 279 3128 post
289 3058 415 3128 psalmos
426 3057 592 3113 decantatos
601 3057 736 3112 recitaret
749 3075 782 3112 ex
794 3058 952 3129 prophetis,
1003 3062 1089 3129 viros,
1101 3061 1148 3132 qui
1160 3061 1295 3132 subjectis
1308 3060 1362 3114 sibi
1372 3045 1507 3114 iratribus
1519 3060 1695 3130 preceptum
1705 3057 1762 3110 tale
1773 3056 1820 3110 de-

154 3151 423 3204 ocenrrernntverba
435 3150 552 3205 Domini
563 3150 700 3205 adEsiam
712 3151 851 3206 dicentis:
867 3152 951 3215 Vade,
1004 3154 1118 3223 derunt,
1129 3177 1143 3203 a
1156 3157 1187 3208 ut
1203 3176 1217 3203 a
1233 3155 1326 3208 nullus
1339 3150 1694 3225 praesumatresponsoria,
1707 3152 1756 3204 aut
1771 3166 1820 3203 en·

151 3243 355 3314 uanepapate
369 3245 567 3300 benededite
581 3246 729 3308 audientes,
744 3248 797 3299 etc.
823 3246 952 3315 Cumque
1003 3242 1817 3318 tiphonas,qnaesolcntaliquicompositosonoprolibitn‚
1884 3221 1896 3234 ²

147 3335 232 3391 adhuc
247 3335 349 3408 psalmi
361 3336 481 3391 luissent
493 3336 647 3405 decantati,
660 3342 688 3391 et
697 3338 808 3408 legeret
821 3355 854 3392 cx
864 3341 951 3394 Evan·
1003 3358 1062 3396 non
1076 3358 1109 3395 er
1121 3340 1259 3395 canonica
1272 3339 1417 3410 Scriptura
1431 3340 1578 3408 assumpta
1588 3352 1702 3401 canere,
1712 3335 1741 3388 in
1754 3350 1820 3389 aon-

85 3426 87 3435 '
144 3429 223 3499 gelio,
232 3429 335 3484 incidit
347 3429 376 3483 in
387 3430 484 3498 verba,
493 3430 595 3501 quibus
606 3431 736 3485 Salvator
746 3432 898 3503 exprobrat
907 3434 952 3487 Ju-
1003 3434 1173 3505 gregatione
1185 3433 1289 3487 istavel
1301 3431 1445 3498 meditari,
1456 3431 1500 3483 vel
1508 3430 1611 3483 dicere.
1624 3450 1638 3477 »
1652 3428 1721 3492 Quae
1731 3426 1818 3481 verbe

142 3520 208 3576 deis
219 3522 453 3577 incredulitatem
471 3541 477 3577 :
497 3525 544 3579 Va
557 3524 608 3577 tibi
621 3526 771 3586 corazaim,
792 3527 846 3578 etc.
864 3525 951 3578 Deni—
1003 3531 1067 3581 snnt
1088 3530 1253 3580 sanctoruni
1268 3523 1348 3578 Pauli
1368 3526 1397 3576 et
1420 3521 1559 3593 Stephani
1583 3520 1613 3573 in
1633 3520 1739 3590 regulae
1758 3535 1817 3573 sure

140 3629 192 3685 que
205 3631 272 3670 cum
283 3616 368 3670 lectio
384 3615 465 3670 fieret
478 3633 511 3669 ex
524 3617 671 3687 Apostolo,
688 3616 874 3686 pronuntiata
887 3621 953 3672 sunt
1003 3637 1064 3690 cap.
1086 3621 1128 3673 lt.
1147 3619 1270 3672 Denrnm
1285 3617 1325 3671 ita
1343 3615 1487 3670 concludit
1505 3613 1696 3684 agobardus:
1713 3634 1727 3662 ιι
1741 3612 1816 3676 Qua·

137 3707 223 3763 rerba
234 3709 284 3762 illa
301 3725 307 3763 :
322 3711 366 3765 An
380 3711 491 3764 diuitias
507 3710 709 3779 bonitatisque,
724 3712 777 3762 etc.
793 3710 876 3774 Quod
887 3728 951 3765 cum
1002 3717 1129 3786 propter,
1147 3712 1300 3766 auxiliante
1314 3709 1364 3764 Dei
1375 3708 1478 3778 gratia,
1495 3706 1575 3762 omni
1589 3706 1683 3762 studio
1703 3706 1818 3777 pietatis

136 3800 171 3855 ab
185 3802 321 3856 omnibus
335 3803 476 3874 episcopis
490 3802 673 3858 observatum
685 3804 796 3872 luisset,
813 3821 952 3874 cognove-
1002 3806 1168 3861 instandum
1183 3806 1270 3878 etque
1286 3803 1498 3860 observandum
1514 3805 1566 3866 est,
1582 3805 1614 3856 ut
1628 3800 1701 3856 siant
1718 3799 1754 3854 ad
1769 3816 1815 3854 ee-

135 3897 202 3949 mnt
214 3895 355 3950 lectiones
374 3896 436 3950 illas
451 3896 490 3951 sic
509 3897 674 3965 occurrisse,
689 3899 801 3953 volente
816 3899 950 3967 Domino,
1002 3900 1141 3955 lebranda
1153 3898 1305 3953 missarum
1321 3897 1463 3953 solemnia
1475 3896 1562 3951 habet
1574 3895 1699 3950 Ecclesia
1710 3895 1815 3948 librum

135 3990 166 4041 ut
178 3986 286 4042 seirent
298 3988 465 4044 induratum
474 4007 535 4045 esse
548 3991 691 4062 corregis.
703 4015 717 4042 »
732 3993 771 4047 Ex
784 3993 838 4048 hoo
846 3993 952 4064 insigni
1002 3993 1206 4065 mysteriorum
1221 3992 1277 4047 fide
1301 3993 1462 4064 purissima,
1476 3993 1505 4045 et
1515 3989 1656 4045 concinna
1677 3988 1816 4043 brevitate

133 4079 197 4135 loco
210 4082 339 4153 quinque
357 4082 493 4137 discimus
516 4083 551 4138 de
574 4084 693 4155 antique
716 4086 858 4156 psallendi
876 4087 951 4157 apud
1002 4086 1815 4162 digestum,habetetlibrumlectionum,exdivinislibris

133 4172 343 4245 Lugdunenses
358 4175 516 4248 disciplina.
532 4177 660 4231 Primum
671 4178 700 4232 in
716 4179 820 4253 vigiliis
837 4183 949 4234 noctur·
1002 4202 1130 4257 congrua
1142 4185 1254 4240 ratione
1274 4186 1436 4249 collectum,
1454 4182 1494 4236 ita
1512 4181 1600 4234 etiam
1619 4181 1648 4231 et
1667 4178 1742 4231 hunc
1758 4181 1813 4230 ter·

134 4265 180 4320 nis
190 4271 314 4338 quatuor
326 4269 483 4324 lectionum
498 4286 606 4341 genera
616 4272 691 4326 faeta
701 4272 797 4340 inisse,
813 4273 951 4327 nimirum
1001 4277 1403 4335 tinmolsrcialemlibellnmid
1413 4269 1700 4343 estAntiphonarinm
1711 4269 1816 4322 habea-

133 4375 169 4414 ex
187 4359 394 4432 heptateucho,
410 4381 443 4418 ex
461 4365 621 4435 Prophetis,
638 4381 671 4419 ex
686 4366 850 4436 Evangelia,
866 4371 895 4420 ct
918 4385 950 4422 ex
1000 4390 1066 4427 mus
1074 4369 1351 4427 omnibushnmanis
1360 4366 1508 4440 figmentis
1517 4362 1708 4419 etmendaciis
1716 4379 1815 4443 enpur-

132 4455 281 4524 Apostolo.
307 4456 415 4511 Deinde
438 4458 573 4513 lectiones
589 4459 652 4513 illas
677 4460 795 4514 fortuito
818 4461 848 4514 in
870 4460 989 4550 illan
1001 4467 1147 4538 gatum,et
1163 4455 1813 4535 pertotumannicirculumexpurissimissan-

133 4544 948 4626 diemincidisse,lortequodPentateuchnmetseqnentes
998 4550 1816 4630 etaeSeriptureeverbissufficientissimeordinatum3qna·

133 4638 209 4707 libri,
222 4639 318 4714 400
330 4646 390 4698 Μ
401 4646 558 4715 Ps⁰Pheioe2
569 4647 732 4718 Evangelia,
745 4648 861 4702 elPauli
872 4649 948 4720 Epis·
968 4702 973 4710 .
998 4660 1081 4710 tenus
1103 4653 1132 4707 in
1158 4649 1244 4705 sacris
1266 4647 1366 4703 officiis
1384 4645 1589 4719 peragendis...
1616 4660 1674 4697 una
1692 4659 1709 4697 a
1732 4641 1814 4698 nohis

131 4733 200 4787 telae
213 4737 611 4809 consequenterlegerentur;
622 4744 650 4794 et
663 4740 693 4794 in
707 4742 839 4812 sequenti
852 4742 947 4798 officio
998 4737 1814 4819 atqneeademcustodiaturlormeorationum,lormaleo-

133 4824 202 4880 inde
214 4827 299 4882 lectio
314 4828 463 4900 inciperet,
478 4832 525 4886 nbi
542 4832 571 4887 in
582 4833 723 4904 superiori
734 4833 873 4890 desiisset.
884 4838 947 4891 Ter·
998 4820 1158 4907 tionum,et
1172 4838 1266 4893 forma
1275 4833 1532 4890 ecclesiasticarum
1542 4830 1784 4886 modulationum.
1797 4848 1811 4878 n

134 4922 217 4989 tium,
228 4929 383 4981 nocturnes
393 4928 510 5000 Vigilias
522 4947 539 4984 a
552 4931 675 4986 lectione
684 4932 843 5003 incoepisse.
856 4933 946 4997 Quar-
1033 4938 1076 4989 27.
1093 4933 1172 4986 Hnnc
1192 4931 1280 4985 ritum
1298 4929 1327 4983 in
1343 4927 1484 5000 aliquibus
1504 4925 1591 4979 etiam
1608 4939 1684 4977 nunc
1708 4921 1815 4976 retinet

134 5018 196 5071 tum
212 5033 289 5087 vero,
306 5020 476 5076 lectionibus
489 5025 669 5079 Psalmorum
681 5030 796 5080 cantum
806 5026 890 5081 luisse
906 5027 948 5081 in-
998 5026 1114 5082 eealesia
1130 5022 1343 5096 Lugdunensis3
1360 5021 1411 5076 sed
1431 5020 1461 5074 in
1476 5019 1628 5090 plerisque,
1644 5015 1770 5070 maxime
1783 5015 1813 5069 in

133 5111 315 5181 terpositnm.
332 5113 470 5177 Quintum
494 5116 627 5188 deniqne,
656 5120 749 5173 nullas
765 5119 800 5174 de
814 5121 946 5191 passione
997 5122 1177 5175 Psalmorum
1197 5117 1407 5183 distributione,
1428 5130 1493 5168 cum
1517 5113 1649 5165 Romana
1670 5108 1813 5164 convenit.

133 5205 304 5259 sanctilnsti
316 5207 454 5262 lectiones
466 5209 565 5264 lactas.
578 5210 756 5282 Quodqnam
773 5213 809 5267 ob
825 5230 885 5268 rem
900 5213 947 5268 oh
997 5216 1093 5269 Nullos
1115 5215 1237 5286 hymnos
1254 5210 1350 5275 habet,
1371 5206 1426 5261 nisi
1442 5205 1479 5260 ad
1494 5203 1737 5276 completorium
1753 5203 1811 5258 lec·

132 5311 289 5367 servemus,
305 5316 337 5354 er
349 5303 591 5372 consequentibns
604 5305 788 5376 intelligetur.
997 5313 1091 5369 tiones
1103 5330 1137 5367 ex
1149 5310 1225 5365 Actis
1235 5309 1400 5363 sanctorum
1412 5303 1548 5359 admittit·

167 5391 211 5447 26.
231 5391 274 5446 ab
287 5407 321 5447 eo
336 5397 467 5466 tempore
483 5396 519 5449 ed
532 5398 668 5452 saeculum
685 5416 712 5454 rx
728 5400 798 5454 nihil
813 5400 848 5454 de
864 5417 947 5455 cursu
1033 5410 1076 5462 28.
1086 5403 1327 5459 Eumdemierme
1338 5395 1656 5454 ritumservatEaelesia
1666 5395 1811 5450 Viennen-

131 5480 318 5556 Lugdunensi
331 5487 442 5558 reperio
455 5489 485 5542 in
498 5491 613 5545 vetustis
626 5493 832 5561 monumentis,
843 5497 948 5565 praeter
998 5501 1045 5568 sis,
1062 5515 1125 5571 quae
1141 5497 1233 5551 nullos
1246 5494 1354 5566 pariter
1367 5494 1490 5564 hymnos
1500 5490 1597 5557 canit,
1610 5489 1664 5544 nisi
1677 5488 1713 5543 ad
1728 5487 1811 5542 Com·

130 5575 171 5645 id,
181 5577 261 5651 quod
269 5578 354 5634 nobis
362 5582 732 5657 suggeritdgobardnsejus
743 5586 820 5641 urbis
828 5588 948 5644 antistes
997 5593 1162 5667 pletorium,
1180 5586 1278 5662 402
1290 5587 1384 5642 varios
1396 5603 1448 5659 pro
1468 5585 1555 5643 variis
1571 5582 1660 5639 lestis.
1674 5583 1705 5634 ln
1719 5576 1814 5632 officio

130 5670 160 5728 in
172 5672 248 5728 libro
262 5672 299 5728 de
313 5672 410 5729 divina
419 5676 592 5747 Psalmodia,
608 5680 735 5750 itemque
748 5680 777 5734 in
791 5680 855 5736 aliis
869 5682 948 5739 libris
998 5703 1049 5761 pro
1063 5683 1185 5741 mortuis
1196 5685 1335 5756 vesperas
1347 5681 1468 5736 collocat
1479 5681 1545 5752 post
1558 5674 1677 5730 Laudes.
1691 5667 1771 5725 Unde
1783 5668 1813 5725 in

130 5763 588 5840 deGorrectionettntiphonarii,
603 5774 947 5835 etcontreAmalariuni.
998 5779 1121 5836 solemni
1151 5777 1347 5835 anniversario
1374 5773 1506 5829 omniurn
1532 5768 1733 5824 detunctorum
1759 5763 1813 5820 Ve-

293 5862 431 5932 Parnon.
454 5866 573 5935 thllll.
1618 5866 1658 5929 te
