3878 6150
121 256 171 316 m
755 253 925 312 aristosa
944 249 1168 310 ττοτοττοττ.
1749 254 1801 316 nt

119 364 159 422 ad
165 362 549 452 aliquamldisceptationem
558 363 642 437 plene
650 361 768 420 definita
774 360 936 418 revocanda
946 370 976 447 Α
986 368 1017 421 ut
1030 365 1066 420 ad
1080 362 1700 437 omnesfratrcsquiChalcedonensisynodo
1714 362 1801 419 inter·

118 463 197 527 sunt,
212 477 249 515 ue
263 458 300 516 ad
315 459 465 515 arbitrium
481 458 686 515 damnatorum
709 458 763 530 ipsi
777 454 814 512 ds
836 456 880 511 his
894 456 934 511 vi·
986 462 1113 529 fuerunt,
1120 459 1728 534 scriptadirigerem‚quibusplacuissemibi
1735 475 1799 532 quse

119 557 245 613 dcamur
264 556 422 628 ambigere,
437 572 502 627 quae
515 555 702 611 manifestum
717 558 759 609 est
772 571 823 626 per
838 552 937 608 omnia
988 556 1120 613 asanctis
1130 555 1265 611 fratribus
1277 556 1381 611 nostris
1394 555 1429 612 de
1439 558 1540 628 regula
1552 556 1799 611 fideiconfrrmata

119 649 300 724 propheticis
309 653 339 704 et
354 649 525 721 evangelicis
536 653 622 722 atque
639 648 800 721 apostolicis
814 647 936 703 auctori*
987 653 1063 718 sunt,
1080 649 1320 705 demonstrarem.
1335 649 1416 722 (ilinc
1428 650 1560 723 estquod
1572 650 1728 706 Pulcheriae
1742 651 1798 704 ltu·

119 745 230 800 tatibus
240 760 408 799 consonare.
421 743 499 813 (Quas
514 747 610 799 autem
621 744 665 798 vel
675 743 805 814 superius
819 741 937 847 dgflnita
958 748 964 761 ¹
988 747 1078 815 gustae
1092 743 1197 798 iterum
1207 744 1343 829 scribens,
1353 744 1496 816 ait(Epist.
1511 744 1571 815 58):
1586 744 1665 799 Circa
1677 744 1798 799 fratrem

120 838 268 904 divinitus,
284 830 555 923 velinferiufflenc
572 836 690 892 definita
698 840 816 904 asserat,
828 850 862 891 ex
876 835 938 907 ipsa
972 841 1085 921 mautem
1101 854 1199 893 meum
1213 842 1414 893 veneratorem
1433 841 1558 893 vestrum
1579 837 1722 893 lulianum
1743 836 1800 908 epi·

119 932 167 986 vel
181 949 214 986 ex
226 932 289 987 aliis
300 931 363 1003 ejas
374 928 502 1004 epistolis
516 934 609 985 vestra
627 931 801 986 Fraternitas
814 932 935 1002 penset:
987 948 1105 1004 scopum
1118 935 1259 1003 quantum
1280 932 1384 987 debeat
1402 932 1520 986 credere
1542 934 1636 986 vestra
1658 930 1798 1001 dignatio,

119 1025 153 1080 in
168 1025 271 1097 quibus
286 1042 435 1096 nunquam
457 1025 590 1096 specialia
605 1028 687 1096 gesta
701 1022 936 1090 commemorari,
988 1025 1710 1097 apostolicasedisaestimateJudici0,eumincausa
1720 1023 1799 1090 fidei,

121 1118 176 1174 sed
193 1120 325 1191 sataque
339 1117 892 1190 defidesuutprolataconfirmat.Unde
907 1116 937 1171 in
988 1120 1034 1176 cui
1060 1120 1184 1191 gloriosa
1208 1120 1302 1175 Pietas
1324 1123 1418 1174 vestra
1442 1120 1608 1188 famulatur,
1633 1119 1724 1173 vicem
1745 1116 1800 1189 ipsi

120 1212 168 1269 his
181 1229 295 1284 quoque
310 1212 402 1268 verbis
417 1210 570 1284 vigilanter
583 1211 877 1284 imprimitur[Forsan
891 1228 936 1264 ex·
987 1229 1083 1268 meam
1091 1216 1209 1268 eatenus
1217 1212 1584 1284 delegarim,utabcaquoe
1592 1212 1671 1267 vobis
1679 1210 1801 1265 debetur

120 1305 281 1380 primiturl,
295 1309 325 1361 et
339 1292 402 1378 quae
417 1307 500 1378 plene
520 1306 638 1361 deflnita
653 1305 757 1361 dixerit
780 1304 939 1361 attenditur
988 1307 1169 1363 observantia
1184 1323 1242 1362 non
1258 1307 1406 1374 recedens,
1426 1323 1473 1361 mc
1494 1306 1595 1361 Pietati
1610 1309 1711 1360 vestrae
1726 1321 1799 1376 prae·

125 1397 238 1485 [Forsan
256 1399 441 1470 ostenditurl,
455 1415 520 1454 cum
532 1399 616 1454 dicit:
632 1400 672 1454 Nc
691 1398 726 1454 de
742 1398 787 1453 his
810 1398 878 1470 ipsis
897 1397 936 1451 vi·
988 1405 1102 1456 sentare
1118 1418 1176 1456 non
1193 1399 1328 1472 desinat.)
1345 1401 1468 1457 Causam
1483 1401 1589 1474 quippe
1608 1401 1676 1456 fidei
1689 1416 1799 1455 memo·

78 1488 249 1570 fideamur
259 1492 416 1564 ambigere,
432 1509 495 1565 quae
509 1492 698 1548 manifestum
714 1497 757 1547 est
770 1508 822 1563 per
839 1491 939 1547 omnia
988 1513 1064 1564 rans,
1082 1512 1277 1567 nequaquam,
1300 1496 1434 1563 Eatenus,
1453 1493 1569 1563 diceret,
1585 1494 1639 1549 nisi
1661 1493 1802 1566 quidquid

121 1582 299 1661 propheticis
310 1590 338 1641 et
349 1586 522 1659 evangelicis
536 1589 622 1658 atque
639 1586 799 1657 apostolicis
815 1585 936 1641 auctori·
988 1595 1068 1649 extra
1081 1589 1169 1643 fldem
1190 1591 1335 1660 ageretur,
1350 1605 1384 1643 ex
1399 1587 1508 1661 synodo
1532 1588 1643 1643 excludi
1657 1587 1801 1643 voluisset.

121 1681 231 1765 tatibus
244 1682 423 1756 consonare).
440 1684 570 1748 Pensate,
587 1696 695 1752 quaeso,
711 1679 814 1735 fratres
831 1680 937 1734 charis·
1024 1685 1079 1737 Vll.
1094 1684 1218 1737 Rursum
1242 1699 1294 1755 per
1315 1683 1467 1754 epistolam
1492 1687 1616 1737 vestram
1642 1682 1760 1749 dicitur,
1786 1699 1803 1736 a

122 1772 200 1840 simi,
213 1774 236 1829 si
249 1775 354 1845 scripta
378 1775 520 1830 Theodori
535 1773 708 1846 propheticis
725 1779 754 1828 et
766 1744 977 1844 evangelicisB
989 1777 1056 1832 sede
1070 1776 1226 1848 apostolica
1240 1793 1290 1831 vos
1300 1777 1410 1844 doctos,
1424 1779 1510 1847 atque
1525 1776 1560 1830 ab
1577 1776 1681 1831 scrinio
1698 1779 1803 1831 sanctie

122 1873 212 1940 atque
225 1868 360 1939 apostolis
380 1868 596 1924 auctoritatibus
619 1871 789 1933 consonant,
806 1883 870 1938 quaa
892 1883 937 1921 re·
988 1869 1130 1938 Ecclesiae,
1147 1870 1193 1925 cui
1218 1871 1277 1925 Dea
1292 1873 1407 1925 auctore
1423 1886 1592 1940 praesumus,
1604 1870 1801 1936 confirmatos,

123 1961 309 2032 demptorem
320 1964 451 2017 nostrum
467 1961 573 2032 iniquis
588 1960 703 2015 ausibus
717 1958 873 2015 Dominum
887 1977 937 2015 ne·
989 1981 1025 2018 ne
1038 1963 1105 2019 huic
1118 1963 1160 2018 rei
1176 1980 1240 2034 quas
1256 1963 1307 2017 sub
1317 1963 1372 2034 piae
1387 1962 1536 2018 memoriae
1550 1963 1710 2018 Iustiniana
1723 1957 1801 2034 prin-

123 2048 338 2133 generemus
353 2056 377 2111 si
390 2056 440 2111 illa
453 2055 574 2127 epistola
588 2053 763 2126 propheticis
773 2056 802 2108 et
815 2070 937 2125 evange·
988 2057 1050 2130 cipe
1079 2061 1160 2128 gesta
1186 2060 1244 2124 est,
1264 2057 1427 2112 consentire
1452 2056 1580 2112 debeatis
1596 2074 1603 2112 ε
1618 2060 1704 2128 atque
1730 2057 1804 2111 hanc

121 2154 186 2211 licis
217 2157 303 2224 atque
333 2149 497 2222 apostolicis
533 2147 748 2203 auctoritatibus
780 2164 939 2203 consonare
989 2150 1211 2224 opitulationem
1222 2150 1395 2206 excusationi
1411 2152 1512 2206 vestrae
1530 2149 1687 2221 adjungitis
1705 2149 1802 2205 dieen-

117 2248 263 2311 videatur,
277 2245 307 2300 in
319 2261 376 2316 qua
389 2246 418 2297 et
431 2242 521 2297 hostis
536 2241 667 2296 Ecclesiae
682 2240 830 2297 Nestorius
843 2241 940 2296 defen·
990 2248 1042 2313 tes,
1057 2245 1134 2316 quod
1144 2244 1174 2299 in
1188 2261 1280 2299 causae
1288 2244 1431 2317 principio
1442 2248 1471 2303 ct
1485 2244 1567 2299 sedes
1580 2244 1736 2315 apostolica
1752 2261 1804 2315 per

123 2341 212 2407 ditur,
225 2344 254 2394 et
266 2339 402 2394 defensor
414 2327 679 2406 Ecclesiae‘Cyrillus
694 2338 851 2390 accusatur.
866 2337 938 2389 Pen-
989 2339 1124 2410 Vigilium
1135 2355 1253 2411 papam,
1263 2341 1292 2393 et
1300 2355 1401 2393 omnes
1411 2338 1578 2393 Latinarum
1590 2337 1804 2409 provinciarum

122 2441 183 2490 sate
195 2433 218 2488 si
231 2433 280 2488 illa
288 2430 451 2487 Theodoriti
462 2430 566 2502 scripta
576 2428 940 2500 propheticis,evangelicis
989 2432 1134 2505 principes
1155 2431 1337 2486 damnationi
1361 2432 1450 2486 trium
1476 2432 1669 2504 capitulorum
1690 2431 1805 2486 fortiter

122 2533 211 2600 atque
236 2525 397 2598 apostolicis
425 2523 642 2580 auctoritatibus
667 2524 845 2588 consonant,
877 2538 940 2593 quae
989 2525 1165 2581 restiterunt.
1182 2528 1214 2580 ln
1227 2526 1330 2597 quibus
1343 2525 1438 2581 verbis
1466 2525 1652 2593 attendimus,
1667 2524 1804 2595 quadres

121 2621 203 2695 prius
215 2624 317 2677 contra
331 2622 441 2674 rectam
457 2617 548 2675 fidem
569 2616 656 2685 edita,
671 2616 730 2687 ime
752 2616 939 2687 postmodum
990 2636 1053 2693 quae
1064 2635 1275 2691 provocarevos
1286 2620 1322 2675 ad
1333 2636 1505 2675 consensum
1517 2619 1625 2686 debuit,
1638 2637 1654 2673 a
1665 2635 1805 2674 consensu

123 2732 280 2772 conversus
306 2714 435 2769 damnat.
458 2705 623 2767 Extremum
652 2726 766 2781 quoquc
791 2726 865 2781 saepe
888 2708 940 2764 lati
988 2714 1106 2786 vosipsa
1121 2713 1804 2785 divellit.LatiniquippehomincsetGraecitatis

121 2809 227 2866 Leoms
238 2807 394 2863 adActium
403 2806 603 2878 presbyterum
615 2803 812 2858 testimonium
822 2802 938 2874 ponitis,
989 2807 1093 2879 ignari,
1104 2807 1310 2878 dumlinguam
1322 2807 1462 2873 nesciunt,
1471 2822 1599 2861 errarem
1607 2806 1688 2860 tarde
1699 2823 1804 2877 cogno·

123 2921 181 2976 quo
197 2904 260 2958 ait*
275 2919 281 2958 :
298 2903 337 2956 Ne
352 2900 479 2972 patiatur
497 2899 654 2970 sopitarum
671 2913 769 2951 rerum
792 2900 939 2951 certamen
989 2904 1108 2968 verunt3
1125 2903 1155 2955 et
1172 2903 1252 2955 tanto
1273 2900 1314 2955 cis
1332 2900 1452 2955 celerius
1473 2899 1552 2954 credi
1572 2899 1681 2967 debuit,
1696 2903 1803 2972 quanto

122 2997 231 3065 afferri,
243 3012 365 3067 quarum
378 2996 549 3049 retractator
558 3009 616 3047 non
630 2992 683 3046 uisi
696 2992 852 3062 sacrilegus
860 2991 938 3045 inve·
990 3012 1092 3051 eornm
1104 2994 1275 3063 constantia,
1287 3010 1436 3066 quousque
1448 3011 1548 3048 verum
1559 2997 1775 3077 cognoscerept,
1788 3012 1804 3049 a

122 3088 314 3159 nitur.(0uod
327 3088 363 3143 de
386 3087 488 3159 quibus
503 3086 589 3140 rebus
605 3087 723 3152 astruat,
745 3084 782 3139 ad
804 3085 939 3139 eumdem
949 3114 976 3190 C
989 3089 1148 3145 certamine
1162 3104 1220 3142 non
1243 3087 1364 3158 quievit,
1390 3104 1513 3159 quorum
1531 3104 1704 3142 consensum
1726 3091 1804 3142 certe

120 3184 236 3240 Aetium
249 3183 376 3238 scribens
389 3181 449 3253 ipse
465 3179 632 3234 manifestat
646 3177 743 3233 dicens
753 3180 777 3201 '*
793 3195 799 3233 ἰ
815 3178 889 3232 Nihil
903 3179 938 3234 ab
993 3182 1089 3256 [recte]
1106 3181 1280 3238 Fraternitas
1292 3185 1386 3236 vestra
1401 3181 1570 3253 despiceret,
1586 3181 1609 3235 si
1622 3198 1692 3236 ausu
1706 3181 1805 3254 praeci·

121 3277 287 3351 apostolicis
307 3291 437 3347 unquam
452 3278 552 3345 potero
577 3273 684 3327 sentire
708 3272 863 3340 diversum,
887 3289 939 3327 ncc
989 3277 1229 3349 piti,priusquam
1239 3278 1563 3346 verumcognoscerent‚
1575 3275 1801 3329 consensissent:

122 3391 139 3428 a
152 3388 222 3428 mea
230 3371 291 3442 ipsc
300 3368 412 3424 deviare
422 3367 580 3433 senteutia3
593 3371 621 3421 et
634 3364 712 3437 quad
722 3369 821 3421 sancto
832 3366 940 3436 Spiritu
990 3375 1020 3425 at
1032 3373 1184 3442 postquam
1193 3367 1242 3422 diu
1253 3368 1288 3423 ab
1302 3368 1343 3422 cis
1353 3369 1515 3423 laboratum
1528 3370 1580 3434 est,
1596 3371 1624 3421 et
1637 3368 1723 3437 longe
1735 3371 1805 3422 tem·

121 3467 270 3522 revelante
298 3463 443 3518 confessus
464 3478 537 3528 sum,
554 3459 689 3531 quodque
712 3476 828 3514 mecum
852 3459 940 3514 totius
989 3480 1059 3536 pore
1074 3462 1112 3517 ad
1126 3461 1246 3532 iujurias
1261 3478 1350 3532 usque
1365 3464 1518 3527 certatum,
1534 3460 1601 3515 hinc
1620 3463 1715 3517 vestra
1737 3462 1802 3516 Fra·

122 3558 227 3632 synodi
246 3557 424 3629 professione
447 3555 622 3626 praedicante
640 3552 772 3625 patefeci,
786 3553 882 3624 aliqua
895 3571 940 3609 va·
989 3557 1109 3612 ternitas
1121 3558 1224 3627 penset
1239 3555 1305 3626 quia
1322 3558 1364 3609 tot
1376 3554 1488 3609 labores
1512 3557 1631 3625 repente
1647 3572 1705 3610 non
1719 3555 1804 3610 relin-

121 3655 228 3710 rietate
242 3653 435 3707 commutem:
445 3666 509 3704 curu
518 3648 626 3704 facilius
637 3646 709 3702 mihi
720 3647 756 3701 sit
766 3647 940 3717 quibuslibet
986 3652 1121 3722 querant,
1137 3648 1191 3703 nisi
1205 3665 1270 3719 quae
1283 3665 1351 3703 vera
1364 3648 1420 3702 sint
1430 3648 1622 3719 agnovissent.
1635 3647 1708 3713 Quid
1725 3649 1803 3704 enim

122 3751 153 3803 et
171 3746 318 3819 suppliciis
330 3744 366 3799 ab
388 3743 574 3837 hoqmundo
599 3740 716 3807 auferri,
735 3757 822 3812 quam
850 3741 885 3795 ab
905 3758 939 3796 ea
990 3744 1078 3800 divini
1093 3742 1203 3798 consilii
1226 3741 1313 3797 fuisso
1338 3742 1491 3810 credimus,
1515 3743 1635 3810 fratres,
1660 3742 1737 3813 quod
1755 3743 1804 3799 diu

122 3858 212 3913 quam
237 3839 411 3911 generaliter
431 3837 549 3905 credidi,
573 3836 748 3908 professione
764 3835 890 3908 mutari).
910 3835 939 3892 Si
990 3838 1108 3894 Saulum
1123 3835 1310 3908 omnipotens
1325 3837 1400 3891 Deus
1419 3838 1645 3908 repugnatorem
1665 3839 1723 3891 suas
1736 3837 1804 3892 fidei

122 3951 193 4006 ergo
206 3937 309 3988 cuncta
320 3950 366 3989 res
381 3949 446 4004 quae
463 3930 612 3986 retractari
627 3947 686 3985 non
706 3930 802 3997 debet,
817 3930 878 3984 sola
897 3933 940 3984 est
990 3949 1050 3988 esse
1066 3930 1208 4004 permisit,
1224 3934 1253 3984 et
1274 3929 1312 3986 sic
1335 3946 1401 3984 eum
1421 3947 1479 3984 suae
1498 3930 1565 3985 fidei
1583 3929 1804 4002 predicatorem

122 4027 264 4101 professio
274 4027 351 4095 ssdei,
367 4027 413 4081 ille
422 4028 593 4080 retractator
605 4041 703 4078 rerum
711 4023 765 4078 erit
773 4023 937 4094 sacrilegus,
989 4025 1066 4094 fecit,
1081 4024 1135 4080 nisi
1146 4026 1177 4079 ut
1186 4024 1303 4093 cunctis,
1320 4024 1423 4095 quibus
1435 4040 1488 4096 per
1500 4024 1581 4079 illum
1594 4025 1690 4079 fuerat
1703 4024 1804 4096 pradi-

123 4124 172 4194 qui
183 4120 355 4194 professioni
364 4120 425 4191 ejus
435 4119 521 4174 fuerit
534 4119 671 4173 diversus.
682 4119 754 4172 Nam
769 4118 847 4188 quod
860 4116 939 4172 idem
989 4124 1113 4186 caturus,
1125 4117 1299 4186 ostenderet,
1314 4118 1382 4189 quia
1391 4117 1474 4172 valde
1487 4134 1587 4171 verum
1598 4122 1640 4171 est
1653 4117 1704 4172 Dei
1714 4119 1804 4172 Evan-

122 4216 225 4271 beatus
239 4216 295 4270 Leo
310 4215 401 4270 solam
412 4214 441 4268 in
453 4212 562 4285 synodo
572 4211 778 4283 professionem
788 4211 855 4265 fidei
864 4227 940 4266 sum·
989 4213 1107 4285 getium,
1124 4212 1202 4283 quod
1213 4216 1241 4266 et
1253 4213 1334 4266 tanta
1350 4210 1454 4265 duritia
1468 4211 1605 4265 inclinata
1621 4209 1801 4281 praedicaret,

122 4327 170 4366 mo
185 4308 290 4364 ardore
311 4307 461 4371 custodiat,
476 4306 637 4361 innumeris
656 4305 782 4376 epistolis
802 4304 937 4360 domans·
989 4310 1021 4363 ut
1033 4307 1102 4361 dum
1115 4322 1150 4359 ea
1163 4304 1308 4359 auditores
1322 4304 1383 4375 ejus
1397 4320 1461 4375 quae
1475 4302 1510 4357 ab
1527 4304 1575 4357 illo
1588 4306 1688 4357 contra
1705 4302 1803 4359 fideles

123 4407 189 4471 irat,
198 4402 343 4473 exquibus
352 4418 444 4472 pauca
452 4398 812 4470 brevitcrperstringimus,
820 4402 851 4452 ut
859 4399 887 4452 in
898 4399 938 4452 eis
988 4402 1070 4471 gesta
1080 4399 1249 4465 recolerent,
1262 4400 1380 4468 repente
1391 4412 1457 4450 eum
1468 4394 1505 4449 ad
1514 4395 1603 4450 fidem
1615 4412 1729 4450 versum
1743 4413 1801 4451 uon

123 4497 230 4552 certior
241 4496 317 4550 facta
331 4498 425 4548 vestra
438 4494 611 4549 Eratcmitas
621 4492 737 4562 colligat
747 4508 834 4562 quam
848 4487 978 4559 multaD
990 4493 1051 4547 sine
1064 4490 1190 4546 evidenti
1203 4489 1315 4544 ratione
1327 4488 1489 4543 sentirent?
1511 4488 1592 4543 Unde
1614 4489 1674 4560 ipsc
1686 4506 1801 4560 quoque

124 4586 938 4658 taceamus.llinccstenimquodlllarcianumhugustum
989 4582 1802 4656 dumpraedieationemsuamdeberesaeueabinudelibus

122 4685 229 4755 scripto
258 4698 308 4737 suo
335 4681 504 4752 alloquitur,
530 4679 628 4733 dicens
645 4680 740 4748 (Epist.
757 4679 818 4748 59i²
849 4678 940 4733 Fratri
988 4678 1077 4751 recipi
1092 4677 1215 4732 Domino
1231 4676 1349 4746 diceret,
1364 4675 1422 4732 ait:
1438 4679 1556 4740 Domine,
1571 4680 1625 4747 ipsi
1637 4681 1725 4733 sciunt
1737 4680 1802 4747 qaia

124 4781 223 4833 autem
248 4791 314 4830 meo
339 4775 451 4831 tuliano
477 4774 610 4845 episcopo
632 4772 744 4827 noverit
761 4776 853 4827 vestra
875 4772 944 4827 Cle·⁴
989 4789 1035 4844 epo
1062 4788 1136 4827 mam
1156 4771 1315 4825 concludens
1329 4772 1358 4825 in
1376 4786 1491 4834 carcerc,
1506 4775 1530 4826 et
1546 4772 1648 4826 cadens
1659 4787 1709 4841 per
1719 4787 1801 4840 sync-

122 4870 233 4926 mentia
255 4869 310 4924 hoc
325 4885 371 4923 me
387 4869 501 4940 proprie
523 4866 668 4938 delegasse
682 4870 713 4921 ut
728 4865 868 4937 quidquid
881 4865 938 4920 illic
988 4880 1071 4943 papas
1095 4880 1136 4920 eos
1161 4866 1209 4933 qai
1234 4863 1378 4918 credebant
1396 4866 1425 4918 in
1440 4868 1464 4918 tc
1489 4863 1558 4935 (Act.
1581 4863 1659 4934 xxii).
1685 4864 1799 4918 Etcum

121 4959 938 5033 adcustodiamfideipertinereprobaverit,meonomine
988 4960 1108 5027 Galatas,
1127 4958 1225 5012 relicta
1244 4956 1390 5028 Evangelii
1404 4957 1514 5028 regula,
1538 4956 1567 5010 in
1579 4956 1717 5012 ludaismi
1734 4974 1801 5013 con-

120 5061 223 5114 vestrae
233 5057 405 5112 fiducialiter
415 5058 552 5127 suggerat
562 5054 790 5126 potcstatifflinc
806 5057 849 5108 est
861 5052 938 5124 quod
989 5053 1244 5125 spicereterrorem
1252 5051 1420 5118 declinasse,
1431 5066 1512 5104 suam
1520 5051 1560 5105 eis
1568 5050 1694 5122 priorem
1703 5055 1804 5108 contra

120 5151 280 5207 Pulcheriae
302 5152 437 5221 Augustas
457 5149 593 5216 scribens,
611 5148 651 5202 ait
663 5146 760 5220 (Epist.
776 5146 838 5218 60t:
856 5146 939 5210 Quod
989 5145 1177 5218 Evangelium
1189 5145 1327 5200 duritiam
1348 5145 1456 5212 retulit,
1472 5147 1502 5198 et
1515 5144 1722 5201 abintentione
1738 5163 1801 5217 per-

120 5262 188 5302 vero
211 5245 357 5316 piissimus
381 5244 540 5316 imperator
555 5243 591 5297 ad
610 5259 713 5297 ornnes
727 5241 877 5312 episcopos
890 5240 939 5312 qui
970 5238 974 5249 '
989 5241 1065 5296 fidiae
1080 5257 1182 5295 eorum
1195 5243 1308 5294 mentes
1321 5237 1581 5308 retorsitdicens:
1599 5241 1725 5296 Audistis
1739 5256 1801 5295 con-

120 5338 351 5396 Cbalcedonensi
364 5337 474 5410 synodo
487 5337 690 5404 interfuerunt,
707 5334 797 5390 voluit
808 5350 854 5389 me
870 5334 937 5388 scri·
988 5337 1165 5391 versationem
1186 5349 1271 5388 meam
1292 5333 1442 5402 aliquando
1455 5335 1484 5387 tn
1504 5334 1655 5398 ludaismo,
1676 5335 1802 5404 qnoniam

120 5437 171 5506 pta
182 5432 318 5505 dirigere,
326 5431 428 5503 quibus
438 5448 473 5486 ea
483 5447 547 5503 quas
561 5430 616 5485 illic
630 5431 665 5485 de
680 5429 747 5484 fidei
760 5428 860 5500 regula
873 5431 940 5482 sunt
988 5444 1073 5499 supra
1095 5426 1204 5485 madum
1223 5427 1403 5497 persequebar
1423 5427 1571 5483 Ecclesiam
1597 5430 1655 5490 liei,
1676 5430 1701 5480 et
1715 5440 1800 5493 eapu-

121 5527 244 5582 definita
258 5526 417 5595 firmarem,
433 5525 557 5580 libenter
572 5521 790 5596 implevi).llinc
804 5524 847 5576 est
861 5522 939 5594 quod
989 5522 1106 5592 qnabom
1130 5520 1231 5590 illcm3
1259 5524 1284 5575 et
1308 5522 1479 5590 proficiebam
1502 5523 1531 5576 tn
1554 5521 1692 5577 sadanma
1717 5531 1801 5584 supra

122 5620 238 5678 luliano
254 5620 389 5691 episcopo
403 5619 539 5687 scribens,
552 5617 638 5674 dicit:
651 5618 733 5683 Quod
746 5615 940 5671 necessarium
986 5615 1086 5670 multos
1112 5617 1255 5670 coetaneos
1282 5630 1351 5671 meos
1364 5618 1393 5670 in
1413 5631 1506 5685 qaaere
1529 5628 1595 5679 mcc,
1617 5608 1801 5664 abundantias

123 5713 247 5771 credidit
256 5713 494 5770 clementissimus
502 5713 670 5785 imperator,
681 5710 937 5784 libenterimplevi,
989 5709 1129 5765 emulator
1143 5711 1258 5764 metens
1270 5715 1448 5781 potentorum
1467 5721 1587 5762 mearam
1609 5701 1799 5762 additionum.

160 5836 248 5895 'Nou
261 5836 353 5893 exstat
362 5835 424 5893 haec
439 5833 569 5909 epistola.
1025 5830 1449 5906 ''neququaecadhuconat
