3884 6150
143 307 209 412 ft.
248 382 304 410 ‚-
516 286 547 308 ‘'
760 293 771 340 ²
828 313 1163 375 rirnumeuineusrs
1802 324 1837 387 ³2

107 398 244 516 ..Jflefflt
257 402 343 514 driu?
350 401 852 516 ’5ῤ55ζ135555555551555555555555
867 441 963 479 rerum
975 432 1004 509 Α
1014 426 1089 482 facit.
1102 428 1198 484 llerito
1212 428 1350 498 damnari,
1361 445 1443 502 paena
1452 433 1494 488 est
1506 445 1512 487 :
1525 429 1670 488 damnatio
1679 429 1835 507 immerita,

149 509 304 578 invidiam?
317 509 520 577 Si‘fdlfcitatent
528 507 689 592 jactaretis}
697 504 871 613 cbnafrmdtis
886 520 963 575 dives
1014 521 1174 577 damnantis
1188 527 1229 578 est
1241 524 1392 580 calamitas.

149 615 214 672 eris.
228 617 372 682 Quomodo
383 616 497 696 'optime
516 615 672 687 potentiam
684 614 805 669 tuebor?
820 615 962 686 impoten-
1048 616 1090 671 l'l.
1108 617 1137 672 Si
1150 617 1257 689 aliquid
1278 619 1455 690 cogitaveris,
1474 621 1528 674 cito
1549 621 1697 692 apparebit
1716 639 1835 678 conver·

149 711 187 766 lia
208 712 369 766 occasionis.
389 711 492 763 Locum
514 712 591 763 tenet
613 707 780 763 innocentiae
801 709 964 781 proximum
1013 710 1152 765 cantibus.
1172 711 1268 766 Videri
1289 712 1330 767 ris
1352 713 1387 767 ab
1409 714 1561 769 omnibus?
1583 731 1731 787 nunquam
1753 717 1836 773 bouae

148 805 293 860 confessio.
312 805 364 860 Ubi
384 802 530 872 confessio,
545 802 585 857 ibi
604 802 741 858 remissio.
758 803 809 857 lrae
832 802 963 857 severitas
1013 804 1169 859 honestatis
1183 805 1324 860 simulatio
1338 807 1424 877 longa
1438 812 1490 862 est.
1505 807 1584 872 Quod
1598 809 1632 863 de
1646 809 1746 864 alienis
1760 815 1835 866 trac·

147 897 178 953 in
191 899 258 955 vitio
273 902 322 952 cst.
339 896 407 950 Bnni
417 895 521 968 judicis
536 901 578 950 est
592 897 764 968 dispensare,
780 913 838 950 non
852 900 964 951 tautum
1013 901 1065 968 tas,
1089 914 1123 952 ex
1150 899 1206 953 tuis
1226 899 1348 969 judices.
1373 901 1452 955 llulti
1479 906 1545 956 sunt
1571 903 1726 974 obligandi,
1751 907 1837 976 pauci

148 991 216 1067 quid
229 989 420 1045 damnandum
434 990 479 1060 sit,
495 989 543 1045 scd
557 994 707 1067 quatenns.
718 991 866 1045 Proximus
877 989 961 1062 justi·
1014 991 1175 1048 offendendi
1183 1009 1191 1062 ;
1212 1009 1279 1048 nam
1298 994 1436 1049 memoria
1454 994 1658 1051 beneficiorum
1678 997 1768 1053 facilis
1782 1007 1835 1067 est,

148 1083 193 1140 tia
208 1084 318 1153 modus,
333 1083 475 1140 severitas.
1013 1086 1185 1158 iujuriarum
1220 1091 1314 1142 tenax.
1347 1088 1542 1159 objurgationi
1580 1106 1692 1162 semper
1725 1092 1837 1164 aliquid

112 1176 116 1183 ’
1012 1176 1115 1237 blande
1131 1179 1269 1250 admisce3
1289 1180 1400 1236 facilius
1413 1182 1489 1236 enim
1508 1186 1658 1253 penetrant
1671 1185 1756 1240 verba
1769 1202 1835 1258 quae

182 1275 214 1329 V.
228 1272 436 1338 Quietissimam
451 1276 537 1331 vilain
553 1282 670 1348 agerent
684 1277 812 1332 homines
825 1278 855 1332 in
870 1276 961 1344 terris,
1013 1274 1092 1328 mulli
1102 1274 1270 1341 radnntria,
1279 1291 1366 1346 quarn
1381 1292 1480 1347 aspera
1486 1293 1495 1345 3
1507 1292 1591 1332 nemo
1603 1278 1680 1333 enirn
1689 1295 1718 1332 se
1731 1284 1833 1350 mutat,

147 1366 170 1423 si
183 1367 243 1423 herc
258 1368 314 1423 duo
328 1370 411 1424 rerba
424 1387 441 1424 a
454 1375 554 1425 natura
569 1371 697 1426 onmium
709 1386 807 1426 rerum
819 1371 961 1439 tollerent,
1014 1368 1082 1439 qaia
1104 1368 1210 1422 nrirtari
1227 1384 1255 1422 se
1275 1368 1415 1440 desperet.
1444 1369 1558 1434 Quoties
1580 1371 1705 1426 scribens
1726 1372 1836 1443 aliquid

146 1478 244 1517 meum
262 1467 290 1515 et
310 1467 402 1519 tuum.
423 1465 475 1529 Qui
496 1470 691 1535 paupertatem
713 1465 802 1535 timet,
820 1465 963 1521 timendus
1013 1461 1140 1516 dicturus
1155 1478 1194 1532 es,
1210 1462 1279 1516 scite
1294 1479 1406 1519 morum
1421 1466 1536 1518 tuorum
1551 1467 1579 1519 te
1593 1465 1756 1520 hominibus
1770 1465 1833 1521 chi-

147 1558 198 1614 est.
213 1559 290 1613 Vires
305 1562 366 1612 tuas
380 1557 462 1612 amici
478 1559 570 1629 magis
583 1558 707 1614 sentiant
721 1559 863 1614 beneficiis
875 1575 962 1631 quam
1013 1555 1188 1627 rographnrn
1201 1555 1277 1610 dare.
1292 1555 1346 1619 Qui
1362 1557 1392 1611 in
1406 1573 1499 1611 serres
1520 1557 1651 1613 irascitur
1667 1563 1695 1613 et
1711 1559 1834 1615 crudelis

145 1652 267 1724 injuriis.
290 1653 412 1707 Pecunia
433 1669 490 1706 non
514 1652 597 1707 satiat
618 1653 773 1720 avaritiam,
790 1654 838 1708 sed
859 1653 961 1708 irritat.
1014 1653 1065 1718 est,
1085 1649 1151 1702 satis
1173 1649 1295 1704 ostendit
1314 1654 1481 1721 potestatem
1499 1651 1632 1706 adsersus
1651 1652 1757 1708 alienos
1779 1653 1834 1709 sibi

145 1747 234 1802 Homo
255 1763 366 1817 semper
383 1746 516 1817 indigens
534 1746 662 1817 pecunia,
677 1747 727 1801 scit
742 1764 807 1801 curn
820 1747 880 1817 ejus
898 1763 960 1801 mo·
1015 1741 1146 1796 defuisse.
1160 1742 1213 1806 Qui
1231 1742 1320 1797 nescit
1338 1746 1440 1812 tacere,
1455 1743 1545 1800 nescit
1556 1745 1644 1815 loqui.
1659 1746 1778 1800 Facilius
1791 1750 1835 1801 cst

145 1840 224 1895 ribus
242 1839 400 1894 convenire.
419 1840 485 1895 llilri
508 1840 601 1909 crede,
623 1857 682 1894 nou
701 1844 783 1912 potes
806 1841 883 1895 dives
903 1856 961 1893 esse
973 1812 1001 1883 B
1012 1835 1131 1905 pauperi
1144 1839 1338 1906 contemptum
1354 1835 1478 1907 effugere
1490 1853 1576 1908 qnam
1589 1837 1670 1892 dirui
1683 1838 1831 1895 invidiam.

144 1937 174 1988 et
198 1933 274 1988 felix.
302 1933 423 1988 Auribus
444 1934 622 2006 frequentius
641 1950 728 2005 quarn
749 1933 848 2005 lingua
870 1938 960 1989 utere.
1013 1929 1106 1983 Bonus
1117 1929 1223 1983 fruitur
1235 1929 1308 1983 bena
1322 1930 1502 1986 conscientia.
1517 1931 1594 1985 llalis
1608 1932 1772 1987 hominibus
1785 1939 1833 1988 tu-

144 2025 285 2098 Quidquid
306 2026 432 2081 dicturus
451 2046 490 2097 es,
504 2034 570 2083 ante
590 2044 677 2099 (55555
696 2027 767 2095 aliis,
782 2028 885 2082 dixeris
899 2027 960 2082 tibi.
1011 2021 1154 2076 tissimum
1170 2027 1212 2077 est
1233 2023 1288 2078 cito
1304 2023 1414 2095 fugere.
1430 2025 1510 2079 Nulla
1525 2025 1628 2097 pusilla
1641 2026 1751 2095 domus,
1768 2043 1833 2098 quas

143 2119 218 2174 Nihil
238 2120 354 2175 interest
374 2121 450 2176 inter
470 2121 574 2177 iratum
596 2126 624 2178 et
648 2121 789 2191 insanum,
813 2121 866 2176 nisi
888 2138 962 2175 nnus
1011 2116 1116 2170 mullos
1137 2117 1242 2171 amicos
1262 2117 1346 2187 capit.
1361 2117 1437 2173 Scire
1453 2118 1497 2172 uli
1514 2122 1690 2191 paupertate,
1707 2121 1834 2175 maxima

144 2211 204 2268 dics
221 2229 227 2267 :
247 2213 318 2268 alter
332 2231 390 2268 uon
408 2231 521 2286 semper
539 2215 679 2279 irascitur,
699 2215 771 2269 alter
788 2231 899 2286 senapcr
916 2215 960 2268 in·
1011 2209 1139 2264 felicitas.
1161 2210 1243 2265 Acuit
1264 2211 1394 2280 intentio,
1415 2211 1522 2281 frangit
1540 2212 1668 2267 animum
1691 2214 1831 2269 remissie.

144 2305 228 2361 canit.
252 2307 396 2361 Facillime
415 2307 506 2362 honus
526 2309 623 2376 fueris,
649 2309 671 2362 si
694 2325 726 2363 aa
749 2307 878 2361 vitaveris
898 2325 961 2379 quae
1011 2303 1162 2374 Nunquam
1181 2304 1271 2358 scelus
1290 2304 1394 2360 scelere
1415 2305 1586 2360 vincendum
1605 2310 1656 2361 est.
1676 2308 1771 2362 Bonus
1790 2309 1834 2363 rir

143 2399 354 2470 vituperaveris.
373 2401 443 2456 Cum
461 2402 565 2455 alienos
585 2402 724 2470 timueris,
750 2405 777 2455 tu
794 2401 888 2471 ipsum
913 2417 959 2456 rc·
1012 2402 1053 2450 est
1067 2397 1117 2468 qui
1132 2414 1165 2452 eo
1180 2397 1314 2469 perduxit
1327 2397 1429 2453 affectu
1443 2398 1582 2466 aninrum,
1596 2403 1629 2454 ut
1644 2416 1701 2454 non
1720 2406 1832 2457 tantum

144 2508 208 2547 rere
220 2509 226 2547 :
240 2509 307 2547 nam
326 2511 401 2566 serpe
422 2495 482 2548 sine
502 2494 564 2549 aliis
582 2511 641 2549 esse
661 2499 750 2566 potes,
767 2494 826 2548 sine
844 2499 871 2549 te
884 2510 959 2550 nuu-
1011 2505 1125 2560 peceare
1139 2506 1196 2544 aon
1209 2491 1285 2558 velit,
1297 2491 1346 2546 sed
1361 2492 1513 2547 etiarnnon
1524 2493 1621 2563 possit.
1636 2494 1832 2565 ltegnantibus

143 2602 239 2657 quam.
269 2588 297 2643 Si
322 2588 394 2642 bene
426 2594 452 2643 te
477 2589 660 2658 instruxeris,
690 2587 796 2658 pudeat
821 2587 961 2642 deteriora
1012 2581 1090 2654 pejus
1104 2584 1193 2638 multo
1208 2584 1367 2655 pericnlum
1381 2602 1468 2657 quam
1481 2586 1526 2640 his
1540 2586 1590 2656 qui
1599 2586 1782 2657 judicantum
1801 2589 1833 2643 hi

142 2677 244 2735 facere.
258 2680 337 2744 Quod
356 2682 527 2753 persuaseris
545 2682 598 2737 crit
616 2681 795 2747 diuturnum,
812 2680 887 2751 quod
901 2697 961 2735 coe·
1011 2678 1087 2732 enim
1108 2678 1234 2749 singulos
1252 2679 1364 2748 time-nt,
1379 2678 1419 2732 illi
1434 2679 1590 2735 universos.
1604 2681 1736 2752 Nunquid
1751 2681 1832 2736 fortis

144 2772 219 2845 geris
246 2774 299 2829 erit
321 2775 351 2828 in
378 2775 531 2829 occasione.
561 2775 648 2829 Alteri
674 2791 787 2845 semper
810 2774 958 2845 ignoscito,
1010 2770 1111 2825 fortem
1125 2788 1153 2826 se
1169 2768 1344 2843 gloriabitur,
1356 2788 1442 2842 quem
1455 2774 1580 2844 corporis
1591 2773 1728 2846 aegritudo
1743 2774 1796 2828 eun
1808 2775 1831 2829 it

143 2865 196 2920 tibi
215 2867 269 2938 ipsi
291 2885 448 2938 nunqnam.
473 2870 594 2922 'fantum
617 2868 651 2922 ad
678 2868 812 2922 virtutem
836 2867 959 2937 adjicies,
1009 2863 1177 2918 infirmnm?
1190 2864 1410 2934 Nunquiddires
1424 2865 1566 2937 inopibus
1580 2867 1638 2921 suis
1651 2866 1827 2938 gloriabitur,

143 2964 281 3031 qnantum
292 2977 327 3015 ex
336 2962 478 3031 voluptate
488 2960 666 3014 abstraxeris.
677 2961 800 3015 Stultum
811 2965 852 3014 est
862 2977 960 3014 somno
1010 2957 1091 3027 cujus
1106 2973 1184 3028 spem
1197 2957 1244 3011 fur
1252 2957 1296 3011 rel
1308 2961 1444 3028 tyrannus
1457 2959 1591 3030 abrupit?
1604 2960 1737 3032 Nunquid
1751 2960 1832 3015 nobi-

143 3051 285 3122 dcjectari,
304 3058 332 3107 et
350 3053 430 3123 qnasi
448 3053 962 3124 555555555551555.5555555555ιί
1010 3050 1073 3104 litas
1096 3050 1264 3121 gloriabitur
1289 3051 1397 3119 allecta,
1423 3069 1628 3125 nonnunquam
1654 3054 1781 3126 indignis
1802 3060 1831 3109 et

74 3130 77 3135 ’
142 3144 224 3199 malis
242 3145 341 3216 parcit.
362 3146 441 3201 blulti
459 3163 524 3200 5555
542 3147 604 3201 aliis
622 3146 804 3215 maledicunt,
822 3147 874 3200 sibi
894 3146 961 3217 ipsis
1010 3143 1219 3198 miserabilibus
1237 3145 1383 3199 serviens?
1401 3146 1531 3200 Diabolus
1549 3147 1701 3217 aliquando
1719 3164 1748 3202 se
1768 3148 1829 3219 glo·

143 3237 299 3293 convitium
319 3238 436 3294 faciunt.
452 3240 527 3294 Nihil
550 3241 661 3310 turpius
682 3257 768 3312 quam
791 3240 841 3311 qui
866 3238 962 3310 objicit
1011 3236 1137 3291 riabatur
1156 3238 1365 3294 interfectorem
1382 3244 1438 3294 tuac
1455 3240 1671 3310 misericordiae,
1687 3258 1763 3296 nunc
1783 3243 1828 3296 in-

142 3330 224 3386 alteri
233 3349 241 3401 3
274 3332 326 3386 sibi
356 3332 557 3403 objiciendum.
587 3335 621 3388 Ut
649 3332 795 3389 licentiosa
820 3332 962 3404 mancipia
1011 3331 1186 3402 ter-gemiscit
1206 3332 1294 3386 socios
1312 3337 1367 3386 ture
1385 3333 1577 3388 beatitudiuis.
1597 3335 1741 3405 Fugienda
1764 3340 1830 3391 suut

141 3424 241 3493 animi,
256 3424 376 3497 imperio
396 3443 463 3497 rege
481 3427 626 3498 linguam,
641 3426 798 3493 libidinem,
814 3432 941 3480 ventrem
949 3443 958 3494 ;
1012 3423 1143 3478 omuibus
1153 3424 1245 3479 medis
1256 3430 1283 3479 et
1296 3424 1484 3480 abscindenda
1497 3426 1559 3497 igni
1573 3443 1604 3480 ac
1619 3426 1704 3494 ferro,
1716 3432 1830 3499 totoque

142 3518 381 3592 cupiditatemque
398 3520 552 3592 comprime
566 3539 574 3589 3
596 3521 619 3576 si
638 3538 696 3575 non
710 3525 799 3592 potes,
814 3519 962 3591 paululum
1011 3519 1130 3574 artifieio
1148 3519 1318 3590 separanda,
1332 3518 1454 3590 languor
1469 3535 1484 3572 a
1497 3535 1623 3590 corpore,
1639 3520 1781 3591 imperitia
1794 3522 1829 3576 ab

143 3613 266 3668 remitte.
281 3614 359 3684 Saepe
380 3631 413 3668 ea
429 3631 493 3686 qum
508 3614 601 3668 sanari
619 3615 729 3669 ratione
748 3630 805 3668 non
819 3617 959 3685 poterant,
1010 3614 1116 3683 animo,
1132 3612 1246 3668 luxuria
1264 3629 1280 3665 a
1300 3616 1405 3677 mente,
1422 3628 1437 3664 a
1456 3610 1568 3666 civitate
1586 3612 1727 3681 seditio,a
1745 3615 1829 3669 demo

143 3708 240 3761 sanast
259 3711 324 3760 sunt
340 3711 478 3778 ternpore.
493 3707 547 3770 Qui
566 3711 682 3777 propter
693 3707 821 3778 pecunias
835 3723 961 3760 amorem
1010 3707 1158 3775 discordia,
1173 3723 1189 3760 a
1202 3705 1310 3760 cunctis
1331 3706 1415 3760 rebus
1433 3704 1660 3775 intemperantia.
1675 3706 1750 3761 Dixit
1769 3708 1830 3779 qui-

143 3803 172 3854 et
183 3798 337 3853 libidinum
350 3801 481 3868 moritur,
491 3799 611 3854 ostendit
622 3816 650 3855 se
660 3816 808 3872 nunqnam
822 3799 865 3853 sui
879 3816 961 3853 causa
1011 3799 1086 3866 darii,
1101 3800 1257 3853 amicorum
1279 3798 1374 3852 onruia
1393 3813 1451 3852 esse
1471 3798 1642 3867 communia,
1659 3803 1686 3854 et
1704 3800 1830 3854 amicum

144 3891 256 3947 vixisse.
271 3893 375 3964 Turpia
389 3909 425 3947 nc
440 3893 555 3961 dixeris,
566 3893 703 3963 paulatini
717 3892 793 3947 enim
806 3893 898 3964 pudor
911 3909 962 3963 per
1011 3909 1040 3946 se
1056 3893 1148 3963 ipsum
1162 3905 1221 3944 esse
1240 3890 1510 3945 alterun1.l)uorurn
1525 3895 1686 3962 temporum
1704 3893 1829 3947 inanime

145 3984 231 4039 verba
251 3984 411 4040 discutitur.
425 3986 468 4042 Sic
482 3985 589 4052 habita,
604 3990 635 4040 nt
653 3985 747 4058 potius
764 3985 896 4040 laudetur
909 3986 959 4040 do·
1011 3984 1170 4040 habendam
1192 4000 1304 4050 curam,
1321 3987 1349 4038 et
1367 3999 1467 4038 eorum
1488 4000 1552 4055 quae
1570 3984 1659 4040 acturi
1678 4002 1785 4054 sumus,
1802 3991 1831 4041 et

146 4078 240 4132 miuus
253 4094 339 4150 quam
355 4079 456 4134 domus
470 4095 476 4134 :
492 4079 741 4135 consuetudinaria
755 4096 799 4134 res
816 4086 858 4135 est
876 4081 959 4135 iuno·
1012 4095 1111 4135 eorum
1128 4095 1192 4150 qrrae
1213 4076 1361 4149 gessimus.
1382 4078 1447 4132 Post
1469 4077 1558 4131 Deum
1571 4078 1718 4133 veritatem
1739 4080 1831 4134 celen-

146 4172 248 4227 centia.
264 4173 325 4227 Non
345 4172 498 4242 damnatio,
515 4173 563 4228 sed
581 4189 663 4227 causa
681 4173 828 4228 bominem
847 4179 961 4245 turpem
1012 4173 1087 4243 dam,
1101 4188 1165 4243 quae
1178 4171 1235 4226 sola
1245 4169 1377 4226 homines
1390 4170 1444 4225 diis
1458 4170 1602 4242 proximos
1615 4171 1691 4226 facit.

722 4446 1127 4552 opuseulum
1163 4446 1258 4547 III.

271 4625 444 4746 PRO
482 4625 1086 4747 anemurum
1123 4622 1710 4770 JAG'I'AN'HAQ

180 4835 201 4889 l.
222 4835 307 4890 llulta
331 4839 398 4890 sunt
416 4836 550 4890 uitiorum
572 4852 690 4907 genera,
713 4838 815 4908 quibus
837 4836 1186 4923 humanaDsordidatur,
1213 4835 1408 4907 turpiloquiis,
1435 4834 1575 4903 ludibriis,
1605 4834 1830 4901 scurrilitatibus,

144 4926 280 4999 fragilitas
290 4928 449 4998 infestatur,
465 4934 493 4984 et
507 4945 628 5000 quorum
642 4931 806 4985 vulneribus
815 4947 887 5003 pene
902 4947 960 4985 om·
1010 4929 1156 4985 adulteriis
1182 4934 1210 4983 et
1233 4927 1468 4983 fornicationibus
1491 4927 1658 4982 succumbit.
1683 4927 1760 4981 lilius
1783 4929 1832 4998 qui

144 5036 193 5075 nes
215 5021 344 5076 homines
367 5022 520 5076 sociantur.
546 5024 616 5076 Nam
643 5029 673 5078 ut
699 5023 789 5078 dicam
810 5040 901 5095 pauca
925 5025 967 5079 de
1011 5025 1084 5096 gailae
1104 5022 1230 5094 ingluvie
1248 5025 1408 5092 superatur,
1424 5020 1681 5090 comessationibus,
1696 5020 1829 5090 crapulas,

142 5113 240 5168 multis
263 5115 325 5169 aliis
347 5133 354 5170 ι
377 5116 426 5188 qui
447 5116 482 5170 ab
507 5117 653 5171 iracundia
674 5117 811 5188 vincitur,
837 5118 959 5174 caedibus
1010 5115 1139 5174 ebrietati
1151 5115 1281 5171 deservit.
1299 5117 1332 5169 lit
1351 5119 1384 5169 ut
1398 5130 1456 5168 non
1470 5114 1560 5169 inulta
1576 5130 1740 5186 prosequar,
1755 5130 1831 5185 quee-

144 5205 313 5276 bomicidiis,
332 5209 447 5263 clamori
463 5227 495 5264 ac
513 5210 644 5265 seditioni
668 5210 798 5267 deservit.
816 5212 893 5267 Alius
910 5211 960 5283 qai
1009 5226 1121 5282 cunque
1137 5224 1355 5279 memorareper
1367 5206 1486 5279 longum
1497 5212 1548 5275 est,
1559 5223 1625 5262 cum
1638 5207 1764 5277 singulos
1777 5207 1830 5261 ho-

143 5299 260 5356 araritia
282 5302 453 5374 impellitur,
479 5303 734 5375 inhumanitatem,
762 5305 958 5377 rapacitatem,
1010 5305 1102 5360 mines
1119 5306 1249 5359 constet:
1265 5317 1339 5356 unus
1356 5301 1432 5357 iuter
1450 5301 1511 5356 brec
1532 5300 1626 5355 omnia
1648 5301 1764 5355 morbus
1778 5307 1830 5370 est,

144 5393 212 5449 falsa
232 5396 401 5466 testimonia,
416 5396 570 5467 violentias,
586 5398 720 5470 perjuria,
735 5399 825 5468 furta,
842 5399 958 5453 menda·
1010 5397 1059 5471 qui
1081 5396 1249 5453 conditionis
1271 5411 1328 5450 suae
1347 5411 1406 5450 non
1425 5394 1592 5467 singillatim
1614 5395 1762 5466 quosdam,
1784 5395 1832 5448 sed

144 5486 220 5543 cium
243 5492 271 5544 et
289 5488 478 5546 fraudationes
500 5496 621 5547 exercet.
639 5492 715 5547 Alius
736 5492 786 5565 qui
808 5491 960 5547 alibidine
1009 5490 1204 5562 congregatim
1226 5495 1341 5545 cunctos
1365 5488 1483 5557 addicit3
1507 5492 1537 5543 ct
1557 5502 1621 5541 cuni
1644 5491 1744 5542 caetera
1764 5487 1832 5542 sitia

178 5636 264 5689 'llaec
277 5637 305 5689 et
316 5649 380 5705 quac
395 5639 553 5705 sequuntur
566 5636 699 5705 opuscula
711 5635 839 5708 quinque
852 5635 960 5707 primus
1009 5634 1115 5692 Garciae
1138 5634 1172 5690 de
1194 5635 1309 5706 loaysa.
1331 5633 1448 5714 Reliqua
1467 5647 1532 5687 rere
1554 5632 1610 5687 duo
1626 5633 1702 5688 unde
1721 5634 1832 5689 desum-

144 5705 232 5761 edidit
254 5706 372 5761 loannes
394 5706 531 5776 Tamarus
556 5707 665 5761 Salazar
694 5707 724 5761 in
750 5722 801 5761 suo
824 5706 958 5762 Marticol.
1032 5706 1251 5777 scrit,exp1·essc
1269 5722 1327 5761 non
1347 5704 1541 5776 indicatque
1561 5708 1658 5760 tarneu
1677 5721 1712 5761 ex
1731 5705 1831 5761 eodem

144 5777 222 5847 Hisp.
242 5782 309 5833 tem.
337 5778 369 5832 ll.
390 5793 457 5848 pag.
481 5779 611 5833 alr-rra.
639 5780 765 5842 Quorum
790 5776 844 5832 tria
866 5776 961 5847 priora
1051 5776 1111 5833 dice
1125 5776 1172 5834 ille
1185 5776 1312 5834 hausisse
1327 5775 1446 5832 ridetur.

146 5845 291 5920 descripsit
311 5865 326 5906 e
347 5853 509 5922 pervetusto
530 5849 630 5907 Codice
655 5865 708 5906 ms.
730 5847 907 5905 bibliotheca
927 5849 958 5905 l).
