3878 6150
133 257 184 310 ott
243 208 245 213 Ι
425 256 434 265 ’“
862 246 1020 304 tlalltlltltl
1342 251 1345 257 '
1765 248 1821 301 696

134 362 230 418 vivens
247 376 283 416 ex
310 363 431 432 qiiatuor
454 355 601 417 elementis
625 354 786 426 subsistere.
814 354 949 420 Quocirca
958 354 1094 441 Aomnia
1108 354 1170 410 loca
1187 352 1333 411 illocaliter
1355 354 1489 412 continet.
1503 354 1531 411 Si
1543 369 1591 410 vas
1603 354 1694 426 igitur
1714 370 1732 409 a
1754 370 1821 410 vase

134 456 289 511 absurdum
303 457 354 523 est,
365 456 393 508 et
401 468 418 505 a
427 450 550 506 veritatis
559 449 658 520 regula
667 447 802 518 alienum,
812 452 846 503 ut
854 448 949 503 anima
985 448 1185 519 contineatur,
1207 447 1277 503 illud
1289 448 1416 520 profecto
1429 447 1525 505 minus
1536 452 1579 504 est
1592 448 1666 520 quod
1685 448 1818 520 interius,

133 546 169 601 de
194 544 288 617 aliquo
307 543 512 599 elementorum
525 540 628 594 horum
642 539 772 595 credatur
785 537 946 594 subsistere.
998 543 1067 598 illud
1081 543 1174 615 majus
1187 547 1229 598 est
1242 542 1317 614 qaod
1331 543 1462 598 cianus.
1472 542 1617 609 Quomodo
1627 558 1696 614 ergo
1710 542 1818 612 amma,

133 640 165 696 Si
178 654 253 696 omae
265 639 406 708 peccatam
419 633 537 705 (dicente
551 632 694 704 Apostolo)
714 632 892 702 qaodcunque
905 634 947 700 sc·
999 636 1071 691 sicat
1091 636 1194 692 dicitur
1213 653 1333 708 parvum
1354 651 1465 708 corpus,
1492 639 1584 692 tantas
1606 635 1819 708 magnitudines

134 736 201 790 oerit
215 735 300 794 bomo,
308 732 385 784 ccco
393 742 487 798 corpas
496 732 544 790 est,
555 727 649 782 anima
659 742 723 798 quoe
733 741 848 798 peccare
857 729 950 797 potest
999 746 1152 800 corporum
1165 730 1312 786 continet?
1332 732 1366 786 Et
1379 730 1483 786 idcirco
1497 730 1550 787 rite
1563 730 1689 785 creditur
1710 729 1818 801 anima,

133 828 231 898 utique
245 840 345 895 corpus
358 839 416 877 non
429 826 480 889 est,
495 821 566 876 siout
577 820 726 891 Apostolus
739 819 799 891 ipso
810 820 850 874 ait
864 838 872 873 1
885 821 947 878 Gor·
998 824 1186 896 quantitatem
1197 824 1315 896 nullam,
1327 823 1492 896 qualitatem
1502 824 1607 881 bebere
1616 824 1715 892 ullam,
1727 825 1818 880 Deum

130 935 196 993 porc
209 920 313 979 obsera,
325 918 425 987 spirita
438 920 527 970 uatem
536 930 665 985 praseae,
677 912 788 985 judicat
803 912 950 969 bominem
998 934 1051 974 neo
1063 919 1248 991 quantitatem
1264 934 1316 974 nec
1329 918 1494 990 qualitatem
1511 917 1616 975 habere
1630 918 1714 991 :quia
1729 918 1817 990 igitur

133 1015 164 1072 in
179 1017 256 1069 tanta
274 1017 415 1067 terrarum
440 1008 617 1080 longitudine
644 1007 827 1079 disparatum,
850 1008 950 1078 procul
1000 1013 1115 1085 aqualis
1129 1015 1185 1068 [teo
1199 1028 1257 1068 non
1271 1017 1321 1082 est,
1331 1012 1494 1085 qualitatem
1508 1013 1623 1083 habere;
1634 1012 1702 1085 quia
1714 1029 1817 1085 corpus

134 1107 221 1164 dubio
236 1105 334 1162 anima
346 1103 442 1160 localis
455 1119 514 1158 non
528 1106 580 1157 est.
594 1102 623 1157 Si
635 1117 736 1173 corpus
750 1100 838 1156 occidi
846 1103 948 1173 potest,
999 1122 1057 1163 non
1070 1113 1121 1177 est,
1135 1107 1324 1179 quantitatem
1337 1124 1395 1162 non
1406 1106 1520 1163 habere.

133 1202 237 1269 anima,
253 1200 409 1255 secundam
427 1197 503 1270 quod
516 1196 651 1251 Dominus
676 1195 706 1250 in
729 1195 881 1266 Evangelio
899 1194 948 1265 ait,
1034 1201 1106 1256 Cum
1118 1202 1203 1256 etiam
1224 1200 1337 1272 cogitet
1338 1196 1375 1255 'si
1388 1203 1495 1273 potest,
1510 1200 1578 1273 qaid
1598 1200 1633 1256 sit
1655 1200 1686 1257 in
1700 1216 1816 1273 geome-

133 1295 222 1352 oooidi
242 1310 302 1349 non
324 1296 430 1364 potest;
455 1290 581 1362 profecto
595 1289 768 1361 animaque
782 1289 871 1344 occidi
892 1305 949 1343 non
998 1294 1060 1350 triae
1073 1293 1220 1365 disciplina
1233 1298 1383 1365 punctum,
1397 1293 1509 1366 quidm
1525 1294 1597 1350 linea
1609 1310 1695 1367 qu,ae
1707 1295 1816 1350 nnllam

133 1394 183 1463 pot
172 1393 227 1445 test
229 1402 421 1459 ,corpusnon
434 1388 485 1440 est
499 1384 528 1440 Si
542 1382 637 1438 anima
655 1382 750 1455 imago
764 1382 814 1437 llei
827 1388 868 1437 est
881 1382 949 1453 (ipse
998 1388 1086 1444 habet
1104 1387 1295 1481 latitudinem,
1316 1387 1424 1442 nullam
1442 1387 1505 1444 altit
1505 1387 1633 1455 udinem,
1654 1388 1702 1443 sed
1726 1389 1816 1444 solum

133 1484 239 1556 quippe
253 1481 342 1537 dicit:
358 1482 500 1536 Faciamus
521 1480 653 1533 bominem
676 1478 744 1532 od
734 1479 879 1546 imaginem
897 1492 946 1530 ao·
999 1482 1084 1540 habet
1109 1450 1336 1555 loffladinem3
1366 1481 1475 1536 auferat
1498 1481 1588 1538 etiam
1614 1482 1818 1554 cogitationem

132 1582 218 1633 stram
233 1578 259 1630 el
272 1574 477 1629 similitudinem
490 1573 630 1643 ttostram),
651 1569 840 1626 ellecilDeus
855 1568 948 1624 homi·
999 1576 1034 1630 ab
1049 1574 1178 1631 omniurn
1191 1590 1289 1630 rerum
1305 1590 1522 1646 corporearum,
1541 1575 1818 1647 quamvisminutis-

132 1687 200 1726 nem
214 1667 520 1739 adimaginemsuam,
545 1671 573 1720 et
561 1665 695 1720 tlleus
689 1679 872 1735 incorporeus
887 1664 947 1732 est;
999 1669 1145 1737 simarum,
1159 1684 1249 1740 usque
1264 1668 1299 1722 ad
1312 1667 1527 1736 iilamaraneae,
1544 1668 1620 1741 quod
1632 1685 1685 1741 pro
1700 1669 1817 1725 modulo

131 1781 185 1839 pro
186 1764 241 1819 fect
242 1780 258 1818 o
272 1761 367 1816 anima
369 1777 454 1833 ,qaae
468 1761 563 1831 imago
577 1759 626 1813 Dei
639 1763 691 1824 est,
706 1773 808 1829 corpus
823 1773 882 1811 uon
896 1760 947 1812 est.
959 1738 988 1810 Β
1000 1779 1049 1817 suo
1062 1766 1091 1817 e
1080 1760 1280 1817 tlatitudinem
1300 1767 1328 1817 et
1347 1763 1407 1817 altit
1408 1762 1524 1817 udinem
1545 1762 1652 1818 habere
1672 1762 1818 1834 dignosci-

131 1857 253 1915 Porro
233 1874 256 1911 si
268 1871 363 1912 anima
376 1861 540 1926 corpusest,
562 1853 656 1924 imago
678 1852 728 1907 Ilei
749 1868 807 1906 non
828 1855 880 1906 est
859 1851 949 1906 tSed
998 1859 1054 1911 tur.
1072 1857 1182 1911 Etcum
1195 1855 1368 1911 intellexerit
1381 1856 1455 1911 hanc
1467 1856 1581 1927 lineam,
1590 1871 1679 1928 quam
1691 1856 1820 1912 diximus

132 1951 313 2024 quieveram
326 1940 388 2007 esi
380 1948 536 2021 maginem
551 1948 600 2003 Dei
615 1963 674 2002 esse
690 1945 824 2015 animam,
839 1949 867 2001 et
880 1961 948 2000 oon·
998 1966 1056 2004 non
1069 1965 1128 2004 esse
1140 1965 1315 2021 corpoream,
1325 1949 1522 2022 intelligatque
1532 1966 1593 2005 rem
1605 1950 1837 2022 incorpoream,

131 2044 252 2100 trarium
278 2041 430 2114 Scripturas
454 2045 557 2097 sanctae
578 2040 634 2096 dici
658 2055 715 2095 non
734 2043 835 2111 potest,
854 2037 950 2094 anima
998 2041 1137 2113 intelligat
1158 2057 1330 2113 corpusnon
1345 2058 1421 2112 esse3
1437 2042 1662 2114 intelligatrem,
1675 2060 1743 2115 quas
1759 2044 1820 2116 regi

131 2155 235 2211 corpus
248 2140 371 2193 nonest.
998 2136 1028 2191 in
1042 2151 1160 2208 corpore
1173 2134 1366 2204 confirmatur,
1381 2152 1482 2207 corpus
1492 2151 1551 2192 esse
1568 2152 1626 2191 non
1640 2152 1737 2208 posse.
1750 2140 1820 2209 Apo

123 2231 223 2311 Sed
244 2230 275 2287 in
300 2230 461 2287 defensione
483 2228 643 2284 animarum
662 2241 861 2298 corporearum
880 2225 950 2281 illud
999 2230 1086 2285 stolus
1104 2228 1258 2285 enimait:
1285 2231 1353 2297 Quos
1369 2232 1505 2300 praescivit
1521 2231 1732 2301 praedestinavit
1758 2247 1818 2286 ooa-

127 2327 255 2383 maxime
267 2329 393 2381 astruere
406 2323 482 2380 videt
471 2327 526 2393 tur,
537 2322 613 2394 quod
625 2321 722 2377 anima
731 2336 783 2376 con
785 2319 926 2375 meatur
919 2335 949 2375 111
997 2326 1097 2392 formes
1114 2325 1196 2394 ficri
1185 2325 1312 2394 imaginis
1327 2324 1392 2379 Filii
1404 2324 1469 2393 ejas.
1485 2323 1627 2395 lntclligat
1639 2323 1733 2396 igitur
1745 2324 1818 2396 quod

131 2423 204 2476 loco.
220 2421 362 2490 Rogamus
374 2417 469 2489 itaque
492 2416 690 2488 respondeata
707 2430 764 2487 quo
784 2414 846 2468 loco
858 2417 948 2468 oon
999 2417 1147 2489 Apostolus
1161 2418 1229 2473 ait:
1254 2418 1306 2484 Qui
1330 2417 1449 2473 adhaeret
1472 2419 1606 2472 meretnti
1627 2433 1714 2473 anam
1728 2434 1818 2489 corpas

132 2513 195 2570 neri
208 2513 333 2568 animam
353 2528 443 2583 posse.
466 2510 653 2582 Siaoorpore
676 2525 737 2579 suo,
762 2524 831 2579 ergo
847 2508 949 2564 melius
999 2513 1124 2580 officiium
1151 2514 1199 2582 qai
1222 2516 1313 2567 catam
1338 2511 1457 2566 adterat
1483 2515 1593 2567 Domino
1612 2527 1682 2567 artas
1707 2514 1816 2583 spiritur

132 2612 175 2666 est
188 2623 289 2679 corpus
302 2605 378 2678 quod
391 2604 526 2675 continet,
542 2620 628 2676 quam
641 2603 735 2658 anima
749 2618 812 2674 quaa
825 2601 950 2657 continet
999 2611 1047 2661 cst.

131 2718 242 2774 corpus.
259 2701 461 2757 Verumtamen
473 2696 540 2770 quia
555 2697 656 2752 melius
670 2711 729 2752 esse
744 2712 845 2767 corpus
855 2695 949 2750 annno
1033 2699 1210 2771 Quapropter
1224 2699 1379 2754 secundum
1400 2703 1484 2755 rectae
1496 2699 1563 2755 fidei
1576 2697 1725 2755 catholicas
1746 2699 1813 2755 veri-

132 2796 290 2852 absurdum
313 2797 356 2849 est
372 2792 483 2861 dicere3
498 2808 566 2863 ergo
580 2807 637 2846 non
650 2790 746 2845 anima
759 2789 949 2853 continetura
999 2792 1252 2860 tatem‚‘bredimus
1265 2793 1417 2848 Dominum
1431 2792 1634 2865 incorporeum
1649 2793 1749 2849 fecisse
1766 2794 1812 2849 ali·

131 2906 259 2962 corpore,
276 2888 325 2944 sed
336 2886 433 2942 anima
442 2884 568 2941 continet
580 2900 691 2956 corpus.
705 2884 734 2940 Si
747 2884 782 2939 ab
798 2883 900 2949 anima,
907 2898 949 2938 re·
998 2903 1055 2959 qua
1072 2886 1256 2959 incorporea,
1275 2887 1370 2960 aliqua
1394 2900 1547 2959 corporea,
1573 2888 1763 2959 praeposuisse
1786 2889 1813 2942 in

64 3042 68 3047 ,
133 2984 219 3055 gitur,
242 2982 266 3036 si
285 2981 450 3049 vivificatur,
473 2983 579 3050 quanto
605 2978 698 3050 magis
720 2982 749 3033 et
769 2977 948 3033 continetur?
999 2997 1102 3053 genere
1116 2995 1322 3052 *corporearum
1340 2997 1439 3036 rerum
1461 2980 1611 3036 rationalia
1636 2981 1812 3037 irrationabi-

131 3077 187 3132 Nec
201 3074 277 3131 enim
290 3074 328 3129 sic
342 3074 444 3145 implet
456 3089 557 3143 corpus
569 3071 645 3143 quod
654 3071 789 3142 continet,
801 3071 873 3126 sicut
885 3076 949 3126 uter
958 3112 986 3188 C
998 3069 1081 3140 libus,
1092 3069 1280 3142 intelligibilia
1292 3086 1350 3124 non
1364 3069 1597 3142 intelligentibus,
1603 3070 1684 3140 justa
1695 3070 1812 3142 injustis,

132 3168 245 3240 impleri
257 3167 368 3223 videtur
380 3182 462 3238 aqua,
476 3171 508 3220 ut
520 3169 632 3220 tantum
644 3165 764 3221 interius
779 3165 825 3236 sit,
835 3181 893 3224 non
903 3180 949 3220 ex·
998 3168 1074 3221 recta
1101 3164 1229 3239 previas
1245 3162 1415 3219 immortalia
1444 3163 1621 3220 mortalibus.
1653 3165 1685 3219 ln
1716 3180 1813 3235 genera

131 3262 229 3319 terius.
246 3263 314 3317 Tota
328 3260 417 3332 igitur
430 3259 524 3314 anirna
537 3259 656 3314 interius
670 3263 722 3328 est,
737 3263 795 3314 tota
813 3258 948 3329 exterius,
998 3257 1086 3330 igitur
1098 3273 1194 3312 rerum
1207 3273 1422 3330 corporearum,
1436 3257 1575 3313 sensibilia
1594 3257 1812 3327 insensibilibus,

130 3360 209 3412 tanta
219 3359 261 3411 est
274 3354 305 3410 in
315 3354 425 3409 minore
435 3353 562 3425 corporis
576 3357 665 3424 parte,
677 3356 782 3424 quauta
790 3352 821 3407 in
830 3352 947 3422 majore.
998 3351 1120 3407 viventia
1132 3368 1189 3407 non
1201 3351 1375 3422 viventibus,
1390 3351 1510 3406 coelestia
1523 3352 1727 3419 terrestribus,
1743 3368 1812 3407 mos·

130 3450 159 3506 Si
168 3449 245 3505 enim
252 3452 378 3505 extrema
385 3447 582 3519 corporispars
589 3447 633 3501 vel
643 3430 733 3517 digito
741 3450 883 3517 tangatur,
892 3449 950 3501 tota
999 3445 1126 3501 culinum
1145 3437 1293 3514 feminino,
1308 3445 1431 3501 maxime
1444 3446 1586 3501 valentem
1610 3446 1710 3501 minus
1723 3446 1812 3502 valen-

131 3544 225 3600 senlit.
241 3545 275 3598 Et
288 3558 354 3597 cum
367 3557 465 3597 sensus
479 3539 604 3613 corporis
618 3539 749 3611 quinario
762 3556 882 3595 numero
896 3538 950 3595 dis·
998 3538 1074 3594 tiori.

130 3635 226 3710 pertiti
247 3636 313 3705 sint,
328 3635 377 3690 illa
390 3635 537 3706 dispertita
555 3650 613 3689 nou
627 3639 669 3689 est
683 3632 712 3688 in
726 3633 854 3688 sensibus
869 3649 876 3688 :
891 3639 950 3689 tota
1035 3633 1088 3689 Sed
1109 3634 1170 3688 haro
1194 3633 1314 3688 dicimus
1329 3632 1506 3688 ostendentes
1528 3633 1598 3704 quid
1623 3633 1730 3689 habeat
1751 3634 1814 3690 ordo

130 3731 227 3801 itaque
241 3729 326 3798 videt,
340 3732 400 3784 tota
411 3728 499 3797 audit;
514 3733 572 3783 tota
587 3728 695 3794 odorat,
708 3729 766 3782 tota
778 3728 880 3799 tangit,
890 3732 950 3784 tota
998 3731 1118 3795 naturae,
1132 3743 1191 3782 non
1204 3727 1272 3799 quid
1286 3730 1417 3783 nostrum
1429 3731 1534 3782 asserat
1547 3729 1744 3784 commodum.
1752 3728 1814 3793 Quis

132 3825 226 3895 gustat
240 3839 247 3876 :
263 3828 291 3877 et
310 3838 376 3876 cum
389 3838 490 3893 corpus
504 3825 599 3877 movet
617 3821 678 3893 ipsa
701 3837 752 3892 per
774 3821 878 3891 locam,
891 3838 949 3878 non
998 3837 1056 3875 non
1076 3820 1163 3877 etiam
1176 3820 1258 3876 malit
1269 3821 1373 3877 habere
1384 3836 1490 3892 panem
1504 3837 1591 3892 quam
1605 3822 1724 3893 sorices,
1739 3839 1814 3895 gem·

131 3919 260 3983 movetur
273 3915 335 3986 ipsa
347 3915 377 3970 in
390 3914 462 3970 loco.
966 3920 988 3951 ⁴·
998 3931 1075 3970 mam
1087 3930 1172 3986 quam
1194 3915 1352 3970 famulam?
1368 3917 1396 3969 et
1408 3915 1577 3986 plerumque
1596 3914 1685 3970 etiam
1698 3916 1816 3988 amplias

169 4007 304 4075 Quocirca
316 4009 395 4064 valde
415 4007 551 4063 veraciter
562 4012 619 4063 tres
635 4007 834 4080 intelliguntur
844 4009 948 4088 motio·
998 4008 1169 4080 appenditur
1179 4024 1268 4080 equus
1280 4025 1367 4081 quam
1382 4025 1478 4064 servus
1490 4051 1497 4079 ,
1513 4008 1583 4063 dum
1595 4008 1704 4066 scilicet
1715 4010 1816 4066 utilitas

130 4121 181 4160 aes
193 4107 362 4158 naturarum
378 4120 385 4158 ε
402 4119 459 4158 una
471 4102 540 4172 Dei,
563 4118 627 4175 quae
642 4118 694 4157 nec
710 4101 880 4174 intempore
895 4108 947 4173 est,
999 4102 1179 4175 appenditur,
1191 4118 1248 4157 non
1261 4103 1330 4157 ordo
1344 4103 1474 4158 creantis.

130 4214 181 4254 neo
194 4198 225 4253 in
243 4199 303 4253 loco
319 4215 326 4253 1
344 4197 398 4252 alia
410 4196 525 4269 spiritus
539 4195 694 4264 rationalis,
714 4212 778 4268 quae
795 4200 906 4252 tantum
919 4197 949 4253 in
1034 4196 1087 4252 Sed
1096 4197 1156 4267 jam
1173 4196 1214 4251 rel
1229 4212 1305 4251 nunc
1319 4196 1454 4267 accipiat,
1468 4196 1634 4252 charissime
1647 4197 1746 4269 frater,
1769 4197 1814 4271 qui

131 4296 258 4364 tempore
271 4295 323 4348 est.
345 4292 401 4348 Sed
419 4290 537 4346 forsitan
553 4289 733 4363 respondebit
748 4309 756 4345 :
770 4291 804 4345 Ut
821 4290 890 4363 quid
903 4307 948 4347 re·
998 4295 1025 4346 te
1036 4289 1153 4345 aunime
1167 4289 1264 4345 audire
1277 4290 1422 4360 detractat,
1430 4293 1558 4345 sanctum
1569 4294 1657 4362 atque
1670 4292 1815 4365 egregiam

130 4385 255 4457 quiritur
263 4402 280 4439 a
288 4402 334 4441 me
343 4386 449 4457 quanta
455 4383 550 4439 anima
561 4383 759 4456 magnitudine
769 4383 947 4454 extendatur,
998 4384 1213 4456 predicatorem
1227 4383 1381 4439 antistitem
1394 4384 1588 4456 augustinum
1604 4403 1611 4439 :
1627 4390 1658 4442 et
1670 4385 1737 4442 licet
1748 4402 1815 4458 peno

131 4478 345 4535 oumseraoiter
359 4482 463 4551 pateat,
478 4483 559 4534 extra
578 4494 679 4550 corpus
702 4494 785 4532 suum
807 4493 868 4533 esse
889 4486 985 4560 nonD
997 4477 1027 4533 in
1046 4477 1177 4533 omnibus
1200 4476 1342 4549 opusculis
1355 4477 1423 4546 suis,
1445 4477 1493 4532 ubi
1513 4493 1581 4532 eum
1605 4494 1692 4533 causa
1711 4480 1812 4551 exegit,

130 4589 223 4644 posse,
235 4576 263 4628 el
276 4572 433 4628 secundum
447 4572 672 4644 magnitudinem
685 4572 809 4643 corporis
823 4571 948 4627 annnam
998 4571 1123 4626 animam
1137 4572 1180 4626 vel
1193 4571 1328 4643 angelum
1340 4570 1461 4626 instruat
1473 4571 1690 4643 incorporeum,
1703 4590 1812 4629 veram·

130 4666 287 4738 quanlitate
299 4666 396 4721 liniri?
410 4668 483 4739 Ergo
496 4666 520 4721 si
528 4667 611 4739 juxta
623 4666 811 4738 quantitatem
822 4665 948 4738 corporis
997 4668 1093 4720 tamen
1117 4665 1184 4738 quia
1204 4664 1337 4737 angustia
1358 4664 1494 4737 temporis
1511 4665 1594 4734 (sicat
1607 4665 1678 4738 jam
1685 4667 1812 4736 diximus)

129 4759 272 4833 quantitas
285 4764 326 4815 est
348 4759 466 4831 animae,
481 4765 560 4816 tanto
573 4761 693 4833 quisque
714 4759 815 4815 debeat
828 4776 888 4815 esse
901 4777 946 4814 sa·
998 4764 1129 4828 coarctat,
1138 4759 1225 4814 libros
1238 4759 1300 4830 ejus
1310 4774 1362 4814 nec
1372 4759 1451 4814 vobis
1460 4759 1666 4832 transmittere,
1675 4761 1810 4817 necnobis

130 4853 262 4926 pientior,
289 4859 395 4926 quanto
419 4853 505 4909 luerit
526 4870 645 4926 corpore
668 4852 812 4926 grandior.
826 4855 861 4908 tt
881 4868 947 4909 vero
997 4854 1091 4926 legero
1104 4857 1192 4923 vacat,
1212 4870 1300 4926 pauca
1324 4853 1409 4908 etiam
1431 4869 1495 4925 quae
1512 4853 1594 4909 nobis
1608 4871 1645 4910 ex
1665 4855 1746 4911 libris
1757 4855 1811 4926 ejus

130 4964 195 5003 cum
208 4949 377 5020 plerumque
388 4964 537 5004 cernamus
550 4947 733 5020 sapientiores
743 4963 803 5003 esse
812 4947 945 5019 minores,
998 4947 1033 5003 ad
1045 4947 1302 5019 incorporalitatem
1315 4947 1417 5004 1111111111
1427 4948 1577 5020 autangeli
1591 4948 1810 5005 astruendamin

129 5057 217 5113 quam
231 5059 348 5115 corpore
362 5042 537 5116 grandiores,
551 5045 664 5098 nonest
677 5042 779 5097 annuae
792 5044 948 5099 secundam
998 5046 1123 5097 mentem
1136 5041 1263 5112 veniunt,
1277 5041 1398 5097 scribere
1412 5041 1583 5098 curarimus.
1597 5043 1630 5097 ln
1644 5041 1718 5098 libro
1731 5042 1810 5115 igitur

130 5135 948 5210 corporisquantitatemquantitas.t³orroautem‚sttcntam
998 5135 1046 5207 qui
1059 5135 1174 5191 titulum
1184 5136 1279 5204 habet,
1288 5136 1326 5191 lle
1335 5152 1446 5191 summo
1454 5135 1809 5209 bono,supramemorabrs

129 5229 357 5300 magnitudinem
371 5232 472 5287 habeat
486 5232 590 5301 anima,
605 5235 740 5303 quantam
756 5247 869 5302 corpus3
880 5248 948 5303 quo·
997 5229 1135 5287 antistes:
1152 5229 1279 5285 «Omnis
1300 5232 1402 5284 natura
1423 5229 1534 5302 (inquit)
1556 5232 1606 5285 aul
1630 5231 1747 5303 spiritus
1766 5232 1811 5285 aut

128 5323 214 5378 modo
227 5324 257 5378 in
271 5342 390 5395 parvum
400 5343 501 5399 corpus
511 5331 603 5382 tantas
614 5341 766 5399 corporum
774 5325 947 5396 granditates
997 5341 1098 5397 corpus
1113 5328 1168 5394 est3
1192 5322 1307 5396 spiritus
1319 5314 1559 5379 incommutabilis
1576 5325 1652 5380 Deus
1665 5330 1717 5393 est,
1731 5323 1809 5397 spiri·

129 5416 288 5490 imaginum
302 5420 501 5477 continetiltn
516 5437 680 5477 nonomnes
689 5419 901 5492 magnitudines
910 5420 948 5475 oi·
997 5419 1067 5474 ritus
1077 5417 1285 5475 commutabilis
1294 5418 1367 5473 lacta
1375 5420 1486 5487 natura,
1497 5418 1546 5473 sed
1555 5435 1677 5490 corpore
1685 5419 1809 5476 melior.»

129 5512 248 5568 vitatum
264 5514 486 5587 quasnovimus,
500 5517 651 5585 montium,
667 5515 829 5585 fluminum,
844 5514 947 5571 coellet
999 5514 1028 5568 ln
1040 5514 1112 5568 libro
1135 5513 1221 5568 etiam
1241 5513 1276 5567 dc
1293 5511 1459 5583 Virginitate
1480 5516 1584 5567 sanctae
1601 5513 1707 5582 Marias,
1730 5528 1811 5585 (1111111

125 5610 220 5677 terrae,
234 5608 278 5663 vel
291 5609 467 5681 reliquarum
479 5609 638 5681 specierum
646 5608 740 5664 animo
748 5608 945 5666 continemus?
996 5608 1032 5662 ad
1046 5606 1225 5663 Volusianum
1238 5605 1348 5676 scripsit
1362 5622 1368 5660 :
1385 5627 1399 5655 o
1414 5605 1443 5661 Si
1456 5610 1553 5661 autem
1572 5606 1685 5680 (inquil)
1700 5607 1811 5680 quidam

125 5700 193 5764 Quis
203 5701 288 5759 etiam
300 5703 379 5759 locus
389 5709 448 5759 tam
459 5702 573 5774 grandis
582 5703 685 5758 animoa
694 5719 760 5758 cum
770 5707 847 5759 tanta
856 5704 946 5775 spatia
995 5701 1134 5756 rationem
1149 5701 1228 5757 reddi
1241 5700 1294 5756 sibi
1308 5699 1446 5772 flagitant,
1463 5700 1607 5773 quomodo
1620 5701 1694 5757 Deus
1706 5701 1811 5757 homini

124 5791 252 5851 locorum
274 5796 419 5855 continet?
439 5796 492 5854 Sed
513 5796 579 5869 quia
596 5797 656 5871 ipsa
681 5812 783 5871 corpus
811 5813 868 5855 non
891 5801 944 5868 est,
995 5795 1146 5870 permistus
1166 5795 1211 5868 sit,
1234 5799 1266 5852 at
1288 5792 1438 5854 unalieret
1458 5810 1579 5869 persono
1600 5793 1725 5868 (11111111,
1749 5811 1811 5852 cam
