<?xml version="1.0" encoding="UTF-8"?>
<!DOCTYPE html PUBLIC "-//W3C//DTD XHTML 1.0 Transitional//EN"
    "http://www.w3.org/TR/xhtml1/DTD/xhtml1-transitional.dtd">
<html xmlns="http://www.w3.org/1999/xhtml" xml:lang="en" lang="en">
 <head>
  <title>
</title>
<meta http-equiv="Content-Type" content="text/html;charset=utf-8" />
  <meta name='ocr-system' content='tesseract 3.04.00' />
  <meta name='ocr-capabilities' content='ocr_page ocr_carea ocr_par ocr_line ocrx_word'/>
</head>
<body>
  <div class='ocr_page' id='page_1' title='image "./patrologiaecurs00migngoog/patrologiaecurs00migngoog_0472.png"; bbox 0 0 3884 6150; ppageno 0'>
   <div class='ocr_carea' id='block_1_1' title="bbox 71 241 128 296">
    <p class='ocr_par' dir='ltr' id='par_1_1' title="bbox 71 241 128 296">
     <span class='ocr_line' id='line_1_1' title="bbox 71 241 128 296; baseline 0.018 -1"><span class='ocrx_word' id='word_1_1' title='bbox 71 241 128 296; x_wconf 78' lang='grc'><strong>933</strong></span> 
     </span>
    </p>
   </div>
   <div class='ocr_carea' id='block_1_2' title="bbox 506 230 1295 296">
    <p class='ocr_par' dir='ltr' id='par_1_2' title="bbox 506 230 1295 296">
     <span class='ocr_line' id='line_1_2' title="bbox 506 230 1295 296; baseline -0.008 0"><span class='ocrx_word' id='word_1_2' title='bbox 506 234 689 296; x_wconf 78' lang='lat' dir='ltr'><strong>JUSTlNthl</strong></span> <span class='ocrx_word' id='word_1_3' title='bbox 708 237 873 294; x_wconf 70' lang='lat' dir='ltr'><strong>rotatus</strong></span> <span class='ocrx_word' id='word_1_4' title='bbox 892 237 1059 295; x_wconf 83' lang='lat' dir='ltr'>SELECTAE.</span> <span class='ocrx_word' id='word_1_5' title='bbox 1080 236 1234 294; x_wconf 75' lang='lat' dir='ltr'><strong>novatus</strong></span> <span class='ocrx_word' id='word_1_6' title='bbox 1252 230 1295 292; x_wconf 83' lang='lat' dir='ltr'><strong>Vl.</strong></span> 
     </span>
    </p>
   </div>
   <div class='ocr_carea' id='block_1_3' title="bbox 1708 228 1760 295">
    <p class='ocr_par' dir='ltr' id='par_1_3' title="bbox 1708 228 1760 295">
     <span class='ocr_line' id='line_1_3' title="bbox 1708 228 1760 295; baseline 0.058 -3"><span class='ocrx_word' id='word_1_7' title='bbox 1708 228 1760 295; x_wconf 83' lang='lat' dir='ltr'><strong>sat</strong></span> 
     </span>
    </p>
   </div>
   <div class='ocr_carea' id='block_1_4' title="bbox 68 340 1757 434">
    <p class='ocr_par' dir='ltr' id='par_1_4' title="bbox 68 340 1757 434">
     <span class='ocr_line' id='line_1_4' title="bbox 68 340 1757 434; baseline -0.002 -30"><span class='ocrx_word' id='word_1_8' title='bbox 68 348 180 404; x_wconf 90' lang='lat' dir='ltr'><strong>tionem</strong></span> <span class='ocrx_word' id='word_1_9' title='bbox 196 345 306 420; x_wconf 91' lang='lat' dir='ltr'><strong>imponi</strong></span> <span class='ocrx_word' id='word_1_10' title='bbox 318 363 419 415; x_wconf 89' lang='lat' dir='ltr'><strong>causae,</strong></span> <span class='ocrx_word' id='word_1_11' title='bbox 435 351 531 403; x_wconf 88' lang='lat' dir='ltr'><strong>currat</strong></span> <span class='ocrx_word' id='word_1_12' title='bbox 542 348 578 403; x_wconf 87' lang='lat' dir='ltr'><strong>ad</strong></span> <span class='ocrx_word' id='word_1_13' title='bbox 591 348 813 418; x_wconf 84' lang='lat' dir='ltr'><strong>ordinationem3</strong></span> <span class='ocrx_word' id='word_1_14' title='bbox 823 348 890 403; x_wconf 89' lang='lat' dir='ltr'><strong>sciat</strong></span> <span class='ocrx_word' id='word_1_15' title='bbox 900 359 929 434; x_wconf 67' lang='grc' dir='ltr'><strong>Α</strong></span> <span class='ocrx_word' id='word_1_16' title='bbox 940 347 1006 418; x_wconf 89' lang='lat' dir='ltr'><strong>rios,</strong></span> <span class='ocrx_word' id='word_1_17' title='bbox 1023 350 1073 402; x_wconf 87' lang='lat' dir='ltr'><strong>aut</strong></span> <span class='ocrx_word' id='word_1_18' title='bbox 1084 362 1242 404; x_wconf 88' lang='lat' dir='ltr'><strong>oeeonomos</strong></span> <span class='ocrx_word' id='word_1_19' title='bbox 1255 359 1369 401; x_wconf 87' lang='lat' dir='ltr'><strong>movere</strong></span> <span class='ocrx_word' id='word_1_20' title='bbox 1380 343 1472 414; x_wconf 88' lang='lat' dir='ltr'><strong>liceat,</strong></span> <span class='ocrx_word' id='word_1_21' title='bbox 1484 345 1512 400; x_wconf 91' lang='lat' dir='ltr'><strong>et</strong></span> <span class='ocrx_word' id='word_1_22' title='bbox 1525 340 1707 416; x_wconf 82' lang='lat' dir='ltr'><strong>petitionibus</strong></span> <span class='ocrx_word' id='word_1_23' title='bbox 1721 344 1757 401; x_wconf 91' lang='lat' dir='ltr'><strong>ad</strong></span> 
     </span>
    </p>
   </div>
   <div class='ocr_carea' id='block_1_5' title="bbox 64 441 890 1640">
    <p class='ocr_par' dir='ltr' id='par_1_5' title="bbox 64 441 890 1640">
     <span class='ocr_line' id='line_1_5' title="bbox 65 441 890 514; baseline 0.001 -17"><span class='ocrx_word' id='word_1_24' title='bbox 65 443 147 514; x_wconf 89' lang='lat' dir='ltr'><strong>quod</strong></span> <span class='ocrx_word' id='word_1_25' title='bbox 157 443 191 496; x_wconf 91' lang='lat' dir='ltr'><strong>ab</strong></span> <span class='ocrx_word' id='word_1_26' title='bbox 201 459 235 498; x_wconf 91' lang='lat' dir='ltr'><strong>eo</strong></span> <span class='ocrx_word' id='word_1_27' title='bbox 247 442 280 497; x_wconf 86' lang='lat' dir='ltr'><strong>lit</strong></span> <span class='ocrx_word' id='word_1_28' title='bbox 293 459 344 514; x_wconf 88' lang='lat' dir='ltr'><strong>pro</strong></span> <span class='ocrx_word' id='word_1_29' title='bbox 358 441 448 498; x_wconf 87' lang='lat' dir='ltr'><strong>nihilo</strong></span> <span class='ocrx_word' id='word_1_30' title='bbox 458 459 527 497; x_wconf 88' lang='lat' dir='ltr'><strong>esse.</strong></span> <span class='ocrx_word' id='word_1_31' title='bbox 542 442 595 499; x_wconf 91' lang='lat' dir='ltr'><strong>Sed</strong></span> <span class='ocrx_word' id='word_1_32' title='bbox 610 445 639 498; x_wconf 89' lang='lat' dir='ltr'><strong>et</strong></span> <span class='ocrx_word' id='word_1_33' title='bbox 650 443 732 514; x_wconf 90' lang='lat' dir='ltr'><strong>isqui</strong></span> <span class='ocrx_word' id='word_1_34' title='bbox 743 446 841 497; x_wconf 92' lang='lat' dir='ltr'><strong>cantra</strong></span> <span class='ocrx_word' id='word_1_35' title='bbox 852 443 890 498; x_wconf 92' lang='lat' dir='ltr'><strong>le·</strong></span> 
     </span>
     <span class='ocr_line' id='line_1_6' title="bbox 68 535 890 609; baseline 0.001 -17"><span class='ocrx_word' id='word_1_36' title='bbox 68 553 138 608; x_wconf 86' lang='lat' dir='ltr'><strong>gem</strong></span> <span class='ocrx_word' id='word_1_37' title='bbox 146 537 223 606; x_wconf 82' lang='lat' dir='ltr'><strong>facit,</strong></span> <span class='ocrx_word' id='word_1_38' title='bbox 235 537 314 593; x_wconf 88' lang='lat' dir='ltr'><strong>cadet</strong></span> <span class='ocrx_word' id='word_1_39' title='bbox 324 535 489 606; x_wconf 87' lang='lat' dir='ltr'><strong>sacerdotio,</strong></span> <span class='ocrx_word' id='word_1_40' title='bbox 501 536 587 609; x_wconf 91' lang='lat' dir='ltr'><strong>etqui</strong></span> <span class='ocrx_word' id='word_1_41' title='bbox 597 537 829 609; x_wconf 90' lang='lat' dir='ltr'><strong>siueprobatione</strong></span> <span class='ocrx_word' id='word_1_42' title='bbox 839 537 890 592; x_wconf 88' lang='lat' dir='ltr'><strong>iru-</strong></span> 
     </span>
     <span class='ocr_line' id='line_1_7' title="bbox 65 630 890 703; baseline 0.001 -16"><span class='ocrx_word' id='word_1_43' title='bbox 65 632 153 703; x_wconf 92' lang='lat' dir='ltr'><strong>ponit</strong></span> <span class='ocrx_word' id='word_1_44' title='bbox 165 631 382 697; x_wconf 78' lang='lat' dir='ltr'><strong>ordinationem,</strong></span> <span class='ocrx_word' id='word_1_45' title='bbox 398 635 426 686; x_wconf 92' lang='lat' dir='ltr'><strong>et</strong></span> <span class='ocrx_word' id='word_1_46' title='bbox 438 630 497 702; x_wconf 90' lang='lat' dir='ltr'><strong>ipse</strong></span> <span class='ocrx_word' id='word_1_47' title='bbox 519 631 637 703; x_wconf 92' lang='lat' dir='ltr'><strong>quidem</strong></span> <span class='ocrx_word' id='word_1_48' title='bbox 658 630 789 687; x_wconf 90' lang='lat' dir='ltr'><strong>similiter</strong></span> <span class='ocrx_word' id='word_1_49' title='bbox 811 631 890 688; x_wconf 82' lang='lat' dir='ltr'><strong>cadet</strong></span> 
     </span>
     <span class='ocr_line' id='line_1_8' title="bbox 66 724 888 796; baseline 0 -16"><span class='ocrx_word' id='word_1_50' title='bbox 66 726 137 780; x_wconf 89' lang='lat' dir='ltr'><strong>sede</strong></span> <span class='ocrx_word' id='word_1_51' title='bbox 144 724 319 793; x_wconf 89' lang='lat' dir='ltr'><strong>sacerdotali,</strong></span> <span class='ocrx_word' id='word_1_52' title='bbox 327 741 391 779; x_wconf 89' lang='lat' dir='ltr'><strong>reus</strong></span> <span class='ocrx_word' id='word_1_53' title='bbox 398 724 552 779; x_wconf 86' lang='lat' dir='ltr'><strong>antemerit</strong></span> <span class='ocrx_word' id='word_1_54' title='bbox 559 724 615 779; x_wconf 88' lang='lat' dir='ltr'><strong>Deo</strong></span> <span class='ocrx_word' id='word_1_55' title='bbox 623 725 672 795; x_wconf 91' lang='lat' dir='ltr'><strong>qui</strong></span> <span class='ocrx_word' id='word_1_56' title='bbox 681 725 809 780; x_wconf 91' lang='lat' dir='ltr'><strong>omnium</strong></span> <span class='ocrx_word' id='word_1_57' title='bbox 819 742 888 796; x_wconf 78' lang='lat' dir='ltr'><strong>prte-</strong></span> 
     </span>
     <span class='ocr_line' id='line_1_9' title="bbox 66 817 888 891; baseline 0 -17"><span class='ocrx_word' id='word_1_58' title='bbox 66 818 385 891; x_wconf 86' lang='lat' dir='ltr'><strong>eipuequaeritsuomm</strong></span> <span class='ocrx_word' id='word_1_59' title='bbox 393 817 888 889; x_wconf 87' lang='lat' dir='ltr'><strong>sace1·dotumpuritatem.Sitamem</strong></span> 
     </span>
     <span class='ocr_line' id='line_1_10' title="bbox 66 910 890 984; baseline 0 -17"><span class='ocrx_word' id='word_1_60' title='bbox 66 911 154 984; x_wconf 86' lang='lat' dir='ltr'><strong>isqui</strong></span> <span class='ocrx_word' id='word_1_61' title='bbox 166 911 336 967; x_wconf 88' lang='lat' dir='ltr'><strong>ordinationi</strong></span> <span class='ocrx_word' id='word_1_62' title='bbox 349 910 527 980; x_wconf 81' lang='lat' dir='ltr'><strong>contradicit,</strong></span> <span class='ocrx_word' id='word_1_63' title='bbox 537 916 586 965; x_wconf 88' lang='lat' dir='ltr'><strong>ant</strong></span> <span class='ocrx_word' id='word_1_64' title='bbox 598 912 808 967; x_wconf 82' lang='lat' dir='ltr'><strong>examinatione</strong></span> <span class='ocrx_word' id='word_1_65' title='bbox 817 911 890 968; x_wconf 82' lang='lat' dir='ltr'><strong>lacta</strong></span> 
     </span>
     <span class='ocr_line' id='line_1_11' title="bbox 66 1004 889 1080; baseline -0.001 -17"><span class='ocrx_word' id='word_1_66' title='bbox 66 1007 206 1080; x_wconf 85' lang='lat' dir='ltr'><strong>probetur</strong></span> <span class='ocrx_word' id='word_1_67' title='bbox 225 1004 420 1075; x_wconf 89' lang='lat' dir='ltr'><strong>calumniator,</strong></span> <span class='ocrx_word' id='word_1_68' title='bbox 437 1008 488 1059; x_wconf 91' lang='lat' dir='ltr'><strong>aut</strong></span> <span class='ocrx_word' id='word_1_69' title='bbox 500 1005 528 1059; x_wconf 91' lang='lat' dir='ltr'><strong>iu</strong></span> <span class='ocrx_word' id='word_1_70' title='bbox 544 1004 606 1076; x_wconf 91' lang='lat' dir='ltr'><strong>ipso</strong></span> <span class='ocrx_word' id='word_1_71' title='bbox 628 1005 780 1078; x_wconf 92' lang='lat' dir='ltr'><strong>principio,</strong></span> <span class='ocrx_word' id='word_1_72' title='bbox 796 1023 889 1079; x_wconf 93' lang='lat' dir='ltr'><strong>neque</strong></span> 
     </span>
     <span class='ocr_line' id='line_1_12' title="bbox 65 1097 888 1172; baseline -0.001 -15"><span class='ocrx_word' id='word_1_73' title='bbox 65 1101 101 1157; x_wconf 91' lang='lat' dir='ltr'><strong>in</strong></span> <span class='ocrx_word' id='word_1_74' title='bbox 124 1099 333 1157; x_wconf 86' lang='lat' dir='ltr'><strong>examinatione</strong></span> <span class='ocrx_word' id='word_1_75' title='bbox 347 1099 497 1171; x_wconf 88' lang='lat' dir='ltr'><strong>persistere</strong></span> <span class='ocrx_word' id='word_1_76' title='bbox 511 1097 643 1167; x_wconf 84' lang='lat' dir='ltr'><strong>confidat,</strong></span> <span class='ocrx_word' id='word_1_77' title='bbox 659 1105 791 1172; x_wconf 85' lang='lat' dir='ltr'><strong>segreget</strong></span> <span class='ocrx_word' id='word_1_78' title='bbox 802 1100 888 1156; x_wconf 90' lang='lat' dir='ltr'><strong>istum</strong></span> 
     </span>
     <span class='ocr_line' id='line_1_13' title="bbox 67 1193 886 1267; baseline -0.002 -16"><span class='ocrx_word' id='word_1_79' title='bbox 67 1196 100 1250; x_wconf 92' lang='lat' dir='ltr'><strong>in</strong></span> <span class='ocrx_word' id='word_1_80' title='bbox 112 1199 283 1267; x_wconf 89' lang='lat' dir='ltr'><strong>perpetuum</strong></span> <span class='ocrx_word' id='word_1_81' title='bbox 295 1211 312 1249; x_wconf 88' lang='lat' dir='ltr'><strong>a</strong></span> <span class='ocrx_word' id='word_1_82' title='bbox 324 1209 403 1248; x_wconf 90' lang='lat' dir='ltr'><strong>sacra</strong></span> <span class='ocrx_word' id='word_1_83' title='bbox 416 1193 615 1249; x_wconf 87' lang='lat' dir='ltr'><strong>communione</strong></span> <span class='ocrx_word' id='word_1_84' title='bbox 633 1193 657 1248; x_wconf 92' lang='lat' dir='ltr'><strong>is</strong></span> <span class='ocrx_word' id='word_1_85' title='bbox 670 1194 719 1266; x_wconf 92' lang='lat' dir='ltr'><strong>qui</strong></span> <span class='ocrx_word' id='word_1_86' title='bbox 732 1194 886 1249; x_wconf 91' lang='lat' dir='ltr'><strong>ordinatio-</strong></span> 
     </span>
     <span class='ocr_line' id='line_1_14' title="bbox 65 1287 886 1360; baseline -0.001 -16"><span class='ocrx_word' id='word_1_87' title='bbox 65 1287 344 1356; x_wconf 79' lang='lat' dir='ltr'><strong>nemiacerevalt,ut</strong></span> <span class='ocrx_word' id='word_1_88' title='bbox 354 1304 412 1342; x_wconf 90' lang='lat' dir='ltr'><strong>non</strong></span> <span class='ocrx_word' id='word_1_89' title='bbox 425 1287 484 1358; x_wconf 91' lang='lat' dir='ltr'><strong>ipsa</strong></span> <span class='ocrx_word' id='word_1_90' title='bbox 495 1287 598 1343; x_wconf 79' lang='lat' dir='ltr'><strong>falsitas</strong></span> <span class='ocrx_word' id='word_1_91' title='bbox 607 1287 746 1360; x_wconf 85' lang='lat' dir='ltr'><strong>impunita</strong></span> <span class='ocrx_word' id='word_1_92' title='bbox 755 1287 800 1342; x_wconf 88' lang='lat' dir='ltr'><strong>sit.</strong></span> <span class='ocrx_word' id='word_1_93' title='bbox 810 1287 886 1344; x_wconf 88' lang='lat' dir='ltr'><strong>Sicut</strong></span> 
     </span>
     <span class='ocr_line' id='line_1_15' title="bbox 66 1380 885 1453; baseline -0.002 -15"><span class='ocrx_word' id='word_1_94' title='bbox 66 1382 147 1438; x_wconf 89' lang='lat' dir='ltr'><strong>enim</strong></span> <span class='ocrx_word' id='word_1_95' title='bbox 157 1382 260 1437; x_wconf 87' lang='lat' dir='ltr'><strong>bonam</strong></span> <span class='ocrx_word' id='word_1_96' title='bbox 276 1380 393 1453; x_wconf 84' lang='lat' dir='ltr'><strong>gloriam</strong></span> <span class='ocrx_word' id='word_1_97' title='bbox 407 1381 437 1435; x_wconf 91' lang='lat' dir='ltr'><strong>in</strong></span> <span class='ocrx_word' id='word_1_98' title='bbox 453 1398 496 1448; x_wconf 93' lang='lat' dir='ltr'><strong>eo,</strong></span> <span class='ocrx_word' id='word_1_99' title='bbox 508 1381 556 1453; x_wconf 93' lang='lat' dir='ltr'><strong>qui</strong></span> <span class='ocrx_word' id='word_1_100' title='bbox 567 1381 738 1436; x_wconf 91' lang='lat' dir='ltr'><strong>ordinandus</strong></span> <span class='ocrx_word' id='word_1_101' title='bbox 753 1385 796 1436; x_wconf 91' lang='lat' dir='ltr'><strong>est</strong></span> <span class='ocrx_word' id='word_1_102' title='bbox 808 1397 885 1453; x_wconf 86' lang='lat' dir='ltr'><strong>quae·</strong></span> 
     </span>
     <span class='ocr_line' id='line_1_16' title="bbox 66 1473 885 1546; baseline -0.002 -15"><span class='ocrx_word' id='word_1_103' title='bbox 66 1475 217 1544; x_wconf 86' lang='lat' dir='ltr'><strong>rimas,ita</strong></span> <span class='ocrx_word' id='word_1_104' title='bbox 226 1475 310 1530; x_wconf 89' lang='lat' dir='ltr'><strong>etiam</strong></span> <span class='ocrx_word' id='word_1_105' title='bbox 323 1474 496 1529; x_wconf 87' lang='lat' dir='ltr'><strong>calumniam</strong></span> <span class='ocrx_word' id='word_1_106' title='bbox 513 1475 543 1529; x_wconf 93' lang='lat' dir='ltr'><strong>iu</strong></span> <span class='ocrx_word' id='word_1_107' title='bbox 552 1490 586 1530; x_wconf 89' lang='lat' dir='ltr'><strong>ea</strong></span> <span class='ocrx_word' id='word_1_108' title='bbox 599 1473 763 1546; x_wconf 82' lang='lat' dir='ltr'><strong>quitmstra</strong></span> <span class='ocrx_word' id='word_1_109' title='bbox 772 1491 885 1529; x_wconf 89' lang='lat' dir='ltr'><strong>accusa·</strong></span> 
     </span>
     <span class='ocr_line' id='line_1_17' title="bbox 64 1567 887 1640; baseline -0.001 -15"><span class='ocrx_word' id='word_1_110' title='bbox 64 1570 118 1639; x_wconf 82' lang='lat' dir='ltr'><strong>vit,</strong></span> <span class='ocrx_word' id='word_1_111' title='bbox 130 1569 274 1640; x_wconf 88' lang='lat' dir='ltr'><strong>punimus.</strong></span> <span class='ocrx_word' id='word_1_112' title='bbox 289 1568 316 1624; x_wconf 88' lang='lat' dir='ltr'><strong>Si</strong></span> <span class='ocrx_word' id='word_1_113' title='bbox 331 1585 398 1624; x_wconf 79' lang='lat' dir='ltr'><strong>vero</strong></span> <span class='ocrx_word' id='word_1_114' title='bbox 410 1585 495 1624; x_wconf 92' lang='lat' dir='ltr'><strong>nemo</strong></span> <span class='ocrx_word' id='word_1_115' title='bbox 510 1567 682 1624; x_wconf 83' lang='lat' dir='ltr'><strong>accusaverit</strong></span> <span class='ocrx_word' id='word_1_116' title='bbox 699 1567 824 1638; x_wconf 93' lang='lat' dir='ltr'><strong>omnino,</strong></span> <span class='ocrx_word' id='word_1_117' title='bbox 838 1573 887 1624; x_wconf 91' lang='lat' dir='ltr'><strong>aut</strong></span> 
     </span>
    </p>
   </div>
   <div class='ocr_carea' id='block_1_6' title="bbox 935 437 1774 1639">
    <p class='ocr_par' dir='ltr' id='par_1_6' title="bbox 935 437 1774 1639">
     <span class='ocr_line' id='line_1_18' title="bbox 940 437 1774 514; baseline -0.001 -18"><span class='ocrx_word' id='word_1_118' title='bbox 940 442 1092 514; x_wconf 88' lang='lat' dir='ltr'><strong>imperium</strong></span> <span class='ocrx_word' id='word_1_119' title='bbox 1110 441 1223 498; x_wconf 91' lang='lat' dir='ltr'><strong>directis</strong></span> <span class='ocrx_word' id='word_1_120' title='bbox 1241 439 1393 513; x_wconf 87' lang='lat' dir='ltr'><strong>impetrare</strong></span> <span class='ocrx_word' id='word_1_121' title='bbox 1412 437 1579 494; x_wconf 87' lang='lat' dir='ltr'><strong>desiderata.</strong></span> <span class='ocrx_word' id='word_1_122' title='bbox 1605 439 1774 511; x_wconf 83' lang='lat' dir='ltr'><strong>Propterea·</strong></span> 
     </span>
     <span class='ocr_line' id='line_1_19' title="bbox 939 531 1756 608; baseline -0.004 -16"><span class='ocrx_word' id='word_1_123' title='bbox 939 536 1089 607; x_wconf 88' lang='lat' dir='ltr'><strong>sancimus,</strong></span> <span class='ocrx_word' id='word_1_124' title='bbox 1110 535 1266 608; x_wconf 87' lang='lat' dir='ltr'><strong>siquando</strong></span> <span class='ocrx_word' id='word_1_125' title='bbox 1292 540 1411 608; x_wconf 89' lang='lat' dir='ltr'><strong>propter</strong></span> <span class='ocrx_word' id='word_1_126' title='bbox 1439 531 1655 589; x_wconf 88' lang='lat' dir='ltr'><strong>ecclesiasticam</strong></span> <span class='ocrx_word' id='word_1_127' title='bbox 1679 549 1756 589; x_wconf 89' lang='lat' dir='ltr'><strong>ocea-</strong></span> 
     </span>
     <span class='ocr_line' id='line_1_20' title="bbox 939 627 1759 700; baseline -0.001 -15"><span class='ocrx_word' id='word_1_128' title='bbox 939 630 1047 687; x_wconf 89' lang='lat' dir='ltr'><strong>sionem</strong></span> <span class='ocrx_word' id='word_1_129' title='bbox 1062 630 1193 686; x_wconf 91' lang='lat' dir='ltr'><strong>inciderit</strong></span> <span class='ocrx_word' id='word_1_130' title='bbox 1205 628 1365 698; x_wconf 86' lang='lat' dir='ltr'><strong>necessitas,</strong></span> <span class='ocrx_word' id='word_1_131' title='bbox 1379 628 1451 682; x_wconf 90' lang='lat' dir='ltr'><strong>bane</strong></span> <span class='ocrx_word' id='word_1_132' title='bbox 1465 631 1515 682; x_wconf 90' lang='lat' dir='ltr'><strong>aut</strong></span> <span class='ocrx_word' id='word_1_133' title='bbox 1527 643 1578 698; x_wconf 91' lang='lat' dir='ltr'><strong>per</strong></span> <span class='ocrx_word' id='word_1_134' title='bbox 1590 643 1638 683; x_wconf 89' lang='lat' dir='ltr'><strong>eas</strong></span> <span class='ocrx_word' id='word_1_135' title='bbox 1653 627 1759 700; x_wconf 89' lang='lat' dir='ltr'><strong>quires</strong></span> 
     </span>
     <span class='ocr_line' id='line_1_21' title="bbox 938 721 1757 798; baseline -0.004 -18"><span class='ocrx_word' id='word_1_136' title='bbox 938 729 1029 798; x_wconf 90' lang='lat' dir='ltr'><strong>agunt</strong></span> <span class='ocrx_word' id='word_1_137' title='bbox 1056 741 1199 781; x_wconf 90' lang='lat' dir='ltr'><strong>sacrarum</strong></span> <span class='ocrx_word' id='word_1_138' title='bbox 1229 722 1428 793; x_wconf 88' lang='lat' dir='ltr'><strong>ecelesiarum,</strong></span> <span class='ocrx_word' id='word_1_139' title='bbox 1461 737 1533 792; x_wconf 92' lang='lat' dir='ltr'><strong>quos</strong></span> <span class='ocrx_word' id='word_1_140' title='bbox 1561 721 1757 793; x_wconf 85' lang='lat' dir='ltr'><strong>apocrisiarios</strong></span> 
     </span>
     <span class='ocr_line' id='line_1_22' title="bbox 937 814 1757 890; baseline -0.004 -16"><span class='ocrx_word' id='word_1_141' title='bbox 937 825 1047 889; x_wconf 82' lang='lat' dir='ltr'><strong>vocant,</strong></span> <span class='ocrx_word' id='word_1_142' title='bbox 1063 822 1112 874; x_wconf 90' lang='lat' dir='ltr'><strong>aut</strong></span> <span class='ocrx_word' id='word_1_143' title='bbox 1125 835 1178 890; x_wconf 99' lang='grc' dir='ltr'>ρετ</span> <span class='ocrx_word' id='word_1_144' title='bbox 1189 817 1299 889; x_wconf 89' lang='lat' dir='ltr'><strong>aliquos</strong></span> <span class='ocrx_word' id='word_1_145' title='bbox 1317 815 1435 872; x_wconf 89' lang='lat' dir='ltr'><strong>elericos</strong></span> <span class='ocrx_word' id='word_1_146' title='bbox 1453 816 1509 871; x_wconf 90' lang='lat' dir='ltr'><strong>hue</strong></span> <span class='ocrx_word' id='word_1_147' title='bbox 1528 814 1692 884; x_wconf 90' lang='lat' dir='ltr'><strong>destinatos,</strong></span> <span class='ocrx_word' id='word_1_148' title='bbox 1708 821 1757 871; x_wconf 91' lang='lat' dir='ltr'><strong>aut</strong></span> 
     </span>
     <span class='ocr_line' id='line_1_23' title="bbox 938 909 1758 983; baseline -0.006 -14"><span class='ocrx_word' id='word_1_149' title='bbox 938 929 1097 969; x_wconf 89' lang='lat' dir='ltr'><strong>oeeonomos</strong></span> <span class='ocrx_word' id='word_1_150' title='bbox 1117 930 1182 967; x_wconf 92' lang='lat' dir='ltr'><strong>suos</strong></span> <span class='ocrx_word' id='word_1_151' title='bbox 1202 915 1300 967; x_wconf 89' lang='lat' dir='ltr'><strong>uotam</strong></span> <span class='ocrx_word' id='word_1_152' title='bbox 1318 910 1438 983; x_wconf 91' lang='lat' dir='ltr'><strong>imperio</strong></span> <span class='ocrx_word' id='word_1_153' title='bbox 1456 909 1567 976; x_wconf 81' lang='lat' dir='ltr'><strong>facere,</strong></span> <span class='ocrx_word' id='word_1_154' title='bbox 1588 912 1637 963; x_wconf 88' lang='lat' dir='ltr'><strong>aut</strong></span> <span class='ocrx_word' id='word_1_155' title='bbox 1656 909 1758 964; x_wconf 89' lang='lat' dir='ltr'><strong>nastris</strong></span> 
     </span>
     <span class='ocr_line' id='line_1_24' title="bbox 937 1003 1756 1076; baseline -0.006 -14"><span class='ocrx_word' id='word_1_156' title='bbox 937 1005 1223 1073; x_wconf 84' lang='lat' dir='ltr'><strong>administratoribus,</strong></span> <span class='ocrx_word' id='word_1_157' title='bbox 1233 1010 1266 1061; x_wconf 93' lang='lat' dir='ltr'><strong>ut</strong></span> <span class='ocrx_word' id='word_1_158' title='bbox 1278 1005 1432 1076; x_wconf 87' lang='lat' dir='ltr'><strong>impetrent</strong></span> <span class='ocrx_word' id='word_1_159' title='bbox 1444 1003 1520 1076; x_wconf 91' lang='lat' dir='ltr'><strong>quod</strong></span> <span class='ocrx_word' id='word_1_160' title='bbox 1534 1007 1695 1074; x_wconf 90' lang='lat' dir='ltr'><strong>competens</strong></span> <span class='ocrx_word' id='word_1_161' title='bbox 1704 1008 1756 1072; x_wconf 90' lang='lat' dir='ltr'><strong>est,</strong></span> 
     </span>
     <span class='ocr_line' id='line_1_25' title="bbox 937 1096 1757 1173; baseline -0.006 -17"><span class='ocrx_word' id='word_1_162' title='bbox 937 1117 1031 1173; x_wconf 91' lang='lat' dir='ltr'><strong>neque</strong></span> <span class='ocrx_word' id='word_1_163' title='bbox 1041 1101 1094 1156; x_wconf 91' lang='lat' dir='ltr'><strong>boe</strong></span> <span class='ocrx_word' id='word_1_164' title='bbox 1108 1101 1164 1155; x_wconf 82' lang='lat' dir='ltr'><strong>lieo</strong></span> <span class='ocrx_word' id='word_1_165' title='bbox 1174 1098 1341 1154; x_wconf 87' lang='lat' dir='ltr'><strong>amabilibus</strong></span> <span class='ocrx_word' id='word_1_166' title='bbox 1356 1097 1493 1170; x_wconf 90' lang='lat' dir='ltr'><strong>episcopis</strong></span> <span class='ocrx_word' id='word_1_167' title='bbox 1504 1097 1607 1152; x_wconf 88' lang='lat' dir='ltr'><strong>erraris</strong></span> <span class='ocrx_word' id='word_1_168' title='bbox 1621 1100 1648 1151; x_wconf 91' lang='lat' dir='ltr'><strong>et</strong></span> <span class='ocrx_word' id='word_1_169' title='bbox 1659 1096 1757 1152; x_wconf 89' lang='lat' dir='ltr'><strong>absen-</strong></span> 
     </span>
     <span class='ocr_line' id='line_1_26' title="bbox 938 1189 1757 1265; baseline -0.004 -17"><span class='ocrx_word' id='word_1_170' title='bbox 938 1195 995 1265; x_wconf 86' lang='lat' dir='ltr'><strong>tiae,</strong></span> <span class='ocrx_word' id='word_1_171' title='bbox 1015 1198 1044 1250; x_wconf 88' lang='lat' dir='ltr'><strong>et</strong></span> <span class='ocrx_word' id='word_1_172' title='bbox 1069 1193 1251 1250; x_wconf 87' lang='lat' dir='ltr'><strong>sanctissimis</strong></span> <span class='ocrx_word' id='word_1_173' title='bbox 1280 1191 1405 1247; x_wconf 87' lang='lat' dir='ltr'><strong>ecclesiis</strong></span> <span class='ocrx_word' id='word_1_174' title='bbox 1433 1189 1554 1246; x_wconf 84' lang='lat' dir='ltr'><strong>laesionis</strong></span> <span class='ocrx_word' id='word_1_175' title='bbox 1583 1190 1757 1247; x_wconf 86' lang='lat' dir='ltr'><strong>occasionem</strong></span> 
     </span>
     <span class='ocr_line' id='line_1_27' title="bbox 936 1284 1751 1359; baseline -0.005 -16"><span class='ocrx_word' id='word_1_176' title='bbox 936 1287 1008 1356; x_wconf 89' lang='lat' dir='ltr'><strong>fieri,</strong></span> <span class='ocrx_word' id='word_1_177' title='bbox 1019 1287 1113 1343; x_wconf 81' lang='lat' dir='ltr'><strong>amin</strong></span> <span class='ocrx_word' id='word_1_178' title='bbox 1126 1286 1272 1359; x_wconf 82' lang='lat' dir='ltr'><strong>provincia</strong></span> <span class='ocrx_word' id='word_1_179' title='bbox 1285 1285 1476 1341; x_wconf 82' lang='lat' dir='ltr'><strong>ecclesiasticis</strong></span> <span class='ocrx_word' id='word_1_180' title='bbox 1490 1284 1574 1340; x_wconf 91' lang='lat' dir='ltr'><strong>rebus</strong></span> <span class='ocrx_word' id='word_1_181' title='bbox 1588 1300 1640 1356; x_wconf 89' lang='lat' dir='ltr'><strong>per</strong></span> <span class='ocrx_word' id='word_1_182' title='bbox 1653 1284 1751 1340; x_wconf 89' lang='lat' dir='ltr'><strong>ahsen-</strong></span> 
     </span>
     <span class='ocr_line' id='line_1_28' title="bbox 936 1378 1756 1453; baseline -0.005 -15"><span class='ocrx_word' id='word_1_183' title='bbox 936 1382 1005 1437; x_wconf 88' lang='lat' dir='ltr'><strong>tiam</strong></span> <span class='ocrx_word' id='word_1_184' title='bbox 1017 1398 1118 1438; x_wconf 92' lang='lat' dir='ltr'><strong>eorum</strong></span> <span class='ocrx_word' id='word_1_185' title='bbox 1131 1380 1277 1453; x_wconf 80' lang='lat' dir='ltr'><strong>neglectis,</strong></span> <span class='ocrx_word' id='word_1_186' title='bbox 1289 1396 1376 1451; x_wconf 91' lang='lat' dir='ltr'><strong>quam</strong></span> <span class='ocrx_word' id='word_1_187' title='bbox 1389 1378 1475 1434; x_wconf 87' lang='lat' dir='ltr'><strong>etiam</strong></span> <span class='ocrx_word' id='word_1_188' title='bbox 1485 1378 1532 1433; x_wconf 93' lang='lat' dir='ltr'><strong>hic</strong></span> <span class='ocrx_word' id='word_1_189' title='bbox 1544 1378 1674 1451; x_wconf 90' lang='lat' dir='ltr'><strong>expensis</strong></span> <span class='ocrx_word' id='word_1_190' title='bbox 1684 1379 1756 1435; x_wconf 92' lang='lat' dir='ltr'><strong>mul·</strong></span> 
     </span>
     <span class='ocr_line' id='line_1_29' title="bbox 937 1472 1756 1548; baseline -0.001 -17"><span class='ocrx_word' id='word_1_191' title='bbox 937 1475 972 1531; x_wconf 90' lang='lat' dir='ltr'><strong>tis</strong></span> <span class='ocrx_word' id='word_1_192' title='bbox 991 1477 1026 1531; x_wconf 91' lang='lat' dir='ltr'><strong>ah</strong></span> <span class='ocrx_word' id='word_1_193' title='bbox 1050 1476 1119 1548; x_wconf 90' lang='lat' dir='ltr'><strong>ipsis</strong></span> <span class='ocrx_word' id='word_1_194' title='bbox 1143 1475 1245 1543; x_wconf 81' lang='lat' dir='ltr'><strong>sactis,</strong></span> <span class='ocrx_word' id='word_1_195' title='bbox 1275 1479 1410 1546; x_wconf 76' lang='lat' dir='ltr'><strong>praeterea</strong></span> <span class='ocrx_word' id='word_1_196' title='bbox 1438 1488 1557 1544; x_wconf 76' lang='lat' dir='ltr'><strong>peregre</strong></span> <span class='ocrx_word' id='word_1_197' title='bbox 1584 1472 1756 1529; x_wconf 85' lang='lat' dir='ltr'><strong>habitatione</strong></span> 
     </span>
     <span class='ocr_line' id='line_1_30' title="bbox 935 1566 1755 1639; baseline -0.004 -13"><span class='ocrx_word' id='word_1_198' title='bbox 935 1587 995 1626; x_wconf 91' lang='lat' dir='ltr'><strong>non</strong></span> <span class='ocrx_word' id='word_1_199' title='bbox 1009 1569 1096 1625; x_wconf 90' lang='lat' dir='ltr'><strong>habili</strong></span> <span class='ocrx_word' id='word_1_200' title='bbox 1108 1569 1269 1636; x_wconf 86' lang='lat' dir='ltr'><strong>constituta,</strong></span> <span class='ocrx_word' id='word_1_201' title='bbox 1280 1573 1308 1623; x_wconf 92' lang='lat' dir='ltr'><strong>et</strong></span> <span class='ocrx_word' id='word_1_202' title='bbox 1316 1566 1442 1639; x_wconf 88' lang='lat' dir='ltr'><strong>audique</strong></span> <span class='ocrx_word' id='word_1_203' title='bbox 1456 1583 1540 1621; x_wconf 89' lang='lat' dir='ltr'><strong>eausa</strong></span> <span class='ocrx_word' id='word_1_204' title='bbox 1552 1566 1660 1621; x_wconf 91' lang='lat' dir='ltr'><strong>nullum</strong></span> <span class='ocrx_word' id='word_1_205' title='bbox 1672 1567 1755 1637; x_wconf 71' lang='lat' dir='ltr'><strong>Juva-</strong></span> 
     </span>
    </p>
   </div>
   <div class='ocr_carea' id='block_1_7' title="bbox 56 1659 1836 4559">
    <p class='ocr_par' dir='ltr' id='par_1_7' title="bbox 61 1659 1758 2953">
     <span class='ocr_line' id='line_1_31' title="bbox 65 1659 1758 1735; baseline -0.003 -15"><span class='ocrx_word' id='word_1_206' title='bbox 65 1665 98 1720; x_wconf 93' lang='lat' dir='ltr'><strong>iu</strong></span> <span class='ocrx_word' id='word_1_207' title='bbox 116 1667 176 1719; x_wconf 90' lang='lat' dir='ltr'><strong>toto</strong></span> <span class='ocrx_word' id='word_1_208' title='bbox 194 1663 364 1719; x_wconf 88' lang='lat' dir='ltr'><strong>denuntians</strong></span> <span class='ocrx_word' id='word_1_209' title='bbox 386 1662 629 1718; x_wconf 90' lang='lat' dir='ltr'><strong>examinationem</strong></span> <span class='ocrx_word' id='word_1_210' title='bbox 647 1677 706 1717; x_wconf 92' lang='lat' dir='ltr'><strong>nan</strong></span> <span class='ocrx_word' id='word_1_211' title='bbox 724 1661 817 1727; x_wconf 82' lang='lat' dir='ltr'><strong>faeiat,</strong></span> <span class='ocrx_word' id='word_1_212' title='bbox 837 1666 887 1718; x_wconf 90' lang='lat' dir='ltr'><strong>aut</strong></span> <span class='ocrx_word' id='word_1_213' title='bbox 939 1680 1017 1732; x_wconf 92' lang='lat' dir='ltr'><strong>men,</strong></span> <span class='ocrx_word' id='word_1_214' title='bbox 1037 1663 1128 1735; x_wconf 88' lang='lat' dir='ltr'><strong>magis</strong></span> <span class='ocrx_word' id='word_1_215' title='bbox 1146 1666 1242 1718; x_wconf 82' lang='lat' dir='ltr'><strong>aittem</strong></span> <span class='ocrx_word' id='word_1_216' title='bbox 1261 1661 1405 1717; x_wconf 79' lang='lat' dir='ltr'><strong>laesionem</strong></span> <span class='ocrx_word' id='word_1_217' title='bbox 1430 1659 1612 1715; x_wconf 89' lang='lat' dir='ltr'><strong>sanctissimis</strong></span> <span class='ocrx_word' id='word_1_218' title='bbox 1636 1661 1758 1716; x_wconf 87' lang='lat' dir='ltr'><strong>eeclesiis</strong></span> 
     </span>
     <span class='ocr_line' id='line_1_32' title="bbox 63 1739 1754 1829; baseline -0.001 -17"><span class='ocrx_word' id='word_1_219' title='bbox 63 1757 139 1814; x_wconf 79' lang='lat' dir='ltr'><strong>iacta</strong></span> <span class='ocrx_word' id='word_1_220' title='bbox 157 1757 366 1813; x_wconf 85' lang='lat' dir='ltr'><strong>examinatione</strong></span> <span class='ocrx_word' id='word_1_221' title='bbox 385 1757 581 1812; x_wconf 91' lang='lat' dir='ltr'><strong>demonstrare</strong></span> <span class='ocrx_word' id='word_1_222' title='bbox 598 1756 682 1827; x_wconf 84' lang='lat' dir='ltr'><strong>(sicut</strong></span> <span class='ocrx_word' id='word_1_223' title='bbox 695 1755 887 1829; x_wconf 71' lang='lat' dir='ltr'><strong>prediximus)</strong></span> <span class='ocrx_word' id='word_1_224' title='bbox 899 1739 927 1811; x_wconf 85' lang='lat' dir='ltr'>B</span> <span class='ocrx_word' id='word_1_225' title='bbox 940 1757 1086 1814; x_wconf 83' lang='lat' dir='ltr'><strong>inferente.</strong></span> <span class='ocrx_word' id='word_1_226' title='bbox 1102 1757 1164 1811; x_wconf 91' lang='lat' dir='ltr'><strong>Non</strong></span> <span class='ocrx_word' id='word_1_227' title='bbox 1175 1761 1270 1811; x_wconf 89' lang='lat' dir='ltr'><strong>autem</strong></span> <span class='ocrx_word' id='word_1_228' title='bbox 1284 1755 1366 1810; x_wconf 88' lang='lat' dir='ltr'><strong>aliter</strong></span> <span class='ocrx_word' id='word_1_229' title='bbox 1379 1753 1504 1825; x_wconf 86' lang='lat' dir='ltr'><strong>aliquem</strong></span> <span class='ocrx_word' id='word_1_230' title='bbox 1519 1755 1574 1808; x_wconf 82' lang='lat' dir='ltr'><strong>[teo</strong></span> <span class='ocrx_word' id='word_1_231' title='bbox 1587 1754 1754 1810; x_wconf 87' lang='lat' dir='ltr'><strong>amabilium</strong></span> 
     </span>
     <span class='ocr_line' id='line_1_33' title="bbox 65 1846 1754 1923; baseline 0.001 -21"><span class='ocrx_word' id='word_1_232' title='bbox 65 1864 125 1904; x_wconf 91' lang='lat' dir='ltr'><strong>nou</strong></span> <span class='ocrx_word' id='word_1_233' title='bbox 140 1847 259 1903; x_wconf 86' lang='lat' dir='ltr'><strong>valuerit</strong></span> <span class='ocrx_word' id='word_1_234' title='bbox 270 1846 477 1902; x_wconf 88' lang='lat' dir='ltr'><strong>accusationem</strong></span> <span class='ocrx_word' id='word_1_235' title='bbox 491 1862 598 1915; x_wconf 84' lang='lat' dir='ltr'><strong>reram,</strong></span> <span class='ocrx_word' id='word_1_236' title='bbox 612 1849 680 1901; x_wconf 88' lang='lat' dir='ltr'><strong>tuuc</strong></span> <span class='ocrx_word' id='word_1_237' title='bbox 695 1851 805 1917; x_wconf 82' lang='lat' dir='ltr'><strong>oportet</strong></span> <span class='ocrx_word' id='word_1_238' title='bbox 817 1863 883 1902; x_wconf 90' lang='lat' dir='ltr'><strong>eum</strong></span> <span class='ocrx_word' id='word_1_239' title='bbox 935 1851 1134 1923; x_wconf 87' lang='lat' dir='ltr'><strong>episcoporum</strong></span> <span class='ocrx_word' id='word_1_240' title='bbox 1146 1864 1330 1922; x_wconf 80' lang='lat' dir='ltr'><strong>praesumere,</strong></span> <span class='ocrx_word' id='word_1_241' title='bbox 1342 1847 1465 1918; x_wconf 88' lang='lat' dir='ltr'><strong>dirigere</strong></span> <span class='ocrx_word' id='word_1_242' title='bbox 1480 1863 1508 1902; x_wconf 90' lang='lat' dir='ltr'><strong>se</strong></span> <span class='ocrx_word' id='word_1_243' title='bbox 1519 1847 1553 1902; x_wconf 89' lang='lat' dir='ltr'><strong>ad</strong></span> <span class='ocrx_word' id='word_1_244' title='bbox 1567 1848 1639 1902; x_wconf 90' lang='lat' dir='ltr'><strong>hauc</strong></span> <span class='ocrx_word' id='word_1_245' title='bbox 1654 1847 1754 1903; x_wconf 82' lang='lat' dir='ltr'><strong>felicis·</strong></span> 
     </span>
     <span class='ocr_line' id='line_1_34' title="bbox 63 1939 1753 2015; baseline 0 -19"><span class='ocrx_word' id='word_1_246' title='bbox 63 1941 116 2014; x_wconf 88' lang='lat' dir='ltr'><strong>qui</strong></span> <span class='ocrx_word' id='word_1_247' title='bbox 128 1958 182 2014; x_wconf 91' lang='lat' dir='ltr'><strong>per</strong></span> <span class='ocrx_word' id='word_1_248' title='bbox 194 1943 236 1996; x_wconf 89' lang='lat' dir='ltr'><strong>tot</strong></span> <span class='ocrx_word' id='word_1_249' title='bbox 247 1941 306 1996; x_wconf 87' lang='lat' dir='ltr'><strong>vias</strong></span> <span class='ocrx_word' id='word_1_250' title='bbox 319 1939 496 2012; x_wconf 89' lang='lat' dir='ltr'><strong>inculpabilis</strong></span> <span class='ocrx_word' id='word_1_251' title='bbox 513 1939 688 2012; x_wconf 87' lang='lat' dir='ltr'><strong>apparuerit,</strong></span> <span class='ocrx_word' id='word_1_252' title='bbox 703 1939 835 1995; x_wconf 87' lang='lat' dir='ltr'><strong>accedere</strong></span> <span class='ocrx_word' id='word_1_253' title='bbox 849 1941 884 1996; x_wconf 86' lang='lat' dir='ltr'><strong>ad</strong></span> <span class='ocrx_word' id='word_1_254' title='bbox 934 1945 1036 2000; x_wconf 90' lang='lat' dir='ltr'><strong>simam</strong></span> <span class='ocrx_word' id='word_1_255' title='bbox 1047 1943 1200 2013; x_wconf 84' lang='lat' dir='ltr'><strong>civitatem,</strong></span> <span class='ocrx_word' id='word_1_256' title='bbox 1214 1943 1381 2015; x_wconf 88' lang='lat' dir='ltr'><strong>priusquam</strong></span> <span class='ocrx_word' id='word_1_257' title='bbox 1392 1940 1531 2013; x_wconf 90' lang='lat' dir='ltr'><strong>siquidem</strong></span> <span class='ocrx_word' id='word_1_258' title='bbox 1545 1941 1693 2013; x_wconf 86' lang='lat' dir='ltr'><strong>episeopus</strong></span> <span class='ocrx_word' id='word_1_259' title='bbox 1707 1943 1753 2010; x_wconf 91' lang='lat' dir='ltr'><strong>sit,</strong></span> 
     </span>
     <span class='ocr_line' id='line_1_35' title="bbox 63 2032 1752 2111; baseline 0 -20"><span class='ocrx_word' id='word_1_260' title='bbox 63 2034 193 2091; x_wconf 84' lang='lat' dir='ltr'><strong>futuram</strong></span> <span class='ocrx_word' id='word_1_261' title='bbox 211 2033 430 2090; x_wconf 89' lang='lat' dir='ltr'><strong>ordinationem.</strong></span> <span class='ocrx_word' id='word_1_262' title='bbox 450 2033 503 2099; x_wconf 86' lang='lat' dir='ltr'><strong>Qui</strong></span> <span class='ocrx_word' id='word_1_263' title='bbox 523 2033 600 2089; x_wconf 90' lang='lat' dir='ltr'><strong>enim</strong></span> <span class='ocrx_word' id='word_1_264' title='bbox 618 2033 658 2088; x_wconf 87' lang='lat' dir='ltr'><strong>ita</strong></span> <span class='ocrx_word' id='word_1_265' title='bbox 677 2032 832 2101; x_wconf 90' lang='lat' dir='ltr'><strong>ordinatur,</strong></span> <span class='ocrx_word' id='word_1_266' title='bbox 849 2050 883 2089; x_wconf 85' lang='lat' dir='ltr'><strong>ex</strong></span> <span class='ocrx_word' id='word_1_267' title='bbox 933 2039 1042 2095; x_wconf 88' lang='lat' dir='ltr'><strong>litteras</strong></span> <span class='ocrx_word' id='word_1_268' title='bbox 1050 2037 1189 2111; x_wconf 89' lang='lat' dir='ltr'><strong>acceperit</strong></span> <span class='ocrx_word' id='word_1_269' title='bbox 1197 2035 1306 2110; x_wconf 91' lang='lat' dir='ltr'><strong>proprii</strong></span> <span class='ocrx_word' id='word_1_270' title='bbox 1315 2034 1526 2107; x_wconf 89' lang='lat' dir='ltr'><strong>metropolitani</strong></span> <span class='ocrx_word' id='word_1_271' title='bbox 1539 2034 1575 2090; x_wconf 94' lang='lat' dir='ltr'><strong>ad</strong></span> <span class='ocrx_word' id='word_1_272' title='bbox 1588 2034 1752 2106; x_wconf 90' lang='lat' dir='ltr'><strong>imperium,</strong></span> 
     </span>
     <span class='ocr_line' id='line_1_36' title="bbox 64 2127 1754 2206; baseline 0.001 -22"><span class='ocrx_word' id='word_1_273' title='bbox 64 2128 120 2184; x_wconf 91' lang='lat' dir='ltr'><strong>hoc</strong></span> <span class='ocrx_word' id='word_1_274' title='bbox 132 2129 223 2184; x_wconf 89' lang='lat' dir='ltr'><strong>multa</strong></span> <span class='ocrx_word' id='word_1_275' title='bbox 237 2132 265 2183; x_wconf 89' lang='lat' dir='ltr'><strong>et</strong></span> <span class='ocrx_word' id='word_1_276' title='bbox 277 2128 394 2184; x_wconf 89' lang='lat' dir='ltr'><strong>meliora</strong></span> <span class='ocrx_word' id='word_1_277' title='bbox 408 2127 552 2200; x_wconf 81' lang='lat' dir='ltr'><strong>cognoscit</strong></span> <span class='ocrx_word' id='word_1_278' title='bbox 564 2131 715 2199; x_wconf 77' lang='lat' dir='ltr'><strong>praecepta,</strong></span> <span class='ocrx_word' id='word_1_279' title='bbox 730 2143 821 2200; x_wconf 84' lang='lat' dir='ltr'><strong>neque</strong></span> <span class='ocrx_word' id='word_1_280' title='bbox 835 2127 884 2200; x_wconf 88' lang='lat' dir='ltr'><strong>qui</strong></span> <span class='ocrx_word' id='word_1_281' title='bbox 933 2132 1158 2206; x_wconf 80' lang='lat' dir='ltr'><strong>quaesecrmdum</strong></span> <span class='ocrx_word' id='word_1_282' title='bbox 1169 2131 1276 2186; x_wconf 89' lang='lat' dir='ltr'><strong>divinas</strong></span> <span class='ocrx_word' id='word_1_283' title='bbox 1286 2128 1399 2201; x_wconf 89' lang='lat' dir='ltr'><strong>regulas</strong></span> <span class='ocrx_word' id='word_1_284' title='bbox 1408 2128 1754 2185; x_wconf 81' lang='lat' dir='ltr'><strong>commendatitimroean·</strong></span> 
     </span>
     <span class='ocr_line' id='line_1_37' title="bbox 63 2221 1753 2298; baseline 0 -20"><span class='ocrx_word' id='word_1_285' title='bbox 63 2221 162 2279; x_wconf 82' lang='lat' dir='ltr'><strong>taliter</strong></span> <span class='ocrx_word' id='word_1_286' title='bbox 168 2221 273 2292; x_wconf 92' lang='lat' dir='ltr'><strong>animo,</strong></span> <span class='ocrx_word' id='word_1_287' title='bbox 284 2221 378 2291; x_wconf 87' lang='lat' dir='ltr'><strong>verbo,</strong></span> <span class='ocrx_word' id='word_1_288' title='bbox 390 2221 516 2293; x_wconf 90' lang='lat' dir='ltr'><strong>corporis</strong></span> <span class='ocrx_word' id='word_1_289' title='bbox 526 2221 727 2277; x_wconf 86' lang='lat' dir='ltr'><strong>exercitatione</strong></span> <span class='ocrx_word' id='word_1_290' title='bbox 737 2226 766 2277; x_wconf 93' lang='lat' dir='ltr'><strong>et</strong></span> <span class='ocrx_word' id='word_1_291' title='bbox 775 2221 884 2293; x_wconf 90' lang='lat' dir='ltr'><strong>sapien·</strong></span> <span class='ocrx_word' id='word_1_292' title='bbox 933 2232 990 2298; x_wconf 91' lang='lat' dir='ltr'><strong>tur,</strong></span> <span class='ocrx_word' id='word_1_293' title='bbox 1005 2225 1199 2283; x_wconf 87' lang='lat' dir='ltr'><strong>testimonium</strong></span> <span class='ocrx_word' id='word_1_294' title='bbox 1221 2223 1403 2295; x_wconf 89' lang='lat' dir='ltr'><strong>perhibentes</strong></span> <span class='ocrx_word' id='word_1_295' title='bbox 1419 2221 1592 2278; x_wconf 87' lang='lat' dir='ltr'><strong>necessitatis</strong></span> <span class='ocrx_word' id='word_1_296' title='bbox 1605 2223 1665 2293; x_wconf 88' lang='lat' dir='ltr'><strong>ejus</strong></span> <span class='ocrx_word' id='word_1_297' title='bbox 1679 2239 1753 2294; x_wconf 82' lang='lat' dir='ltr'><strong>prm-</strong></span> 
     </span>
     <span class='ocr_line' id='line_1_38' title="bbox 64 2314 1752 2390; baseline 0 -20"><span class='ocrx_word' id='word_1_298' title='bbox 64 2316 105 2370; x_wconf 87' lang='lat' dir='ltr'><strong>tia</strong></span> <span class='ocrx_word' id='word_1_299' title='bbox 124 2316 252 2371; x_wconf 88' lang='lat' dir='ltr'><strong>eruditus</strong></span> <span class='ocrx_word' id='word_1_300' title='bbox 270 2319 326 2382; x_wconf 91' lang='lat' dir='ltr'><strong>est,</strong></span> <span class='ocrx_word' id='word_1_301' title='bbox 346 2315 472 2370; x_wconf 91' lang='lat' dir='ltr'><strong>incurret</strong></span> <span class='ocrx_word' id='word_1_302' title='bbox 489 2315 519 2370; x_wconf 94' lang='lat' dir='ltr'><strong>in</strong></span> <span class='ocrx_word' id='word_1_303' title='bbox 537 2315 625 2370; x_wconf 89' lang='lat' dir='ltr'><strong>vitam</strong></span> <span class='ocrx_word' id='word_1_304' title='bbox 642 2314 883 2372; x_wconf 89' lang='lat' dir='ltr'><strong>animadversione</strong></span> <span class='ocrx_word' id='word_1_305' title='bbox 933 2320 1040 2376; x_wconf 78' lang='lat' dir='ltr'><strong>seutiae.</strong></span> <span class='ocrx_word' id='word_1_306' title='bbox 1052 2320 1080 2376; x_wconf 88' lang='lat' dir='ltr'><strong>Si</strong></span> <span class='ocrx_word' id='word_1_307' title='bbox 1088 2335 1154 2374; x_wconf 82' lang='lat' dir='ltr'><strong>vero</strong></span> <span class='ocrx_word' id='word_1_308' title='bbox 1168 2316 1404 2390; x_wconf 89' lang='lat' dir='ltr'><strong>metropolitanus</strong></span> <span class='ocrx_word' id='word_1_309' title='bbox 1413 2316 1460 2385; x_wconf 92' lang='lat' dir='ltr'><strong>sit,</strong></span> <span class='ocrx_word' id='word_1_310' title='bbox 1473 2315 1521 2388; x_wconf 91' lang='lat' dir='ltr'><strong>qui</strong></span> <span class='ocrx_word' id='word_1_311' title='bbox 1533 2316 1670 2387; x_wconf 89' lang='lat' dir='ltr'><strong>proticisci</strong></span> <span class='ocrx_word' id='word_1_312' title='bbox 1682 2315 1752 2386; x_wconf 90' lang='lat' dir='ltr'><strong>vult,</strong></span> 
     </span>
     <span class='ocr_line' id='line_1_39' title="bbox 64 2408 1754 2483; baseline 0 -17"><span class='ocrx_word' id='word_1_313' title='bbox 64 2410 194 2483; x_wconf 86' lang='lat' dir='ltr'><strong>dignam.</strong></span> <span class='ocrx_word' id='word_1_314' title='bbox 208 2411 242 2465; x_wconf 90' lang='lat' dir='ltr'><strong>Et</strong></span> <span class='ocrx_word' id='word_1_315' title='bbox 250 2409 321 2464; x_wconf 91' lang='lat' dir='ltr'><strong>illud</strong></span> <span class='ocrx_word' id='word_1_316' title='bbox 334 2409 419 2464; x_wconf 87' lang='lat' dir='ltr'><strong>etiam</strong></span> <span class='ocrx_word' id='word_1_317' title='bbox 430 2408 592 2479; x_wconf 84' lang='lat' dir='ltr'><strong>definimus,</strong></span> <span class='ocrx_word' id='word_1_318' title='bbox 602 2412 635 2464; x_wconf 92' lang='lat' dir='ltr'><strong>ut</strong></span> <span class='ocrx_word' id='word_1_319' title='bbox 644 2425 730 2464; x_wconf 89' lang='lat' dir='ltr'><strong>nemo</strong></span> <span class='ocrx_word' id='word_1_320' title='bbox 741 2411 799 2466; x_wconf 79' lang='lat' dir='ltr'><strong>lieo</strong></span> <span class='ocrx_word' id='word_1_321' title='bbox 809 2426 884 2465; x_wconf 90' lang='lat' dir='ltr'><strong>ama·</strong></span> <span class='ocrx_word' id='word_1_322' title='bbox 932 2414 1041 2470; x_wconf 88' lang='lat' dir='ltr'><strong>litteras</strong></span> <span class='ocrx_word' id='word_1_323' title='bbox 1059 2417 1153 2470; x_wconf 90' lang='lat' dir='ltr'><strong>sumat</strong></span> <span class='ocrx_word' id='word_1_324' title='bbox 1171 2412 1298 2483; x_wconf 89' lang='lat' dir='ltr'><strong>ejusdem</strong></span> <span class='ocrx_word' id='word_1_325' title='bbox 1328 2410 1479 2466; x_wconf 89' lang='lat' dir='ltr'><strong>dioeeeseos</strong></span> <span class='ocrx_word' id='word_1_326' title='bbox 1506 2410 1672 2481; x_wconf 75' lang='lat' dir='ltr'><strong>patriarchae</strong></span> <span class='ocrx_word' id='word_1_327' title='bbox 1692 2411 1754 2482; x_wconf 89' lang='lat' dir='ltr'><strong>ejus</strong></span> 
     </span>
     <span class='ocr_line' id='line_1_40' title="bbox 62 2501 1756 2580; baseline 0.001 -22"><span class='ocrx_word' id='word_1_328' title='bbox 62 2502 166 2559; x_wconf 90' lang='lat' dir='ltr'><strong>bilium</strong></span> <span class='ocrx_word' id='word_1_329' title='bbox 180 2502 377 2575; x_wconf 88' lang='lat' dir='ltr'><strong>episcoporum</strong></span> <span class='ocrx_word' id='word_1_330' title='bbox 395 2501 462 2556; x_wconf 85' lang='lat' dir='ltr'><strong>foris</strong></span> <span class='ocrx_word' id='word_1_331' title='bbox 481 2518 497 2556; x_wconf 91' lang='lat' dir='ltr'><strong>a</strong></span> <span class='ocrx_word' id='word_1_332' title='bbox 523 2518 573 2557; x_wconf 90' lang='lat' dir='ltr'><strong>sua</strong></span> <span class='ocrx_word' id='word_1_333' title='bbox 590 2502 715 2571; x_wconf 91' lang='lat' dir='ltr'><strong>eeclesia,</strong></span> <span class='ocrx_word' id='word_1_334' title='bbox 732 2503 882 2575; x_wconf 89' lang='lat' dir='ltr'><strong>plusquam</strong></span> <span class='ocrx_word' id='word_1_335' title='bbox 933 2507 1115 2580; x_wconf 74' lang='lat' dir='ltr'><strong>praesentiam</strong></span> <span class='ocrx_word' id='word_1_336' title='bbox 1134 2505 1319 2562; x_wconf 88' lang='lat' dir='ltr'><strong>necessariam</strong></span> <span class='ocrx_word' id='word_1_337' title='bbox 1338 2521 1397 2560; x_wconf 90' lang='lat' dir='ltr'><strong>esse</strong></span> <span class='ocrx_word' id='word_1_338' title='bbox 1415 2503 1551 2574; x_wconf 80' lang='lat' dir='ltr'><strong>dicentes,</strong></span> <span class='ocrx_word' id='word_1_339' title='bbox 1571 2504 1656 2560; x_wconf 93' lang='lat' dir='ltr'><strong>etsie</strong></span> <span class='ocrx_word' id='word_1_340' title='bbox 1675 2521 1756 2578; x_wconf 91' lang='lat' dir='ltr'><strong>opor-</strong></span> 
     </span>
     <span class='ocr_line' id='line_1_41' title="bbox 62 2594 1756 2674; baseline 0.002 -22"><span class='ocrx_word' id='word_1_341' title='bbox 62 2612 117 2669; x_wconf 87' lang='lat' dir='ltr'><strong>per</strong></span> <span class='ocrx_word' id='word_1_342' title='bbox 131 2601 223 2652; x_wconf 88' lang='lat' dir='ltr'><strong>totum</strong></span> <span class='ocrx_word' id='word_1_343' title='bbox 235 2612 353 2665; x_wconf 91' lang='lat' dir='ltr'><strong>annum,</strong></span> <span class='ocrx_word' id='word_1_344' title='bbox 367 2595 464 2651; x_wconf 88' lang='lat' dir='ltr'><strong>abesse</strong></span> <span class='ocrx_word' id='word_1_345' title='bbox 476 2595 587 2662; x_wconf 89' lang='lat' dir='ltr'><strong>audeat,</strong></span> <span class='ocrx_word' id='word_1_346' title='bbox 597 2594 651 2650; x_wconf 90' lang='lat' dir='ltr'><strong>nisi</strong></span> <span class='ocrx_word' id='word_1_347' title='bbox 664 2595 716 2649; x_wconf 93' lang='lat' dir='ltr'><strong>hoc</strong></span> <span class='ocrx_word' id='word_1_348' title='bbox 726 2612 779 2666; x_wconf 91' lang='lat' dir='ltr'><strong>per</strong></span> <span class='ocrx_word' id='word_1_349' title='bbox 790 2595 881 2668; x_wconf 89' lang='lat' dir='ltr'><strong>impe·</strong></span> <span class='ocrx_word' id='word_1_350' title='bbox 932 2607 992 2658; x_wconf 88' lang='lat' dir='ltr'><strong>tere</strong></span> <span class='ocrx_word' id='word_1_351' title='bbox 1005 2601 1206 2674; x_wconf 89' lang='lat' dir='ltr'><strong>imperatorem</strong></span> <span class='ocrx_word' id='word_1_352' title='bbox 1215 2599 1317 2671; x_wconf 88' lang='lat' dir='ltr'><strong>jubere</strong></span> <span class='ocrx_word' id='word_1_353' title='bbox 1330 2600 1407 2654; x_wconf 92' lang='lat' dir='ltr'><strong>hunc</strong></span> <span class='ocrx_word' id='word_1_354' title='bbox 1419 2598 1595 2669; x_wconf 85' lang='lat' dir='ltr'><strong>praesentari,</strong></span> <span class='ocrx_word' id='word_1_355' title='bbox 1604 2602 1633 2653; x_wconf 90' lang='lat' dir='ltr'><strong>et</strong></span> <span class='ocrx_word' id='word_1_356' title='bbox 1647 2615 1704 2654; x_wconf 91' lang='lat' dir='ltr'><strong>nou</strong></span> <span class='ocrx_word' id='word_1_357' title='bbox 1716 2605 1756 2655; x_wconf 79' lang='lat' dir='ltr'><strong>te</strong></span> 
     </span>
     <span class='ocr_line' id='line_1_42' title="bbox 61 2688 1756 2770; baseline -0.001 -20"><span class='ocrx_word' id='word_1_358' title='bbox 61 2689 165 2746; x_wconf 80' lang='lat' dir='ltr'><strong>rialem</strong></span> <span class='ocrx_word' id='word_1_359' title='bbox 173 2689 401 2762; x_wconf 74' lang='lat' dir='ltr'><strong>fiatjussiOnem3</strong></span> <span class='ocrx_word' id='word_1_360' title='bbox 418 2692 487 2744; x_wconf 76' lang='lat' dir='ltr'><strong>lunc</strong></span> <span class='ocrx_word' id='word_1_361' title='bbox 499 2688 678 2744; x_wconf 74' lang='grc' dir='ltr'><strong>θ11111180111111</strong></span> <span class='ocrx_word' id='word_1_362' title='bbox 692 2688 880 2761; x_wconf 85' lang='lat' dir='ltr'><strong>eritinculpa-</strong></span> <span class='ocrx_word' id='word_1_363' title='bbox 932 2691 1756 2770; x_wconf 86' lang='lat' dir='ltr'><strong>mereaesiueconscientiametropolitanorumautpatriar·</strong></span> 
     </span>
     <span class='ocr_line' id='line_1_43' title="bbox 62 2781 1755 2861; baseline 0.001 -23"><span class='ocrx_word' id='word_1_364' title='bbox 62 2782 132 2838; x_wconf 86' lang='lat' dir='ltr'><strong>hile.</strong></span> <span class='ocrx_word' id='word_1_365' title='bbox 152 2785 186 2838; x_wconf 86' lang='lat' dir='ltr'><strong>Et</strong></span> <span class='ocrx_word' id='word_1_366' title='bbox 205 2787 236 2838; x_wconf 91' lang='lat' dir='ltr'><strong>ut</strong></span> <span class='ocrx_word' id='word_1_367' title='bbox 260 2782 441 2839; x_wconf 88' lang='lat' dir='ltr'><strong>sacratissimi</strong></span> <span class='ocrx_word' id='word_1_368' title='bbox 466 2782 633 2853; x_wconf 77' lang='lat' dir='ltr'><strong>patriarchae</strong></span> <span class='ocrx_word' id='word_1_369' title='bbox 659 2781 882 2854; x_wconf 88' lang='lat' dir='ltr'><strong>uuiuscujusque</strong></span> <span class='ocrx_word' id='word_1_370' title='bbox 933 2789 1054 2845; x_wconf 80' lang='lat' dir='ltr'><strong>charum</strong></span> <span class='ocrx_word' id='word_1_371' title='bbox 1072 2788 1297 2861; x_wconf 82' lang='lat' dir='ltr'><strong>proficiscantur,</strong></span> <span class='ocrx_word' id='word_1_372' title='bbox 1318 2789 1467 2858; x_wconf 89' lang='lat' dir='ltr'><strong>propterea</strong></span> <span class='ocrx_word' id='word_1_373' title='bbox 1486 2785 1560 2856; x_wconf 90' lang='lat' dir='ltr'><strong>qued</strong></span> <span class='ocrx_word' id='word_1_374' title='bbox 1581 2786 1633 2841; x_wconf 92' lang='lat' dir='ltr'><strong>hoe</strong></span> <span class='ocrx_word' id='word_1_375' title='bbox 1653 2787 1755 2844; x_wconf 84' lang='lat' dir='ltr'><strong>divinis</strong></span> 
     </span>
     <span class='ocr_line' id='line_1_44' title="bbox 62 2875 1753 2953; baseline 0.005 -24"><span class='ocrx_word' id='word_1_376' title='bbox 62 2876 215 2933; x_wconf 82' lang='lat' dir='ltr'><strong>diceeeseos</strong></span> <span class='ocrx_word' id='word_1_377' title='bbox 241 2877 409 2949; x_wconf 90' lang='lat' dir='ltr'><strong>compellant</strong></span> <span class='ocrx_word' id='word_1_378' title='bbox 428 2877 485 2931; x_wconf 85' lang='lat' dir='ltr'><strong>[teo</strong></span> <span class='ocrx_word' id='word_1_379' title='bbox 503 2875 637 2931; x_wconf 84' lang='lat' dir='ltr'><strong>amabiles</strong></span> <span class='ocrx_word' id='word_1_380' title='bbox 655 2875 800 2948; x_wconf 89' lang='lat' dir='ltr'><strong>episcopos</strong></span> <span class='ocrx_word' id='word_1_381' title='bbox 826 2876 883 2932; x_wconf 86' lang='lat' dir='ltr'><strong>suis</strong></span> <span class='ocrx_word' id='word_1_382' title='bbox 933 2883 1115 2939; x_wconf 90' lang='lat' dir='ltr'><strong>interdictum</strong></span> <span class='ocrx_word' id='word_1_383' title='bbox 1128 2886 1169 2938; x_wconf 91' lang='lat' dir='ltr'><strong>est</strong></span> <span class='ocrx_word' id='word_1_384' title='bbox 1188 2880 1302 2953; x_wconf 86' lang='lat' dir='ltr'><strong>regulis.</strong></span> <span class='ocrx_word' id='word_1_385' title='bbox 1324 2878 1402 2935; x_wconf 80' lang='lat' dir='ltr'><strong>Unde</strong></span> <span class='ocrx_word' id='word_1_386' title='bbox 1422 2878 1478 2932; x_wconf 90' lang='lat' dir='ltr'><strong>huc</strong></span> <span class='ocrx_word' id='word_1_387' title='bbox 1496 2879 1676 2936; x_wconf 89' lang='lat' dir='ltr'><strong>advenientes</strong></span> <span class='ocrx_word' id='word_1_388' title='bbox 1696 2899 1753 2939; x_wconf 93' lang='lat' dir='ltr'><strong>uon</strong></span> 
     </span>
    </p>

    <p class='ocr_par' dir='ltr' id='par_1_8' title="bbox 56 2958 1836 4559">
     <span class='ocr_line' id='line_1_45' title="bbox 61 2958 1836 3051; baseline 0.004 -24"><span class='ocrx_word' id='word_1_389' title='bbox 61 2970 205 3027; x_wconf 77' lang='lat' dir='ltr'><strong>inhaerere</strong></span> <span class='ocrx_word' id='word_1_390' title='bbox 220 2970 402 3026; x_wconf 89' lang='lat' dir='ltr'><strong>sanctissimis</strong></span> <span class='ocrx_word' id='word_1_391' title='bbox 417 2969 549 3040; x_wconf 89' lang='lat' dir='ltr'><strong>ecelesiis,</strong></span> <span class='ocrx_word' id='word_1_392' title='bbox 564 2974 592 3025; x_wconf 91' lang='lat' dir='ltr'><strong>et</strong></span> <span class='ocrx_word' id='word_1_393' title='bbox 604 2987 663 3026; x_wconf 91' lang='lat' dir='ltr'><strong>non</strong></span> <span class='ocrx_word' id='word_1_394' title='bbox 675 2970 761 3043; x_wconf 88' lang='lat' dir='ltr'><strong>longo</strong></span> <span class='ocrx_word' id='word_1_395' title='bbox 782 2971 883 3029; x_wconf 89' lang='lat' dir='ltr'><strong>itinere</strong></span> <span class='ocrx_word' id='word_1_396' title='bbox 932 2982 1109 3051; x_wconf 70' lang='lat' dir='ltr'><strong>presumant</strong></span> <span class='ocrx_word' id='word_1_397' title='bbox 1129 2993 1179 3048; x_wconf 92' lang='lat' dir='ltr'><strong>per</strong></span> <span class='ocrx_word' id='word_1_398' title='bbox 1198 2973 1365 3045; x_wconf 91' lang='lat' dir='ltr'><strong>semetipsos</strong></span> <span class='ocrx_word' id='word_1_399' title='bbox 1380 2973 1502 3044; x_wconf 87' lang='lat' dir='ltr'><strong>seprius</strong></span> <span class='ocrx_word' id='word_1_400' title='bbox 1519 2975 1704 3044; x_wconf 88' lang='lat' dir='ltr'><strong>pronuntiare</strong></span> <span class='ocrx_word' id='word_1_401' title='bbox 1718 2977 1754 3033; x_wconf 90' lang='lat' dir='ltr'><strong>ad</strong></span> <span class='ocrx_word' id='word_1_402' title='bbox 1833 2958 1836 2964; x_wconf 36' lang='lat'><strong>¹</strong></span> 
     </span>
     <span class='ocr_line' id='line_1_46' title="bbox 59 3063 1754 3188; baseline 0.002 -66"><span class='ocrx_word' id='word_1_403' title='bbox 59 3065 197 3138; x_wconf 80' lang='lat' dir='ltr'><strong>separari,</strong></span> <span class='ocrx_word' id='word_1_404' title='bbox 211 3080 302 3136; x_wconf 91' lang='lat' dir='ltr'><strong>neque</strong></span> <span class='ocrx_word' id='word_1_405' title='bbox 318 3064 347 3118; x_wconf 94' lang='lat' dir='ltr'><strong>in</strong></span> <span class='ocrx_word' id='word_1_406' title='bbox 364 3064 522 3137; x_wconf 89' lang='lat' dir='ltr'><strong>peregrinis</strong></span> <span class='ocrx_word' id='word_1_407' title='bbox 538 3063 679 3120; x_wconf 88' lang='lat' dir='ltr'><strong>demorari</strong></span> <span class='ocrx_word' id='word_1_408' title='bbox 694 3064 775 3136; x_wconf 87' lang='lat' dir='ltr'><strong>velle,</strong></span> <span class='ocrx_word' id='word_1_409' title='bbox 791 3082 882 3138; x_wconf 91' lang='lat' dir='ltr'><strong>neque</strong></span> <span class='ocrx_word' id='word_1_410' title='bbox 892 3112 920 3188; x_wconf 77' lang='lat' dir='ltr'>C</span> <span class='ocrx_word' id='word_1_411' title='bbox 932 3070 1153 3146; x_wconf 85' lang='lat' dir='ltr'><strong>imperium,sed</strong></span> <span class='ocrx_word' id='word_1_412' title='bbox 1163 3069 1295 3142; x_wconf 91' lang='lat' dir='ltr'><strong>primitus</strong></span> <span class='ocrx_word' id='word_1_413' title='bbox 1305 3066 1396 3123; x_wconf 89' lang='lat' dir='ltr'><strong>autad</strong></span> <span class='ocrx_word' id='word_1_414' title='bbox 1408 3067 1464 3121; x_wconf 81' lang='lat' dir='ltr'><strong>lieo</strong></span> <span class='ocrx_word' id='word_1_415' title='bbox 1475 3066 1627 3122; x_wconf 88' lang='lat' dir='ltr'><strong>amabilem</strong></span> <span class='ocrx_word' id='word_1_416' title='bbox 1638 3069 1754 3140; x_wconf 75' lang='lat' dir='ltr'><strong>patriar</strong></span> 
     </span>
     <span class='ocr_line' id='line_1_47' title="bbox 59 3158 1752 3238; baseline 0.004 -24"><span class='ocrx_word' id='word_1_417' title='bbox 59 3158 252 3215; x_wconf 88' lang='lat' dir='ltr'><strong>sanctissimas</strong></span> <span class='ocrx_word' id='word_1_418' title='bbox 266 3158 395 3214; x_wconf 87' lang='lat' dir='ltr'><strong>eeclesias</strong></span> <span class='ocrx_word' id='word_1_419' title='bbox 416 3158 572 3231; x_wconf 89' lang='lat' dir='ltr'><strong>negligere,</strong></span> <span class='ocrx_word' id='word_1_420' title='bbox 592 3174 686 3230; x_wconf 92' lang='lat' dir='ltr'><strong>neque</strong></span> <span class='ocrx_word' id='word_1_421' title='bbox 706 3175 814 3214; x_wconf 83' lang='lat' dir='ltr'><strong>anniim</strong></span> <span class='ocrx_word' id='word_1_422' title='bbox 834 3177 880 3215; x_wconf 87' lang='lat' dir='ltr'><strong>ex·</strong></span> <span class='ocrx_word' id='word_1_423' title='bbox 932 3166 1015 3221; x_wconf 81' lang='lat' dir='ltr'><strong>cham</strong></span> <span class='ocrx_word' id='word_1_424' title='bbox 1034 3164 1262 3238; x_wconf 79' lang='lat' dir='ltr'><strong>proficiscantur,</strong></span> <span class='ocrx_word' id='word_1_425' title='bbox 1281 3160 1383 3217; x_wconf 90' lang='lat' dir='ltr'><strong>autad</strong></span> <span class='ocrx_word' id='word_1_426' title='bbox 1402 3160 1626 3233; x_wconf 86' lang='lat' dir='ltr'><strong>uuiuscujusque</strong></span> <span class='ocrx_word' id='word_1_427' title='bbox 1651 3162 1752 3221; x_wconf 82' lang='lat' dir='ltr'><strong>dioece-</strong></span> 
     </span>
     <span class='ocr_line' id='line_1_48' title="bbox 60 3252 1753 3331; baseline 0.003 -22"><span class='ocrx_word' id='word_1_428' title='bbox 60 3252 172 3322; x_wconf 87' lang='lat' dir='ltr'><strong>eedere,</strong></span> <span class='ocrx_word' id='word_1_429' title='bbox 183 3269 269 3324; x_wconf 93' lang='lat' dir='ltr'><strong>quem</strong></span> <span class='ocrx_word' id='word_1_430' title='bbox 291 3257 319 3308; x_wconf 88' lang='lat' dir='ltr'><strong>et</strong></span> <span class='ocrx_word' id='word_1_431' title='bbox 337 3252 432 3324; x_wconf 90' lang='lat' dir='ltr'><strong>ipsum</strong></span> <span class='ocrx_word' id='word_1_432' title='bbox 445 3256 562 3324; x_wconf 89' lang='lat' dir='ltr'><strong>propter</strong></span> <span class='ocrx_word' id='word_1_433' title='bbox 575 3252 801 3309; x_wconf 91' lang='lat' dir='ltr'><strong>misericordiam</strong></span> <span class='ocrx_word' id='word_1_434' title='bbox 813 3271 881 3310; x_wconf 91' lang='lat' dir='ltr'><strong>eon·</strong></span> <span class='ocrx_word' id='word_1_435' title='bbox 932 3277 1003 3330; x_wconf 86' lang='lat' dir='ltr'><strong>sees,</strong></span> <span class='ocrx_word' id='word_1_436' title='bbox 1023 3276 1057 3316; x_wconf 86' lang='lat' dir='ltr'><strong>ex</strong></span> <span class='ocrx_word' id='word_1_437' title='bbox 1076 3276 1131 3331; x_wconf 91' lang='lat' dir='ltr'><strong>qua</strong></span> <span class='ocrx_word' id='word_1_438' title='bbox 1151 3262 1226 3326; x_wconf 92' lang='lat' dir='ltr'><strong>sunt,</strong></span> <span class='ocrx_word' id='word_1_439' title='bbox 1246 3254 1450 3329; x_wconf 85' lang='lat' dir='ltr'><strong>apocrisiarios,</strong></span> <span class='ocrx_word' id='word_1_440' title='bbox 1471 3260 1583 3310; x_wconf 89' lang='lat' dir='ltr'><strong>etcum</strong></span> <span class='ocrx_word' id='word_1_441' title='bbox 1602 3255 1670 3327; x_wconf 90' lang='lat' dir='ltr'><strong>ipsis</strong></span> <span class='ocrx_word' id='word_1_442' title='bbox 1688 3275 1753 3314; x_wconf 91' lang='lat' dir='ltr'><strong>con·</strong></span> 
     </span>
     <span class='ocr_line' id='line_1_49' title="bbox 59 3345 1751 3423; baseline 0.003 -22"><span class='ocrx_word' id='word_1_443' title='bbox 59 3345 217 3402; x_wconf 71' lang='lat' dir='ltr'><strong>elicuimus.</strong></span> <span class='ocrx_word' id='word_1_444' title='bbox 237 3346 265 3402; x_wconf 85' lang='lat' dir='ltr'><strong>Si</strong></span> <span class='ocrx_word' id='word_1_445' title='bbox 286 3362 352 3402; x_wconf 83' lang='lat' dir='ltr'><strong>vero</strong></span> <span class='ocrx_word' id='word_1_446' title='bbox 370 3346 444 3402; x_wconf 89' lang='lat' dir='ltr'><strong>ultra</strong></span> <span class='ocrx_word' id='word_1_447' title='bbox 462 3363 569 3402; x_wconf 89' lang='lat' dir='ltr'><strong>annum</strong></span> <span class='ocrx_word' id='word_1_448' title='bbox 588 3349 733 3417; x_wconf 87' lang='lat' dir='ltr'><strong>erraverit,</strong></span> <span class='ocrx_word' id='word_1_449' title='bbox 754 3353 782 3404; x_wconf 92' lang='lat' dir='ltr'><strong>et</strong></span> <span class='ocrx_word' id='word_1_450' title='bbox 799 3347 880 3404; x_wconf 87' lang='lat' dir='ltr'><strong>dero·</strong></span> <span class='ocrx_word' id='word_1_451' title='bbox 931 3354 1023 3409; x_wconf 86' lang='lat' dir='ltr'><strong>ferant</strong></span> <span class='ocrx_word' id='word_1_452' title='bbox 1034 3369 1141 3423; x_wconf 87' lang='lat' dir='ltr'><strong>causas,</strong></span> <span class='ocrx_word' id='word_1_453' title='bbox 1155 3355 1271 3423; x_wconf 90' lang='lat' dir='ltr'><strong>propter</strong></span> <span class='ocrx_word' id='word_1_454' title='bbox 1282 3366 1354 3422; x_wconf 88' lang='lat' dir='ltr'><strong>quas</strong></span> <span class='ocrx_word' id='word_1_455' title='bbox 1366 3352 1514 3419; x_wconf 84' lang='lat' dir='ltr'><strong>venerunt,</strong></span> <span class='ocrx_word' id='word_1_456' title='bbox 1527 3351 1555 3404; x_wconf 89' lang='lat' dir='ltr'><strong>et</strong></span> <span class='ocrx_word' id='word_1_457' title='bbox 1574 3366 1639 3405; x_wconf 90' lang='lat' dir='ltr'><strong>cum</strong></span> <span class='ocrx_word' id='word_1_458' title='bbox 1654 3350 1694 3406; x_wconf 90' lang='lat' dir='ltr'><strong>eis</strong></span> <span class='ocrx_word' id='word_1_459' title='bbox 1707 3351 1751 3406; x_wconf 91' lang='lat' dir='ltr'><strong>in·</strong></span> 
     </span>
     <span class='ocr_line' id='line_1_50' title="bbox 57 3437 1750 3520; baseline 0.002 -26"><span class='ocrx_word' id='word_1_460' title='bbox 57 3437 185 3512; x_wconf 88' lang='lat' dir='ltr'><strong>liquerit,</strong></span> <span class='ocrx_word' id='word_1_461' title='bbox 198 3456 291 3512; x_wconf 88' lang='lat' dir='ltr'><strong>neque</strong></span> <span class='ocrx_word' id='word_1_462' title='bbox 308 3441 344 3495; x_wconf 91' lang='lat' dir='ltr'><strong>ad</strong></span> <span class='ocrx_word' id='word_1_463' title='bbox 365 3440 514 3512; x_wconf 91' lang='lat' dir='ltr'><strong>proprium</strong></span> <span class='ocrx_word' id='word_1_464' title='bbox 526 3441 722 3514; x_wconf 89' lang='lat' dir='ltr'><strong>episcopatum</strong></span> <span class='ocrx_word' id='word_1_465' title='bbox 737 3457 879 3497; x_wconf 80' lang='lat' dir='ltr'><strong>remeare-</strong></span> <span class='ocrx_word' id='word_1_466' title='bbox 932 3446 1098 3520; x_wconf 85' lang='lat' dir='ltr'><strong>gradiantur</strong></span> <span class='ocrx_word' id='word_1_467' title='bbox 1111 3445 1147 3500; x_wconf 90' lang='lat' dir='ltr'><strong>ad</strong></span> <span class='ocrx_word' id='word_1_468' title='bbox 1161 3443 1324 3516; x_wconf 90' lang='lat' dir='ltr'><strong>imperium,</strong></span> <span class='ocrx_word' id='word_1_469' title='bbox 1340 3447 1369 3497; x_wconf 93' lang='lat' dir='ltr'><strong>et</strong></span> <span class='ocrx_word' id='word_1_470' title='bbox 1381 3441 1512 3513; x_wconf 88' lang='lat' dir='ltr'><strong>deinceps</strong></span> <span class='ocrx_word' id='word_1_471' title='bbox 1532 3441 1672 3514; x_wconf 89' lang='lat' dir='ltr'><strong>imperiali</strong></span> <span class='ocrx_word' id='word_1_472' title='bbox 1685 3461 1750 3515; x_wconf 89' lang='lat' dir='ltr'><strong>per·</strong></span> 
     </span>
     <span class='ocr_line' id='line_1_51' title="bbox 57 3532 1750 3610; baseline 0.004 -22"><span class='ocrx_word' id='word_1_473' title='bbox 57 3532 110 3602; x_wconf 86' lang='lat' dir='ltr'><strong>rit,</strong></span> <span class='ocrx_word' id='word_1_474' title='bbox 126 3549 219 3604; x_wconf 90' lang='lat' dir='ltr'><strong>neque</strong></span> <span class='ocrx_word' id='word_1_475' title='bbox 234 3533 387 3605; x_wconf 88' lang='lat' dir='ltr'><strong>imperialis</strong></span> <span class='ocrx_word' id='word_1_476' title='bbox 400 3533 497 3605; x_wconf 89' lang='lat' dir='ltr'><strong>aliqua</strong></span> <span class='ocrx_word' id='word_1_477' title='bbox 509 3550 573 3589; x_wconf 91' lang='lat' dir='ltr'><strong>eum</strong></span> <span class='ocrx_word' id='word_1_478' title='bbox 591 3533 673 3606; x_wconf 85' lang='lat' dir='ltr'><strong>(sicut</strong></span> <span class='ocrx_word' id='word_1_479' title='bbox 688 3534 880 3607; x_wconf 70' lang='lat' dir='ltr'><strong>praediximus)</strong></span> <span class='ocrx_word' id='word_1_480' title='bbox 930 3541 1061 3596; x_wconf 76' lang='lat' dir='ltr'><strong>furantur</strong></span> <span class='ocrx_word' id='word_1_481' title='bbox 1078 3541 1204 3610; x_wconf 88' lang='lat' dir='ltr'><strong>aspectu.</strong></span> <span class='ocrx_word' id='word_1_482' title='bbox 1234 3538 1296 3592; x_wconf 87' lang='lat' dir='ltr'><strong>llox</strong></span> <span class='ocrx_word' id='word_1_483' title='bbox 1327 3551 1412 3607; x_wconf 90' lang='lat' dir='ltr'><strong>quam</strong></span> <span class='ocrx_word' id='word_1_484' title='bbox 1432 3535 1583 3606; x_wconf 87' lang='lat' dir='ltr'><strong>imperanti</strong></span> <span class='ocrx_word' id='word_1_485' title='bbox 1600 3537 1750 3606; x_wconf 87' lang='lat' dir='ltr'><strong>astiterint,</strong></span> 
     </span>
     <span class='ocr_line' id='line_1_52' title="bbox 57 3624 1753 3705; baseline 0.004 -24"><span class='ocrx_word' id='word_1_486' title='bbox 57 3624 188 3681; x_wconf 90' lang='lat' dir='ltr'><strong>detineat</strong></span> <span class='ocrx_word' id='word_1_487' title='bbox 208 3626 308 3697; x_wconf 88' lang='lat' dir='ltr'><strong>jussio,</strong></span> <span class='ocrx_word' id='word_1_488' title='bbox 327 3633 396 3682; x_wconf 90' lang='lat' dir='ltr'><strong>tane</strong></span> <span class='ocrx_word' id='word_1_489' title='bbox 419 3627 560 3699; x_wconf 90' lang='lat' dir='ltr'><strong>siquidem</strong></span> <span class='ocrx_word' id='word_1_490' title='bbox 582 3628 619 3684; x_wconf 89' lang='lat' dir='ltr'><strong>sit</strong></span> <span class='ocrx_word' id='word_1_491' title='bbox 637 3629 879 3700; x_wconf 89' lang='lat' dir='ltr'><strong>metropolitauus,</strong></span> <span class='ocrx_word' id='word_1_492' title='bbox 930 3633 1013 3689; x_wconf 91' lang='lat' dir='ltr'><strong>liceat</strong></span> <span class='ocrx_word' id='word_1_493' title='bbox 1030 3632 1145 3705; x_wconf 92' lang='lat' dir='ltr'><strong>quidem</strong></span> <span class='ocrx_word' id='word_1_494' title='bbox 1166 3631 1326 3704; x_wconf 89' lang='lat' dir='ltr'><strong>petentibus</strong></span> <span class='ocrx_word' id='word_1_495' title='bbox 1344 3629 1481 3701; x_wconf 90' lang='lat' dir='ltr'><strong>episeopis</strong></span> <span class='ocrx_word' id='word_1_496' title='bbox 1498 3634 1547 3684; x_wconf 90' lang='lat' dir='ltr'><strong>aut</strong></span> <span class='ocrx_word' id='word_1_497' title='bbox 1564 3646 1615 3701; x_wconf 91' lang='lat' dir='ltr'><strong>per</strong></span> <span class='ocrx_word' id='word_1_498' title='bbox 1633 3647 1682 3687; x_wconf 91' lang='lat' dir='ltr'><strong>eos</strong></span> <span class='ocrx_word' id='word_1_499' title='bbox 1701 3633 1753 3704; x_wconf 91' lang='lat' dir='ltr'><strong>qui</strong></span> 
     </span>
     <span class='ocr_line' id='line_1_53' title="bbox 58 3720 1748 3798; baseline 0.004 -23"><span class='ocrx_word' id='word_1_500' title='bbox 58 3723 163 3775; x_wconf 88' lang='lat' dir='ltr'><strong>contra</strong></span> <span class='ocrx_word' id='word_1_501' title='bbox 189 3720 401 3777; x_wconf 88' lang='lat' dir='ltr'><strong>ecelesiasticam</strong></span> <span class='ocrx_word' id='word_1_502' title='bbox 429 3720 640 3792; x_wconf 88' lang='lat' dir='ltr'><strong>dispositionem</strong></span> <span class='ocrx_word' id='word_1_503' title='bbox 664 3722 811 3778; x_wconf 89' lang='lat' dir='ltr'><strong>absentem</strong></span> <span class='ocrx_word' id='word_1_504' title='bbox 834 3738 879 3776; x_wconf 89' lang='lat' dir='ltr'><strong>re·</strong></span> <span class='ocrx_word' id='word_1_505' title='bbox 930 3731 1065 3784; x_wconf 88' lang='lat' dir='ltr'><strong>vocantur</strong></span> <span class='ocrx_word' id='word_1_506' title='bbox 1077 3724 1260 3782; x_wconf 83' lang='lat' dir='ltr'><strong>referendarii</strong></span> <span class='ocrx_word' id='word_1_507' title='bbox 1276 3723 1460 3779; x_wconf 85' lang='lat' dir='ltr'><strong>sanctisshuoe</strong></span> <span class='ocrx_word' id='word_1_508' title='bbox 1479 3723 1594 3795; x_wconf 82' lang='lat' dir='ltr'><strong>maJ‘oris</strong></span> <span class='ocrx_word' id='word_1_509' title='bbox 1613 3725 1748 3798; x_wconf 80' lang='lat' dir='ltr'><strong>ecclesiae,</strong></span> 
     </span>
     <span class='ocr_line' id='line_1_54' title="bbox 59 3812 1749 3893; baseline 0.003 -25"><span class='ocrx_word' id='word_1_510' title='bbox 59 3812 157 3885; x_wconf 88' lang='lat' dir='ltr'><strong>gionis</strong></span> <span class='ocrx_word' id='word_1_511' title='bbox 167 3813 242 3870; x_wconf 92' lang='lat' dir='ltr'><strong>illius</strong></span> <span class='ocrx_word' id='word_1_512' title='bbox 253 3815 412 3887; x_wconf 90' lang='lat' dir='ltr'><strong>patriarcha</strong></span> <span class='ocrx_word' id='word_1_513' title='bbox 421 3818 532 3870; x_wconf 82' lang='lat' dir='ltr'><strong>revocet</strong></span> <span class='ocrx_word' id='word_1_514' title='bbox 541 3815 658 3888; x_wconf 89' lang='lat' dir='ltr'><strong>quidem</strong></span> <span class='ocrx_word' id='word_1_515' title='bbox 670 3832 737 3872; x_wconf 91' lang='lat' dir='ltr'><strong>eum</strong></span> <span class='ocrx_word' id='word_1_516' title='bbox 745 3815 881 3887; x_wconf 89' lang='lat' dir='ltr'><strong>legitimis</strong></span> <span class='ocrx_word' id='word_1_517' title='bbox 929 3826 979 3876; x_wconf 77' lang='lat' dir='ltr'><strong>aut</strong></span> <span class='ocrx_word' id='word_1_518' title='bbox 996 3837 1048 3893; x_wconf 85' lang='lat' dir='ltr'><strong>per</strong></span> <span class='ocrx_word' id='word_1_519' title='bbox 1067 3819 1213 3892; x_wconf 88' lang='lat' dir='ltr'><strong>rehgiosas</strong></span> <span class='ocrx_word' id='word_1_520' title='bbox 1231 3816 1424 3890; x_wconf 89' lang='lat' dir='ltr'><strong>apocrisiarios</strong></span> <span class='ocrx_word' id='word_1_521' title='bbox 1442 3817 1580 3890; x_wconf 87' lang='lat' dir='ltr'><strong>cujusque</strong></span> <span class='ocrx_word' id='word_1_522' title='bbox 1599 3818 1749 3877; x_wconf 83' lang='lat' dir='ltr'><strong>dioeceseos</strong></span> 
     </span>
     <span class='ocr_line' id='line_1_55' title="bbox 57 3907 1749 3986; baseline 0.005 -23"><span class='ocrx_word' id='word_1_523' title='bbox 57 3907 340 3981; x_wconf 86' lang='lat' dir='ltr'><strong>proclamationibus,</strong></span> <span class='ocrx_word' id='word_1_524' title='bbox 356 3926 471 3964; x_wconf 80' lang='lat' dir='ltr'><strong>servans</strong></span> <span class='ocrx_word' id='word_1_525' title='bbox 488 3909 593 3981; x_wconf 91' lang='lat' dir='ltr'><strong>ubique</strong></span> <span class='ocrx_word' id='word_1_526' title='bbox 608 3927 751 3965; x_wconf 89' lang='lat' dir='ltr'><strong>sacrarum</strong></span> <span class='ocrx_word' id='word_1_527' title='bbox 765 3910 879 3983; x_wconf 86' lang='lat' dir='ltr'><strong>regula·</strong></span> <span class='ocrx_word' id='word_1_528' title='bbox 930 3914 1169 3971; x_wconf 89' lang='lat' dir='ltr'><strong>sanctissimorum</strong></span> <span class='ocrx_word' id='word_1_529' title='bbox 1179 3911 1404 3986; x_wconf 88' lang='lat' dir='ltr'><strong>patriarcharum</strong></span> <span class='ocrx_word' id='word_1_530' title='bbox 1415 3927 1568 3984; x_wconf 89' lang='lat' dir='ltr'><strong>suggerere</strong></span> <span class='ocrx_word' id='word_1_531' title='bbox 1581 3929 1610 3968; x_wconf 89' lang='lat' dir='ltr'><strong>se</strong></span> <span class='ocrx_word' id='word_1_532' title='bbox 1619 3913 1749 3986; x_wconf 89' lang='lat' dir='ltr'><strong>imperio,</strong></span> 
     </span>
     <span class='ocr_line' id='line_1_56' title="bbox 57 4002 1753 4082; baseline 0.004 -24"><span class='ocrx_word' id='word_1_533' title='bbox 57 4017 128 4058; x_wconf 88' lang='lat' dir='ltr'><strong>rum</strong></span> <span class='ocrx_word' id='word_1_534' title='bbox 144 4002 377 4059; x_wconf 77' lang='lat' dir='ltr'><strong>observationem.</strong></span> <span class='ocrx_word' id='word_1_535' title='bbox 394 4003 500 4060; x_wconf 80' lang='lat' dir='ltr'><strong>sivero</strong></span> <span class='ocrx_word' id='word_1_536' title='bbox 519 4008 631 4060; x_wconf 88' lang='lat' dir='ltr'><strong>maneat</strong></span> <span class='ocrx_word' id='word_1_537' title='bbox 649 4021 702 4076; x_wconf 92' lang='lat' dir='ltr'><strong>per</strong></span> <span class='ocrx_word' id='word_1_538' title='bbox 720 4005 817 4059; x_wconf 90' lang='lat' dir='ltr'><strong>omnia</strong></span> <span class='ocrx_word' id='word_1_539' title='bbox 835 4004 878 4059; x_wconf 94' lang='lat' dir='ltr'><strong>iu·</strong></span> <span class='ocrx_word' id='word_1_540' title='bbox 930 4013 959 4066; x_wconf 92' lang='lat' dir='ltr'><strong>et</strong></span> <span class='ocrx_word' id='word_1_541' title='bbox 973 4008 1132 4082; x_wconf 91' lang='lat' dir='ltr'><strong>promereri</strong></span> <span class='ocrx_word' id='word_1_542' title='bbox 1146 4023 1317 4081; x_wconf 90' lang='lat' dir='ltr'><strong>responsum</strong></span> <span class='ocrx_word' id='word_1_543' title='bbox 1332 4006 1470 4073; x_wconf 89' lang='lat' dir='ltr'><strong>celeriter,</strong></span> <span class='ocrx_word' id='word_1_544' title='bbox 1486 4006 1527 4060; x_wconf 91' lang='lat' dir='ltr'><strong>ita</strong></span> <span class='ocrx_word' id='word_1_545' title='bbox 1542 4009 1574 4061; x_wconf 91' lang='lat' dir='ltr'><strong>ut</strong></span> <span class='ocrx_word' id='word_1_546' title='bbox 1583 4007 1607 4062; x_wconf 92' lang='lat' dir='ltr'><strong>si</strong></span> <span class='ocrx_word' id='word_1_547' title='bbox 1619 4008 1753 4079; x_wconf 88' lang='lat' dir='ltr'><strong>autjusta</strong></span> 
     </span>
     <span class='ocr_line' id='line_1_57' title="bbox 58 4094 1749 4176; baseline 0.004 -25"><span class='ocrx_word' id='word_1_548' title='bbox 58 4094 205 4163; x_wconf 89' lang='lat' dir='ltr'><strong>obediens,</strong></span> <span class='ocrx_word' id='word_1_549' title='bbox 222 4096 378 4169; x_wconf 83' lang='lat' dir='ltr'><strong>expellatur</strong></span> <span class='ocrx_word' id='word_1_550' title='bbox 390 4115 407 4152; x_wconf 95' lang='lat' dir='ltr'><strong>a</strong></span> <span class='ocrx_word' id='word_1_551' title='bbox 421 4114 500 4153; x_wconf 86' lang='lat' dir='ltr'><strong>saera</strong></span> <span class='ocrx_word' id='word_1_552' title='bbox 522 4098 717 4170; x_wconf 88' lang='lat' dir='ltr'><strong>episcoporum</strong></span> <span class='ocrx_word' id='word_1_553' title='bbox 739 4099 835 4168; x_wconf 88' lang='lat' dir='ltr'><strong>choro,</strong></span> <span class='ocrx_word' id='word_1_554' title='bbox 852 4101 880 4153; x_wconf 85' lang='lat' dir='ltr'><strong>et</strong></span> <span class='ocrx_word' id='word_1_555' title='bbox 928 4103 964 4158; x_wconf 88' lang='lat' dir='ltr'><strong>ab</strong></span> <span class='ocrx_word' id='word_1_556' title='bbox 978 4102 1099 4176; x_wconf 89' lang='lat' dir='ltr'><strong>imperio</strong></span> <span class='ocrx_word' id='word_1_557' title='bbox 1112 4101 1255 4174; x_wconf 85' lang='lat' dir='ltr'><strong>petierint,</strong></span> <span class='ocrx_word' id='word_1_558' title='bbox 1270 4100 1489 4172; x_wconf 88' lang='lat' dir='ltr'><strong>baecaccipiant,</strong></span> <span class='ocrx_word' id='word_1_559' title='bbox 1505 4104 1555 4154; x_wconf 91' lang='lat' dir='ltr'><strong>aut</strong></span> <span class='ocrx_word' id='word_1_560' title='bbox 1568 4100 1591 4154; x_wconf 94' lang='lat' dir='ltr'><strong>si</strong></span> <span class='ocrx_word' id='word_1_561' title='bbox 1606 4117 1662 4155; x_wconf 90' lang='lat' dir='ltr'><strong>uon</strong></span> <span class='ocrx_word' id='word_1_562' title='bbox 1672 4102 1749 4171; x_wconf 88' lang='lat' dir='ltr'><strong>justa</strong></span> 
     </span>
     <span class='ocr_line' id='line_1_58' title="bbox 57 4189 1747 4269; baseline 0.002 -23"><span class='ocrx_word' id='word_1_563' title='bbox 57 4189 150 4246; x_wconf 85' lang='lat' dir='ltr'><strong>alium</strong></span> <span class='ocrx_word' id='word_1_564' title='bbox 178 4189 339 4246; x_wconf 88' lang='lat' dir='ltr'><strong>introducat</strong></span> <span class='ocrx_word' id='word_1_565' title='bbox 365 4192 527 4263; x_wconf 86' lang='lat' dir='ltr'><strong>hujusmodi</strong></span> <span class='ocrx_word' id='word_1_566' title='bbox 545 4199 574 4247; x_wconf 93' lang='lat' dir='ltr'><strong>et</strong></span> <span class='ocrx_word' id='word_1_567' title='bbox 593 4192 764 4262; x_wconf 84' lang='lat' dir='ltr'><strong>reverentia,</strong></span> <span class='ocrx_word' id='word_1_568' title='bbox 784 4199 813 4248; x_wconf 93' lang='lat' dir='ltr'><strong>et</strong></span> <span class='ocrx_word' id='word_1_569' title='bbox 831 4210 877 4249; x_wconf 81' lang='lat' dir='ltr'><strong>ve·</strong></span> <span class='ocrx_word' id='word_1_570' title='bbox 928 4201 1071 4269; x_wconf 76' lang='lat' dir='ltr'><strong>quarunt,</strong></span> <span class='ocrx_word' id='word_1_571' title='bbox 1090 4196 1223 4252; x_wconf 82' lang='lat' dir='ltr'><strong>velociter</strong></span> <span class='ocrx_word' id='word_1_572' title='bbox 1240 4198 1418 4251; x_wconf 87' lang='lat' dir='ltr'><strong>revertantur</strong></span> <span class='ocrx_word' id='word_1_573' title='bbox 1440 4193 1515 4247; x_wconf 92' lang='lat' dir='ltr'><strong>unde</strong></span> <span class='ocrx_word' id='word_1_574' title='bbox 1535 4193 1653 4263; x_wconf 86' lang='lat' dir='ltr'><strong>profecti</strong></span> <span class='ocrx_word' id='word_1_575' title='bbox 1672 4199 1747 4250; x_wconf 88' lang='lat' dir='ltr'><strong>sunt.</strong></span> 
     </span>
     <span class='ocr_line' id='line_1_59' title="bbox 56 4283 1748 4359; baseline 0.002 -19"><span class='ocrx_word' id='word_1_576' title='bbox 56 4283 207 4352; x_wconf 87' lang='lat' dir='ltr'><strong>recundia,</strong></span> <span class='ocrx_word' id='word_1_577' title='bbox 222 4289 250 4340; x_wconf 90' lang='lat' dir='ltr'><strong>et</strong></span> <span class='ocrx_word' id='word_1_578' title='bbox 263 4285 410 4341; x_wconf 82' lang='lat' dir='ltr'><strong>hortestate</strong></span> <span class='ocrx_word' id='word_1_579' title='bbox 425 4286 553 4359; x_wconf 88' lang='lat' dir='ltr'><strong>dignum.</strong></span> <span class='ocrx_word' id='word_1_580' title='bbox 569 4287 596 4342; x_wconf 92' lang='lat' dir='ltr'><strong>Si</strong></span> <span class='ocrx_word' id='word_1_581' title='bbox 616 4303 681 4342; x_wconf 87' lang='lat' dir='ltr'><strong>vero</strong></span> <span class='ocrx_word' id='word_1_582' title='bbox 699 4303 758 4341; x_wconf 93' lang='lat' dir='ltr'><strong>non</strong></span> <span class='ocrx_word' id='word_1_583' title='bbox 777 4290 880 4342; x_wconf 77' lang='lat' dir='ltr'><strong>metro</strong></span> <span class='ocrx_word' id='word_1_584' title='bbox 929 4293 992 4347; x_wconf 80' lang='lat' dir='ltr'><strong>llaec</strong></span> <span class='ocrx_word' id='word_1_585' title='bbox 1004 4296 1099 4347; x_wconf 77' lang='lat' dir='ltr'><strong>etitem</strong></span> <span class='ocrx_word' id='word_1_586' title='bbox 1118 4290 1152 4346; x_wconf 93' lang='lat' dir='ltr'><strong>de</strong></span> <span class='ocrx_word' id='word_1_587' title='bbox 1178 4291 1232 4344; x_wconf 78' lang='lat' dir='ltr'><strong>lico</strong></span> <span class='ocrx_word' id='word_1_588' title='bbox 1251 4287 1419 4342; x_wconf 87' lang='lat' dir='ltr'><strong>amabilibus</strong></span> <span class='ocrx_word' id='word_1_589' title='bbox 1438 4286 1574 4357; x_wconf 89' lang='lat' dir='ltr'><strong>episeopis</strong></span> <span class='ocrx_word' id='word_1_590' title='bbox 1593 4287 1748 4343; x_wconf 88' lang='lat' dir='ltr'><strong>seeundum</strong></span> 
     </span>
     <span class='ocr_line' id='line_1_60' title="bbox 56 4377 1753 4453; baseline 0.003 -20"><span class='ocrx_word' id='word_1_591' title='bbox 56 4377 218 4451; x_wconf 86' lang='lat' dir='ltr'><strong>politanus,</strong></span> <span class='ocrx_word' id='word_1_592' title='bbox 232 4380 282 4435; x_wconf 88' lang='lat' dir='ltr'><strong>sed</strong></span> <span class='ocrx_word' id='word_1_593' title='bbox 295 4379 415 4435; x_wconf 90' lang='lat' dir='ltr'><strong>ahorum</strong></span> <span class='ocrx_word' id='word_1_594' title='bbox 428 4380 624 4453; x_wconf 89' lang='lat' dir='ltr'><strong>episcoporum</strong></span> <span class='ocrx_word' id='word_1_595' title='bbox 638 4380 740 4452; x_wconf 89' lang='lat' dir='ltr'><strong>aliquis</strong></span> <span class='ocrx_word' id='word_1_596' title='bbox 752 4380 805 4448; x_wconf 91' lang='lat' dir='ltr'><strong>sit,</strong></span> <span class='ocrx_word' id='word_1_597' title='bbox 830 4381 879 4452; x_wconf 91' lang='lat' dir='ltr'><strong>qui</strong></span> <span class='ocrx_word' id='word_1_598' title='bbox 929 4385 1037 4440; x_wconf 85' lang='lat' dir='ltr'><strong>divinas</strong></span> <span class='ocrx_word' id='word_1_599' title='bbox 1058 4384 1259 4439; x_wconf 89' lang='lat' dir='ltr'><strong>constituentes</strong></span> <span class='ocrx_word' id='word_1_600' title='bbox 1283 4380 1404 4453; x_wconf 85' lang='lat' dir='ltr'><strong>regulas,</strong></span> <span class='ocrx_word' id='word_1_601' title='bbox 1425 4384 1454 4435; x_wconf 93' lang='lat' dir='ltr'><strong>et</strong></span> <span class='ocrx_word' id='word_1_602' title='bbox 1471 4378 1618 4450; x_wconf 86' lang='lat' dir='ltr'><strong>religiosos</strong></span> <span class='ocrx_word' id='word_1_603' title='bbox 1635 4380 1753 4438; x_wconf 91' lang='lat' dir='ltr'><strong>elericos</strong></span> 
     </span>
     <span class='ocr_line' id='line_1_61' title="bbox 58 4469 1752 4559; baseline 0.002 -31"><span class='ocrx_word' id='word_1_604' title='bbox 58 4471 208 4542; x_wconf 85' lang='lat' dir='ltr'><strong>erraverit,</strong></span> <span class='ocrx_word' id='word_1_605' title='bbox 229 4473 290 4529; x_wconf 74' lang='lat' dir='ltr'><strong>haec</strong></span> <span class='ocrx_word' id='word_1_606' title='bbox 308 4473 404 4529; x_wconf 92' lang='lat' dir='ltr'><strong>omnia</strong></span> <span class='ocrx_word' id='word_1_607' title='bbox 422 4490 438 4527; x_wconf 91' lang='lat' dir='ltr'><strong>a</strong></span> <span class='ocrx_word' id='word_1_608' title='bbox 457 4469 677 4546; x_wconf 83' lang='lat' dir='ltr'><strong>metropolitano</strong></span> <span class='ocrx_word' id='word_1_609' title='bbox 695 4473 773 4530; x_wconf 89' lang='lat' dir='ltr'><strong>fiant.</strong></span> <span class='ocrx_word' id='word_1_610' title='bbox 795 4474 882 4529; x_wconf 87' lang='lat' dir='ltr'><strong>Nema</strong></span> <span class='ocrx_word' id='word_1_611' title='bbox 893 4486 922 4559; x_wconf 75' lang='lat' dir='ltr'>D</span> <span class='ocrx_word' id='word_1_612' title='bbox 933 4494 999 4533; x_wconf 88' lang='lat' dir='ltr'><strong>cum</strong></span> <span class='ocrx_word' id='word_1_613' title='bbox 1013 4477 1174 4532; x_wconf 76' lang='lat' dir='ltr'><strong>multaberi</strong></span> <span class='ocrx_word' id='word_1_614' title='bbox 1189 4474 1369 4547; x_wconf 87' lang='lat' dir='ltr'><strong>inquisitione</strong></span> <span class='ocrx_word' id='word_1_615' title='bbox 1382 4472 1539 4528; x_wconf 90' lang='lat' dir='ltr'><strong>seeundum</strong></span> <span class='ocrx_word' id='word_1_616' title='bbox 1551 4473 1660 4530; x_wconf 79' lang='lat' dir='ltr'><strong>divinas</strong></span> <span class='ocrx_word' id='word_1_617' title='bbox 1669 4492 1752 4549; x_wconf 89' lang='lat' dir='ltr'><strong>regu·</strong></span> 
     </span>
    </p>
   </div>
   <div class='ocr_carea' id='block_1_8' title="bbox 58 4565 885 5867">
    <p class='ocr_par' dir='ltr' id='par_1_9' title="bbox 58 4565 885 5867">
     <span class='ocr_line' id='line_1_62' title="bbox 59 4565 883 4642; baseline 0 -20"><span class='ocrx_word' id='word_1_618' title='bbox 59 4565 140 4622; x_wconf 86' lang='lat' dir='ltr'><strong>euim</strong></span> <span class='ocrx_word' id='word_1_619' title='bbox 155 4583 255 4623; x_wconf 91' lang='lat' dir='ltr'><strong>eorum</strong></span> <span class='ocrx_word' id='word_1_620' title='bbox 269 4567 353 4624; x_wconf 91' lang='lat' dir='ltr'><strong>talem</strong></span> <span class='ocrx_word' id='word_1_621' title='bbox 368 4568 501 4642; x_wconf 86' lang='lat' dir='ltr'><strong>suscipiat</strong></span> <span class='ocrx_word' id='word_1_622' title='bbox 520 4573 700 4640; x_wconf 77' lang='lat' dir='ltr'><strong>praetextum,</strong></span> <span class='ocrx_word' id='word_1_623' title='bbox 716 4568 739 4623; x_wconf 89' lang='lat' dir='ltr'><strong>si</strong></span> <span class='ocrx_word' id='word_1_624' title='bbox 758 4566 883 4623; x_wconf 87' lang='lat' dir='ltr'><strong>dixerint</strong></span> 
     </span>
     <span class='ocr_line' id='line_1_63' title="bbox 58 4660 882 4734; baseline 0.001 -19"><span class='ocrx_word' id='word_1_625' title='bbox 58 4665 210 4733; x_wconf 86' lang='lat' dir='ltr'><strong>propterea</strong></span> <span class='ocrx_word' id='word_1_626' title='bbox 228 4678 258 4725; x_wconf 79' lang='lat' dir='ltr'><strong>se</strong></span> <span class='ocrx_word' id='word_1_627' title='bbox 276 4662 405 4734; x_wconf 89' lang='lat' dir='ltr'><strong>proprias</strong></span> <span class='ocrx_word' id='word_1_628' title='bbox 424 4662 619 4734; x_wconf 90' lang='lat' dir='ltr'><strong>derelinquere</strong></span> <span class='ocrx_word' id='word_1_629' title='bbox 638 4662 784 4730; x_wconf 90' lang='lat' dir='ltr'><strong>eeclesias,</strong></span> <span class='ocrx_word' id='word_1_630' title='bbox 804 4660 882 4734; x_wconf 94' lang='lat' dir='ltr'><strong>quod</strong></span> 
     </span>
     <span class='ocr_line' id='line_1_64' title="bbox 58 4752 881 4827; baseline 0 -18"><span class='ocrx_word' id='word_1_631' title='bbox 58 4752 156 4809; x_wconf 88' lang='lat' dir='ltr'><strong>litium</strong></span> <span class='ocrx_word' id='word_1_632' title='bbox 170 4771 275 4823; x_wconf 76' lang='lat' dir='ltr'><strong>musas,</strong></span> <span class='ocrx_word' id='word_1_633' title='bbox 284 4760 334 4811; x_wconf 89' lang='lat' dir='ltr'><strong>aut</strong></span> <span class='ocrx_word' id='word_1_634' title='bbox 347 4756 469 4810; x_wconf 89' lang='lat' dir='ltr'><strong>aliamm</strong></span> <span class='ocrx_word' id='word_1_635' title='bbox 478 4771 575 4810; x_wconf 91' lang='lat' dir='ltr'><strong>rerum</strong></span> <span class='ocrx_word' id='word_1_636' title='bbox 586 4755 775 4827; x_wconf 89' lang='lat' dir='ltr'><strong>propriarum,</strong></span> <span class='ocrx_word' id='word_1_637' title='bbox 789 4755 881 4810; x_wconf 88' lang='lat' dir='ltr'><strong>autad</strong></span> 
     </span>
     <span class='ocr_line' id='line_1_65' title="bbox 59 4848 882 4922; baseline 0 -18"><span class='ocrx_word' id='word_1_638' title='bbox 59 4863 157 4904; x_wconf 83' lang='lat' dir='ltr'><strong>sacras</strong></span> <span class='ocrx_word' id='word_1_639' title='bbox 172 4849 301 4905; x_wconf 87' lang='lat' dir='ltr'><strong>ecclesias</strong></span> <span class='ocrx_word' id='word_1_640' title='bbox 313 4849 525 4922; x_wconf 89' lang='lat' dir='ltr'><strong>respicientium</strong></span> <span class='ocrx_word' id='word_1_641' title='bbox 540 4849 779 4919; x_wconf 89' lang='lat' dir='ltr'><strong>circumlustrant,</strong></span> <span class='ocrx_word' id='word_1_642' title='bbox 794 4853 822 4906; x_wconf 92' lang='lat' dir='ltr'><strong>et</strong></span> <span class='ocrx_word' id='word_1_643' title='bbox 837 4848 882 4905; x_wconf 92' lang='lat' dir='ltr'><strong>hie</strong></span> 
     </span>
     <span class='ocr_line' id='line_1_66' title="bbox 59 4941 882 5014; baseline 0.001 -17"><span class='ocrx_word' id='word_1_644' title='bbox 59 4941 205 4998; x_wconf 88' lang='lat' dir='ltr'><strong>constituti</strong></span> <span class='ocrx_word' id='word_1_645' title='bbox 229 4943 347 5014; x_wconf 83' lang='lat' dir='ltr'><strong>haerent,</strong></span> <span class='ocrx_word' id='word_1_646' title='bbox 368 4948 418 4999; x_wconf 89' lang='lat' dir='ltr'><strong>aut</strong></span> <span class='ocrx_word' id='word_1_647' title='bbox 445 4944 474 4999; x_wconf 93' lang='lat' dir='ltr'><strong>iu</strong></span> <span class='ocrx_word' id='word_1_648' title='bbox 497 4943 558 4998; x_wconf 89' lang='lat' dir='ltr'><strong>aliis</strong></span> <span class='ocrx_word' id='word_1_649' title='bbox 576 4943 709 4999; x_wconf 87' lang='lat' dir='ltr'><strong>aberrant</strong></span> <span class='ocrx_word' id='word_1_650' title='bbox 727 4944 805 4999; x_wconf 90' lang='lat' dir='ltr'><strong>locis.</strong></span> <span class='ocrx_word' id='word_1_651' title='bbox 827 4945 882 4998; x_wconf 90' lang='lat' dir='ltr'><strong>tloc</strong></span> 
     </span>
     <span class='ocr_line' id='line_1_67' title="bbox 58 5035 884 5106; baseline 0 -14"><span class='ocrx_word' id='word_1_652' title='bbox 58 5035 451 5094; x_wconf 88' lang='lat' dir='ltr'><strong>enimuonhabetdeeentem</strong></span> <span class='ocrx_word' id='word_1_653' title='bbox 461 5037 884 5106; x_wconf 89' lang='lat' dir='ltr'><strong>rationem,uteummuttitudi-</strong></span> 
     </span>
     <span class='ocr_line' id='line_1_68' title="bbox 59 5130 884 5204; baseline 0 -19"><span class='ocrx_word' id='word_1_654' title='bbox 59 5146 98 5186; x_wconf 89' lang='lat' dir='ltr'><strong>ne</strong></span> <span class='ocrx_word' id='word_1_655' title='bbox 108 5130 245 5186; x_wconf 78' lang='lat' dir='ltr'><strong>famulicii</strong></span> <span class='ocrx_word' id='word_1_656' title='bbox 254 5132 331 5204; x_wconf 90' lang='lat' dir='ltr'><strong>quod</strong></span> <span class='ocrx_word' id='word_1_657' title='bbox 340 5148 453 5188; x_wconf 90' lang='lat' dir='ltr'><strong>neeesse</strong></span> <span class='ocrx_word' id='word_1_658' title='bbox 463 5132 675 5203; x_wconf 90' lang='lat' dir='ltr'><strong>estepiseopum</strong></span> <span class='ocrx_word' id='word_1_659' title='bbox 685 5130 789 5186; x_wconf 87' lang='lat' dir='ltr'><strong>babere</strong></span> <span class='ocrx_word' id='word_1_660' title='bbox 799 5130 884 5202; x_wconf 88' lang='lat' dir='ltr'><strong>proti-</strong></span> 
     </span>
     <span class='ocr_line' id='line_1_69' title="bbox 58 5224 884 5299; baseline 0 -18"><span class='ocrx_word' id='word_1_661' title='bbox 58 5224 211 5295; x_wconf 88' lang='lat' dir='ltr'><strong>eiscautur,</strong></span> <span class='ocrx_word' id='word_1_662' title='bbox 228 5232 255 5281; x_wconf 89' lang='lat' dir='ltr'><strong>et</strong></span> <span class='ocrx_word' id='word_1_663' title='bbox 269 5243 389 5299; x_wconf 87' lang='lat' dir='ltr'><strong>peregre</strong></span> <span class='ocrx_word' id='word_1_664' title='bbox 400 5231 531 5299; x_wconf 89' lang='lat' dir='ltr'><strong>sumptus</strong></span> <span class='ocrx_word' id='word_1_665' title='bbox 542 5225 656 5295; x_wconf 85' lang='lat' dir='ltr'><strong>faciant,</strong></span> <span class='ocrx_word' id='word_1_666' title='bbox 667 5242 732 5281; x_wconf 91' lang='lat' dir='ltr'><strong>cum</strong></span> <span class='ocrx_word' id='word_1_667' title='bbox 741 5242 835 5296; x_wconf 91' lang='lat' dir='ltr'><strong>neque</strong></span> <span class='ocrx_word' id='word_1_668' title='bbox 844 5227 884 5281; x_wconf 91' lang='lat' dir='ltr'><strong>ul-</strong></span> 
     </span>
     <span class='ocr_line' id='line_1_70' title="bbox 58 5317 883 5390; baseline 0.001 -16"><span class='ocrx_word' id='word_1_669' title='bbox 58 5317 123 5375; x_wconf 89' lang='lat' dir='ltr'><strong>lum</strong></span> <span class='ocrx_word' id='word_1_670' title='bbox 145 5318 326 5375; x_wconf 90' lang='lat' dir='ltr'><strong>sanctissimis</strong></span> <span class='ocrx_word' id='word_1_671' title='bbox 346 5319 470 5376; x_wconf 87' lang='lat' dir='ltr'><strong>ecclesiis</strong></span> <span class='ocrx_word' id='word_1_672' title='bbox 488 5320 600 5375; x_wconf 89' lang='lat' dir='ltr'><strong>lucram</strong></span> <span class='ocrx_word' id='word_1_673' title='bbox 618 5319 685 5375; x_wconf 91' lang='lat' dir='ltr'><strong>iude</strong></span> <span class='ocrx_word' id='word_1_674' title='bbox 705 5324 733 5375; x_wconf 89' lang='lat' dir='ltr'><strong>et</strong></span> <span class='ocrx_word' id='word_1_675' title='bbox 748 5320 883 5390; x_wconf 81' lang='lat' dir='ltr'><strong>juvamen</strong></span> 
     </span>
     <span class='ocr_line' id='line_1_71' title="bbox 58 5412 878 5486; baseline 0.001 -18"><span class='ocrx_word' id='word_1_676' title='bbox 58 5412 184 5479; x_wconf 78' lang='lat' dir='ltr'><strong>accedat,</strong></span> <span class='ocrx_word' id='word_1_677' title='bbox 202 5430 294 5486; x_wconf 89' lang='lat' dir='ltr'><strong>neque</strong></span> <span class='ocrx_word' id='word_1_678' title='bbox 320 5414 485 5485; x_wconf 83' lang='lat' dir='ltr'><strong>(secuudum</strong></span> <span class='ocrx_word' id='word_1_679' title='bbox 504 5414 581 5486; x_wconf 90' lang='lat' dir='ltr'><strong>qaod</strong></span> <span class='ocrx_word' id='word_1_680' title='bbox 599 5413 679 5469; x_wconf 91' lang='lat' dir='ltr'><strong>decet</strong></span> <span class='ocrx_word' id='word_1_681' title='bbox 697 5414 878 5481; x_wconf 74' lang='lat' dir='ltr'><strong>sacerdotem)</strong></span> 
     </span>
     <span class='ocr_line' id='line_1_72' title="bbox 58 5506 882 5580; baseline 0 -19"><span class='ocrx_word' id='word_1_682' title='bbox 58 5506 211 5580; x_wconf 88' lang='lat' dir='ltr'><strong>proprium</strong></span> <span class='ocrx_word' id='word_1_683' title='bbox 217 5508 322 5564; x_wconf 90' lang='lat' dir='ltr'><strong>habere</strong></span> <span class='ocrx_word' id='word_1_684' title='bbox 329 5508 437 5580; x_wconf 90' lang='lat' dir='ltr'><strong>possint</strong></span> <span class='ocrx_word' id='word_1_685' title='bbox 442 5507 792 5574; x_wconf 79' lang='lat' dir='ltr'><strong>habiturn‚etutmarimae</strong></span> <span class='ocrx_word' id='word_1_686' title='bbox 803 5524 882 5579; x_wconf 84' lang='lat' dir='ltr'><strong>qum-</strong></span> 
     </span>
     <span class='ocr_line' id='line_1_73' title="bbox 59 5600 885 5674; baseline -0.001 -17"><span class='ocrx_word' id='word_1_687' title='bbox 59 5600 127 5657; x_wconf 86' lang='lat' dir='ltr'><strong>dam</strong></span> <span class='ocrx_word' id='word_1_688' title='bbox 156 5600 213 5657; x_wconf 88' lang='lat' dir='ltr'><strong>sint</strong></span> <span class='ocrx_word' id='word_1_689' title='bbox 238 5602 302 5658; x_wconf 89' lang='lat' dir='ltr'><strong>lites</strong></span> <span class='ocrx_word' id='word_1_690' title='bbox 320 5602 395 5659; x_wconf 85' lang='lat' dir='ltr'><strong>forte</strong></span> <span class='ocrx_word' id='word_1_691' title='bbox 414 5602 597 5658; x_wconf 88' lang='lat' dir='ltr'><strong>sanctissimis</strong></span> <span class='ocrx_word' id='word_1_692' title='bbox 615 5600 749 5671; x_wconf 89' lang='lat' dir='ltr'><strong>ecelesiis,</strong></span> <span class='ocrx_word' id='word_1_693' title='bbox 769 5605 885 5674; x_wconf 86' lang='lat' dir='ltr'><strong>propter</strong></span> 
     </span>
     <span class='ocr_line' id='line_1_74' title="bbox 58 5693 884 5769; baseline -0.002 -18"><span class='ocrx_word' id='word_1_694' title='bbox 58 5710 132 5768; x_wconf 90' lang='lat' dir='ltr'><strong>quas</strong></span> <span class='ocrx_word' id='word_1_695' title='bbox 149 5697 222 5752; x_wconf 83' lang='lat' dir='ltr'><strong>tales</strong></span> <span class='ocrx_word' id='word_1_696' title='bbox 240 5700 395 5769; x_wconf 82' lang='lat' dir='ltr'><strong>praetextus</strong></span> <span class='ocrx_word' id='word_1_697' title='bbox 418 5697 550 5765; x_wconf 85' lang='lat' dir='ltr'><strong>afferunt,</strong></span> <span class='ocrx_word' id='word_1_698' title='bbox 567 5695 670 5751; x_wconf 89' lang='lat' dir='ltr'><strong>rectius</strong></span> <span class='ocrx_word' id='word_1_699' title='bbox 688 5711 804 5769; x_wconf 85' lang='lat' dir='ltr'><strong>caspar</strong></span> <span class='ocrx_word' id='word_1_700' title='bbox 823 5693 884 5752; x_wconf 93' lang='lat' dir='ltr'><strong>illos</strong></span> 
     </span>
     <span class='ocr_line' id='line_1_75' title="bbox 59 5790 882 5867; baseline 0.001 -22"><span class='ocrx_word' id='word_1_701' title='bbox 59 5790 111 5867; x_wconf 91' lang='lat' dir='ltr'><strong>qui</strong></span> <span class='ocrx_word' id='word_1_702' title='bbox 130 5791 184 5846; x_wconf 89' lang='lat' dir='ltr'><strong>sub</strong></span> <span class='ocrx_word' id='word_1_703' title='bbox 198 5790 260 5865; x_wconf 92' lang='lat' dir='ltr'><strong>ipso</strong></span> <span class='ocrx_word' id='word_1_704' title='bbox 273 5794 339 5847; x_wconf 91' lang='lat' dir='ltr'><strong>sant</strong></span> <span class='ocrx_word' id='word_1_705' title='bbox 360 5791 504 5865; x_wconf 88' lang='lat' dir='ltr'><strong>religiosos</strong></span> <span class='ocrx_word' id='word_1_706' title='bbox 516 5792 643 5862; x_wconf 89' lang='lat' dir='ltr'><strong>clericos,</strong></span> <span class='ocrx_word' id='word_1_707' title='bbox 663 5795 712 5847; x_wconf 90' lang='lat' dir='ltr'><strong>aut</strong></span> <span class='ocrx_word' id='word_1_708' title='bbox 730 5790 882 5863; x_wconf 87' lang='lat' dir='ltr'><strong>apocrisia-</strong></span> 
     </span>
    </p>
   </div>
   <div class='ocr_carea' id='block_1_9' title="bbox 931 4567 1758 5871">
    <p class='ocr_par' dir='ltr' id='par_1_10' title="bbox 931 4567 1758 5871">
     <span class='ocr_line' id='line_1_76' title="bbox 931 4567 1751 4642; baseline -0.001 -14"><span class='ocrx_word' id='word_1_709' title='bbox 931 4573 983 4642; x_wconf 90' lang='lat' dir='ltr'><strong>las,</strong></span> <span class='ocrx_word' id='word_1_710' title='bbox 999 4577 1027 4627; x_wconf 92' lang='lat' dir='ltr'><strong>et</strong></span> <span class='ocrx_word' id='word_1_711' title='bbox 1040 4571 1107 4626; x_wconf 93' lang='lat' dir='ltr'><strong>boni</strong></span> <span class='ocrx_word' id='word_1_712' title='bbox 1121 4568 1275 4626; x_wconf 88' lang='lat' dir='ltr'><strong>testimonii</strong></span> <span class='ocrx_word' id='word_1_713' title='bbox 1285 4567 1359 4623; x_wconf 83' lang='lat' dir='ltr'><strong>viros</strong></span> <span class='ocrx_word' id='word_1_714' title='bbox 1373 4567 1496 4624; x_wconf 90' lang='lat' dir='ltr'><strong>ordinari</strong></span> <span class='ocrx_word' id='word_1_715' title='bbox 1509 4567 1661 4640; x_wconf 89' lang='lat' dir='ltr'><strong>sancimus,</strong></span> <span class='ocrx_word' id='word_1_716' title='bbox 1675 4570 1751 4627; x_wconf 88' lang='lat' dir='ltr'><strong>litte-</strong></span> 
     </span>
     <span class='ocr_line' id='line_1_77' title="bbox 932 4661 1753 4730; baseline -0.001 -8"><span class='ocrx_word' id='word_1_717' title='bbox 932 4684 978 4722; x_wconf 89' lang='lat' dir='ltr'><strong>ras</strong></span> <span class='ocrx_word' id='word_1_718' title='bbox 992 4665 1108 4721; x_wconf 90' lang='lat' dir='ltr'><strong>omuiuo</strong></span> <span class='ocrx_word' id='word_1_719' title='bbox 1123 4664 1253 4730; x_wconf 88' lang='lat' dir='ltr'><strong>seientes,</strong></span> <span class='ocrx_word' id='word_1_720' title='bbox 1269 4666 1298 4718; x_wconf 90' lang='lat' dir='ltr'><strong>et</strong></span> <span class='ocrx_word' id='word_1_721' title='bbox 1314 4661 1440 4718; x_wconf 91' lang='lat' dir='ltr'><strong>eruditas</strong></span> <span class='ocrx_word' id='word_1_722' title='bbox 1451 4662 1618 4719; x_wconf 88' lang='lat' dir='ltr'><strong>constitutos</strong></span> <span class='ocrx_word' id='word_1_723' title='bbox 1637 4663 1753 4727; x_wconf 81' lang='lat' dir='ltr'><strong>{litteras</strong></span> 
     </span>
     <span class='ocr_line' id='line_1_78' title="bbox 933 4757 1751 4832; baseline -0.001 -16"><span class='ocrx_word' id='word_1_724' title='bbox 933 4761 1007 4816; x_wconf 92' lang='lat' dir='ltr'><strong>euim</strong></span> <span class='ocrx_word' id='word_1_725' title='bbox 1024 4760 1168 4832; x_wconf 88' lang='lat' dir='ltr'><strong>igorantes</strong></span> <span class='ocrx_word' id='word_1_726' title='bbox 1180 4758 1298 4813; x_wconf 92' lang='lat' dir='ltr'><strong>omnino</strong></span> <span class='ocrx_word' id='word_1_727' title='bbox 1310 4757 1454 4824; x_wconf 89' lang='lat' dir='ltr'><strong>nolumus,</strong></span> <span class='ocrx_word' id='word_1_728' title='bbox 1467 4773 1560 4830; x_wconf 88' lang='lat' dir='ltr'><strong>neque</strong></span> <span class='ocrx_word' id='word_1_729' title='bbox 1571 4774 1662 4814; x_wconf 89' lang='lat' dir='ltr'><strong>unum</strong></span> <span class='ocrx_word' id='word_1_730' title='bbox 1675 4759 1751 4815; x_wconf 92' lang='lat' dir='ltr'><strong>ordi·</strong></span> 
     </span>
     <span class='ocr_line' id='line_1_79' title="bbox 934 4851 1752 4925; baseline -0.001 -15"><span class='ocrx_word' id='word_1_731' title='bbox 934 4871 1000 4911; x_wconf 90' lang='lat' dir='ltr'><strong>nem</strong></span> <span class='ocrx_word' id='word_1_732' title='bbox 1019 4854 1160 4925; x_wconf 90' lang='lat' dir='ltr'><strong>suscipere</strong></span> <span class='ocrx_word' id='word_1_733' title='bbox 1180 4851 1356 4923; x_wconf 84' lang='lat' dir='ltr'><strong>elericontm,</strong></span> <span class='ocrx_word' id='word_1_734' title='bbox 1376 4851 1505 4907; x_wconf 86' lang='lat' dir='ltr'><strong>videlicet</strong></span> <span class='ocrx_word' id='word_1_735' title='bbox 1523 4851 1752 4924; x_wconf 82' lang='lat' dir='ltr'><strong>presbyterorum</strong></span> 
     </span>
     <span class='ocr_line' id='line_1_80' title="bbox 933 4944 1752 5020; baseline 0.001 -16"><span class='ocrx_word' id='word_1_736' title='bbox 933 4953 962 5004; x_wconf 91' lang='lat' dir='ltr'><strong>et</strong></span> <span class='ocrx_word' id='word_1_737' title='bbox 972 4948 1167 5018; x_wconf 90' lang='lat' dir='ltr'><strong>diaconorum,</strong></span> <span class='ocrx_word' id='word_1_738' title='bbox 1177 4951 1236 5003; x_wconf 88' lang='lat' dir='ltr'><strong>tam</strong></span> <span class='ocrx_word' id='word_1_739' title='bbox 1246 4963 1339 5003; x_wconf 87' lang='lat' dir='ltr'><strong>saeros</strong></span> <span class='ocrx_word' id='word_1_740' title='bbox 1351 4946 1491 5001; x_wconf 91' lang='lat' dir='ltr'><strong>orationes</strong></span> <span class='ocrx_word' id='word_1_741' title='bbox 1501 4944 1654 5001; x_wconf 90' lang='lat' dir='ltr'><strong>dicentium</strong></span> <span class='ocrx_word' id='word_1_742' title='bbox 1666 4964 1752 5020; x_wconf 86' lang='lat' dir='ltr'><strong>quam</strong></span> 
     </span>
     <span class='ocr_line' id='line_1_81' title="bbox 933 5038 1753 5111; baseline 0 -12"><span class='ocrx_word' id='word_1_743' title='bbox 933 5043 1117 5099; x_wconf 85' lang='lat' dir='ltr'><strong>eeclesiarum</strong></span> <span class='ocrx_word' id='word_1_744' title='bbox 1127 5046 1155 5097; x_wconf 92' lang='lat' dir='ltr'><strong>et</strong></span> <span class='ocrx_word' id='word_1_745' title='bbox 1164 5058 1306 5098; x_wconf 68' lang='lat' dir='ltr'><strong>monium</strong></span> <span class='ocrx_word' id='word_1_746' title='bbox 1316 5039 1474 5111; x_wconf 89' lang='lat' dir='ltr'><strong>legentium</strong></span> <span class='ocrx_word' id='word_1_747' title='bbox 1486 5038 1592 5110; x_wconf 88' lang='lat' dir='ltr'><strong>libras),</strong></span> <span class='ocrx_word' id='word_1_748' title='bbox 1603 5045 1632 5097; x_wconf 91' lang='lat' dir='ltr'><strong>et</strong></span> <span class='ocrx_word' id='word_1_749' title='bbox 1643 5043 1753 5099; x_wconf 89' lang='lat' dir='ltr'><strong>ordina·</strong></span> 
     </span>
     <span class='ocr_line' id='line_1_82' title="bbox 933 5133 1754 5210; baseline 0.001 -17"><span class='ocrx_word' id='word_1_750' title='bbox 933 5137 1040 5193; x_wconf 89' lang='lat' dir='ltr'><strong>tionem</strong></span> <span class='ocrx_word' id='word_1_751' title='bbox 1055 5138 1116 5192; x_wconf 91' lang='lat' dir='ltr'><strong>siue</strong></span> <span class='ocrx_word' id='word_1_752' title='bbox 1129 5136 1255 5209; x_wconf 90' lang='lat' dir='ltr'><strong>querela,</strong></span> <span class='ocrx_word' id='word_1_753' title='bbox 1271 5140 1299 5190; x_wconf 91' lang='lat' dir='ltr'><strong>et</strong></span> <span class='ocrx_word' id='word_1_754' title='bbox 1312 5133 1522 5205; x_wconf 90' lang='lat' dir='ltr'><strong>inculpabilem,</strong></span> <span class='ocrx_word' id='word_1_755' title='bbox 1537 5139 1565 5189; x_wconf 92' lang='lat' dir='ltr'><strong>et</strong></span> <span class='ocrx_word' id='word_1_756' title='bbox 1586 5133 1754 5210; x_wconf 75' lang='lat' dir='ltr'><strong>ducalique</strong></span> 
     </span>
     <span class='ocr_line' id='line_1_83' title="bbox 933 5228 1752 5299; baseline 0.004 -14"><span class='ocrx_word' id='word_1_757' title='bbox 933 5231 1165 5298; x_wconf 88' lang='lat' dir='ltr'><strong>contradictione,</strong></span> <span class='ocrx_word' id='word_1_758' title='bbox 1185 5235 1213 5286; x_wconf 90' lang='lat' dir='ltr'><strong>et</strong></span> <span class='ocrx_word' id='word_1_759' title='bbox 1232 5229 1292 5285; x_wconf 91' lang='lat' dir='ltr'><strong>sine</strong></span> <span class='ocrx_word' id='word_1_760' title='bbox 1312 5228 1426 5283; x_wconf 89' lang='lat' dir='ltr'><strong>datione</strong></span> <span class='ocrx_word' id='word_1_761' title='bbox 1444 5228 1630 5299; x_wconf 88' lang='lat' dir='ltr'><strong>pecuniamm</strong></span> <span class='ocrx_word' id='word_1_762' title='bbox 1644 5236 1693 5287; x_wconf 90' lang='lat' dir='ltr'><strong>aut</strong></span> <span class='ocrx_word' id='word_1_763' title='bbox 1706 5247 1752 5288; x_wconf 86' lang='lat' dir='ltr'><strong>rc-</strong></span> 
     </span>
     <span class='ocr_line' id='line_1_84' title="bbox 933 5323 1751 5397; baseline 0.001 -17"><span class='ocrx_word' id='word_1_764' title='bbox 933 5342 999 5381; x_wconf 91' lang='lat' dir='ltr'><strong>ram</strong></span> <span class='ocrx_word' id='word_1_765' title='bbox 1008 5325 1200 5397; x_wconf 87' lang='lat' dir='ltr'><strong>suscipientes.</strong></span> <span class='ocrx_word' id='word_1_766' title='bbox 1210 5323 1305 5395; x_wconf 84' lang='lat' dir='ltr'><strong>Neque</strong></span> <span class='ocrx_word' id='word_1_767' title='bbox 1316 5326 1410 5377; x_wconf 89' lang='lat' dir='ltr'><strong>autem</strong></span> <span class='ocrx_word' id='word_1_768' title='bbox 1422 5338 1471 5378; x_wconf 90' lang='lat' dir='ltr'><strong>eos</strong></span> <span class='ocrx_word' id='word_1_769' title='bbox 1483 5323 1612 5379; x_wconf 87' lang='lat' dir='ltr'><strong>volumus</strong></span> <span class='ocrx_word' id='word_1_770' title='bbox 1625 5326 1751 5396; x_wconf 90' lang='lat' dir='ltr'><strong>omuino,</strong></span> 
     </span>
     <span class='ocr_line' id='line_1_85' title="bbox 935 5416 1754 5489; baseline 0.002 -17"><span class='ocrx_word' id='word_1_771' title='bbox 935 5419 984 5489; x_wconf 92' lang='lat' dir='ltr'><strong>qui</strong></span> <span class='ocrx_word' id='word_1_772' title='bbox 1002 5418 1136 5473; x_wconf 82' lang='lat' dir='ltr'><strong>officiales</strong></span> <span class='ocrx_word' id='word_1_773' title='bbox 1154 5422 1204 5472; x_wconf 91' lang='lat' dir='ltr'><strong>aut</strong></span> <span class='ocrx_word' id='word_1_774' title='bbox 1221 5416 1340 5471; x_wconf 88' lang='lat' dir='ltr'><strong>curiales</strong></span> <span class='ocrx_word' id='word_1_775' title='bbox 1359 5416 1502 5472; x_wconf 87' lang='lat' dir='ltr'><strong>constituti</strong></span> <span class='ocrx_word' id='word_1_776' title='bbox 1520 5422 1596 5486; x_wconf 90' lang='lat' dir='ltr'><strong>suut,</strong></span> <span class='ocrx_word' id='word_1_777' title='bbox 1613 5419 1754 5489; x_wconf 81' lang='lat' dir='ltr'><strong>suscipere</strong></span> 
     </span>
     <span class='ocr_line' id='line_1_86' title="bbox 934 5509 1753 5584; baseline 0 -17"><span class='ocrx_word' id='word_1_778' title='bbox 934 5509 1153 5579; x_wconf 89' lang='lat' dir='ltr'><strong>ordinationem,</strong></span> <span class='ocrx_word' id='word_1_779' title='bbox 1168 5509 1225 5565; x_wconf 93' lang='lat' dir='ltr'><strong>nisi</strong></span> <span class='ocrx_word' id='word_1_780' title='bbox 1242 5511 1399 5567; x_wconf 90' lang='lat' dir='ltr'><strong>seeundum</strong></span> <span class='ocrx_word' id='word_1_781' title='bbox 1417 5511 1504 5584; x_wconf 89' lang='lat' dir='ltr'><strong>leges,</strong></span> <span class='ocrx_word' id='word_1_782' title='bbox 1518 5527 1588 5584; x_wconf 90' lang='lat' dir='ltr'><strong>quas</strong></span> <span class='ocrx_word' id='word_1_783' title='bbox 1608 5510 1753 5581; x_wconf 90' lang='lat' dir='ltr'><strong>superbis</strong></span> 
     </span>
     <span class='ocr_line' id='line_1_87' title="bbox 935 5603 1752 5678; baseline 0.002 -17"><span class='ocrx_word' id='word_1_784' title='bbox 935 5605 1064 5677; x_wconf 89' lang='lat' dir='ltr'><strong>superius</strong></span> <span class='ocrx_word' id='word_1_785' title='bbox 1078 5603 1226 5676; x_wconf 91' lang='lat' dir='ltr'><strong>posuimus</strong></span> <span class='ocrx_word' id='word_1_786' title='bbox 1241 5603 1362 5676; x_wconf 92' lang='lat' dir='ltr'><strong>pridem,</strong></span> <span class='ocrx_word' id='word_1_787' title='bbox 1379 5621 1449 5678; x_wconf 86' lang='lat' dir='ltr'><strong>quas</strong></span> <span class='ocrx_word' id='word_1_788' title='bbox 1461 5611 1490 5662; x_wconf 91' lang='lat' dir='ltr'><strong>et</strong></span> <span class='ocrx_word' id='word_1_789' title='bbox 1503 5605 1549 5661; x_wconf 91' lang='lat' dir='ltr'><strong>hic</strong></span> <span class='ocrx_word' id='word_1_790' title='bbox 1560 5619 1636 5659; x_wconf 90' lang='lat' dir='ltr'><strong>nunc</strong></span> <span class='ocrx_word' id='word_1_791' title='bbox 1648 5605 1752 5663; x_wconf 85' lang='lat' dir='ltr'><strong>contir-</strong></span> 
     </span>
     <span class='ocr_line' id='line_1_88' title="bbox 934 5697 1754 5773; baseline 0.002 -18"><span class='ocrx_word' id='word_1_792' title='bbox 934 5716 1054 5755; x_wconf 88' lang='lat' dir='ltr'><strong>mamus.</strong></span> <span class='ocrx_word' id='word_1_793' title='bbox 1072 5700 1104 5754; x_wconf 84' lang='lat' dir='ltr'><strong>Et</strong></span> <span class='ocrx_word' id='word_1_794' title='bbox 1119 5697 1243 5772; x_wconf 90' lang='lat' dir='ltr'><strong>episcopi</strong></span> <span class='ocrx_word' id='word_1_795' title='bbox 1255 5700 1417 5757; x_wconf 87' lang='lat' dir='ltr'><strong>auctoritrte</strong></span> <span class='ocrx_word' id='word_1_796' title='bbox 1432 5700 1575 5755; x_wconf 86' lang='lat' dir='ltr'><strong>ordinatos</strong></span> <span class='ocrx_word' id='word_1_797' title='bbox 1587 5713 1664 5752; x_wconf 91' lang='lat' dir='ltr'><strong>saera</strong></span> <span class='ocrx_word' id='word_1_798' title='bbox 1680 5717 1754 5773; x_wconf 80' lang='lat' dir='ltr'><strong>prce·</strong></span> 
     </span>
     <span class='ocr_line' id='line_1_89' title="bbox 933 5789 1758 5871; baseline -0.001 -20"><span class='ocrx_word' id='word_1_799' title='bbox 933 5798 1015 5868; x_wconf 85' lang='lat' dir='ltr'><strong>cepta</strong></span> <span class='ocrx_word' id='word_1_800' title='bbox 1032 5794 1062 5850; x_wconf 90' lang='lat' dir='ltr'><strong>in</strong></span> <span class='ocrx_word' id='word_1_801' title='bbox 1081 5797 1233 5868; x_wconf 89' lang='lat' dir='ltr'><strong>conspectu</strong></span> <span class='ocrx_word' id='word_1_802' title='bbox 1253 5794 1339 5851; x_wconf 91' lang='lat' dir='ltr'><strong>totius</strong></span> <span class='ocrx_word' id='word_1_803' title='bbox 1363 5789 1460 5864; x_wconf 89' lang='lat' dir='ltr'><strong>populi</strong></span> <span class='ocrx_word' id='word_1_804' title='bbox 1481 5789 1622 5863; x_wconf 81' lang='lat' dir='ltr'><strong>suscipere</strong></span> <span class='ocrx_word' id='word_1_805' title='bbox 1640 5799 1758 5871; x_wconf 82' lang='lat' dir='ltr'><strong>proptor</strong></span> 
     </span>
    </p>
   </div>
   <div class='ocr_carea' id='block_1_10' title="bbox 0 0 1946 6150">
    <p class='ocr_par' dir='ltr' id='par_1_11' title="bbox 0 0 1946 6150">
     <span class='ocr_line' id='line_1_90' title="bbox 0 0 1946 6150; baseline 0 0"><span class='ocrx_word' id='word_1_806' title='bbox 0 0 1946 6150; x_wconf 95' lang='lat' dir='ltr'><strong> </strong></span> 
     </span>
    </p>
   </div>
  </div>
 </body>
</html>
