3884 6150
128 264 179 318 aar
571 258 721 324 tornius,
741 262 878 316 hBBthS
898 261 1134 330 blGLthENSlS,
1154 262 1345 320 CHRONIGON
1757 266 1806 321 868

126 375 200 442 gunt
213 369 347 424 vocabulo
368 367 514 434 batorich,
536 368 616 438 cujus
637 371 766 438 tempore
786 372 815 423 et
838 368 943 424 milites
954 373 1068 455 Atrem
1080 371 1358 442 patriamqueredit.
1369 372 1561 428 Andecavero
1573 388 1666 444 regno
1683 371 1809 443 privatus

128 463 252 518 Romani
269 463 386 517 omnino
404 464 469 514 sunt
484 461 558 526 caesi,
574 463 602 513 ει
616 460 756 515 terminos
772 461 858 515 ltaliae
869 462 941 517 Lan·
994 465 1138 532 tondetur,
1153 469 1182 519 et
1196 465 1305 520 honore
1315 465 1486 537 presbyterii
1498 470 1563 537 post
1577 481 1705 536 regnum
1719 464 1807 519 hono

128 557 250 628 gohardi
267 555 318 609 sibi
334 559 483 625 occupant.
505 553 700 608 sclavinorum
716 570 787 624 gens
800 555 943 625 illyricum
992 561 1081 611 ratur.
1098 559 1160 612 Non
1173 557 1381 629 dubiumquod
1395 558 1425 612 in
1442 559 1570 613 Eiborico
1580 558 1663 630 'regis
1673 558 1734 612 filio
1742 573 1809 628 rege

128 654 157 704 et
168 649 301 704 Thracias
317 650 438 701 vastant.
994 666 1044 704 suo
1059 650 1167 704 fecerat
1178 651 1293 721 patitur,
1310 656 1338 704 et
1352 651 1450 706 exsilio
1470 653 1582 706 Pacensi
1606 651 1679 706 urbe
1695 652 1808 723 relega·

164 740 342 811 Leovigildns
360 757 408 794 rer
421 743 533 810 partem
547 740 693 794 Vaseoniae
711 743 840 811 occupat,
860 744 888 795 ει
908 740 945 795 ci·
994 746 1050 797 tur.
1069 743 1215 797 Malaricus
1239 743 1268 798 in
1290 744 1420 799 Gallaecia
1442 744 1624 816 tyrannidem
1645 763 1807 816 assumens,

127 836 243 890 vitatem
275 851 338 905 quae
361 832 553 887 Victoriacum
582 838 775 904 nuncupatur,
803 833 942 888 condidit.
995 836 1074 907 quasi
1088 853 1208 906 regnare
1224 837 1368 907 vultzqui
1381 838 1637 893 statimaducibus
1649 840 1807 911 Leovigildi

127 928 255 983 Tiberius
271 927 429 998 imperator
441 927 580 997 magistro
589 927 712 981 militurn
725 927 841 982 orientis
855 927 944 981 tiliam
994 941 1146 996 oppressus
1172 926 1437 996 comprehenditur,
1461 931 1490 980 ct
1517 927 1683 998 Leovigildo
1702 929 1809 985 vinctus

128 1038 209 1076 suam
223 1021 252 1074 in
268 1021 434 1091 conjugium
448 1019 544 1075 tradit.
993 1021 1191 1090 praesentatur.
1206 1019 1337 1074 Leander
1360 1020 1533 1090 Hispalensis
1550 1021 1686 1076 Ecclesiae
1706 1023 1811 1093 episco

163 1119 245 1169 Anno
261 1131 286 1169 vr
299 1113 402 1168 Tiberii
419 1113 467 1185 qui
483 1117 526 1167 ast
541 1113 697 1185 Leovigildi
710 1130 756 1167 xiv
776 1130 879 1183 annus,
899 1114 943 1168 Ti·
993 1129 1046 1184 pus
1059 1113 1152 1167 clarus
1166 1112 1300 1168 habetur.

126 1208 222 1262 berius
238 1207 302 1261 vitre
324 1206 477 1262 terminum
498 1205 584 1273 dedit,
618 1211 646 1260 ει
666 1206 814 1262 Mauricius
833 1225 884 1279 pro
910 1223 944 1262 eo
1029 1210 1111 1260 Anno
1131 1222 1158 1261 ιι
1173 1205 1296 1260 Mauricii
1311 1203 1503 1276 imperatoris,
1520 1205 1570 1276 qui
1589 1211 1632 1261 est
1652 1206 1812 1279 Leovigildi

126 1302 326 1357 Romanorum
341 1299 500 1371 imperator
512 1299 644 1353 eflicitur.
994 1298 1070 1369 regis
1082 1315 1148 1353 auru
1159 1315 1261 1366 annue,
1274 1299 1404 1354 Anthana
1414 1298 1674 1369 Langobardorum
1683 1317 1733 1356 rer
1747 1317 1812 1357 cnm

164 1396 359 1450 Romanorum
371 1395 415 1448 XV
431 1394 505 1463 [Lep.
520 1393 583 1463 LV].
604 1394 755 1449 Mauricius
774 1397 877 1464 regnat
898 1411 945 1448 an·
994 1391 1132 1446 Romanis
1149 1391 1350 1462 congressione
1367 1392 1441 1446 fecta
1456 1394 1582 1463 superat,
1599 1397 1628 1446 et
1643 1409 1720 1448 caesa
1735 1396 1810 1448 mul-

129 1504 181 1542 nos
192 1505 236 1542 xx.
251 1487 431 1557 Leovigildns
446 1503 494 1540 rex
507 1486 662 1541 exercitum
675 1487 712 1541 ad
722 1487 945 1558 expugnandum
995 1483 1117 1538 titudine
1130 1484 1254 1539 militum
1268 1485 1464 1539 Romanorum
1482 1483 1567 1539 ltaliae
1586 1485 1662 1539 fines
1681 1490 1810 1558 occupat.

80 1598 87 1607 ·
128 1584 286 1651 tyrannum
299 1579 391 1633 fitium
408 1579 525 1649 colligit.
1031 1579 1087 1632 Hoc
1101 1594 1177 1632 anuo
1191 1577 1513 1648 Leovigildusrerdiem
1524 1577 1623 1632 clausit
1637 1582 1812 1646 extremum,

163 1677 245 1729 Anno
264 1689 332 1743 ergo
350 1672 443 1744 primo
470 1673 596 1727 Mauricii
614 1672 806 1744 imperatorie,
832 1673 880 1743 qui
904 1675 946 1726 est
995 1671 1117 1724 attilius
1141 1671 1203 1741 eJus
1229 1671 1389 1726 Macaredus
1409 1687 1475 1725 cum
1497 1671 1709 1742 tranquillitate
1731 1673 1813 1743 regni

129 1766 285 1837 Leovigildi
299 1766 376 1836 regis
385 1782 530 1832 xvannus,
546 1765 727 1836 Leovigildns
739 1783 786 1820 rex
801 1749 983 1820 civitatemss
996 1764 1057 1833 ejus
1070 1763 1157 1818 sumit
1170 1768 1292 1835 sceptra.

129 1860 325 1931 Mispalcnsem
339 1863 515 1931 congregato
531 1859 656 1914 exercitu
674 1859 794 1926 obsidet,
813 1863 842 1913 ει
855 1859 944 1914 rebel·
1028 1860 1110 1911 Anno
1125 1874 1142 1910 v
1156 1856 1279 1912 Mauricii
1293 1856 1477 1929 imperatoris
1485 1858 1694 1926 Romanorum,
1707 1856 1758 1929 qui
1771 1861 1812 1912 est

128 1954 186 2007 lem
202 1952 292 2006 filium
312 1951 391 2022 gravi
406 1951 554 2007 obsidione
570 1951 716 2007 concludit
730 1969 736 2007 :
750 1952 780 2005 in
800 1953 880 2022 cujus
898 1968 942 2007 so·
993 1950 1129 2004 Recaradi
1155 1950 1232 2022 regis
1254 1950 1364 2022 primus
1391 1950 1513 2006 feliciter
1533 1967 1637 2019 annus,
1662 1950 1812 2006 Mauricius

129 2046 198 2100 latio
212 2046 281 2101 Miro
290 2045 449 2100 Suevorum
459 2061 507 2098 rer
521 2045 558 2098 ad
572 2044 795 2116 expugnandam
808 2045 944 2117 Hispalim
993 2042 1184 2098 Theodosium
1194 2043 1285 2098 filium
1298 2060 1381 2098 suum
1393 2060 1427 2098 er
1436 2043 1495 2098 suia
1507 2043 1613 2099 Tiberii
1626 2043 1812 2116 imperatoris

129 2138 253 2206 devenit,
271 2139 368 2210 ibique
382 2137 459 2192 diem
473 2138 574 2192 clausit
590 2141 767 2205 extremum3
784 2138 826 2193 cui
842 2139 942 2193 Eburi·
994 2140 1094 2190 natum
1106 2137 1246 2191 Gaesarem
1262 2137 1340 2192 facit.
1356 2137 1471 2207 Pelagio
1482 2136 1599 2208 juniore
1610 2142 1742 2204 mortuo,
1756 2137 1810 2192 no-

127 2232 186 2286 cius
201 2232 274 2287 filius
287 2231 316 2286 in
326 2231 472 2303 provincia
481 2231 617 2286 Gallaeciae
631 2231 660 2285 iu
675 2247 796 2302 regnum
807 2231 942 2286 succedit.
993 2245 1087 2284 mame
1101 2229 1229 2285 Ecclesia
1241 2230 1395 2301 Gregorius
1409 2229 1439 2284 in
1457 2230 1658 2302 episcopatum
1675 2229 1809 2286 succedit.

129 2327 243 2381 lnterea
269 2324 450 2395 Leovigildns
469 2341 517 2378 rer
542 2341 628 2395 supra
653 2324 759 2379 dictam
787 2325 942 2391 civitatem,
992 2321 1185 2377 Praeestannis
1197 2340 1242 2379 xv.
1255 2324 1378 2379 Romani
1390 2323 1810 2395 perFraucorumadjutorium

129 2434 204 2472 nunc
222 2419 310 2483 fame,
336 2435 412 2472 nunc
439 2417 527 2483 ferro,
557 2434 633 2471 nunc
654 2417 736 2472 Baetis
761 2416 943 2472 conclusione
994 2416 1198 2487 Langobardos
1209 2421 1331 2484 vastant,
1345 2420 1373 2472 et
1387 2416 1539 2489 provincia
1554 2417 1642 2472 ltaliae
1655 2417 1809 2489 partemin

130 2511 248 2565 omniuo
264 2511 425 2564 conturbat.
993 2525 1074 2563 suam
1083 2509 1404 2581 rediguntpotestatem.
1414 2509 1556 2565 Sishertus
1566 2510 1738 2565 interfector
1745 2510 1810 2564 Her·

163 2608 246 2659 Anno
261 2621 278 2658 u
292 2603 417 2658 Mauricii
431 2604 622 2675 imperatoris,
648 2604 697 2675 qui
723 2608 767 2658 εει
786 2602 943 2674 Leovigildi
994 2602 1150 2673 menegildi
1170 2607 1261 2658 morte
1282 2603 1448 2675 turpissima
1468 2602 1632 2675 perimitur.
1646 2601 1809 2658 Meearedus

128 2713 173 2752 xvr
195 2715 298 2766 annus,
313 2696 493 2768 Leovigildns
506 2714 603 2753 muros
618 2697 719 2751 ltalicae
735 2696 860 2767 antiquae
876 2696 941 2751 eivi·
993 2695 1086 2766 primo
1104 2696 1186 2768 regni
1201 2696 1244 2750 sui
1259 2713 1347 2764 anno,
1360 2713 1460 2752 mense
1475 2712 1502 2763 x,
1513 2694 1681 2763 catholicus,
1697 2696 1757 2751 Deo
1767 2697 1811 2766 ju-

128 2789 193 2844 tatis
210 2793 364 2858 restaurat,
384 2807 448 2861 quae
463 2808 508 2844 res
526 2790 683 2844 maximum
701 2788 943 2860 impedimentum
993 2793 1086 2855 vante,
1100 2789 1232 2860 eflicitur,
1250 2792 1279 2844 et
1290 2790 1453 2846 sacerdotes
1468 2794 1553 2845 sectae
1564 2790 1676 2844 triane
1688 2788 1809 2859 sapienti

129 2883 287 2954 hispalensi
308 2883 413 2954 populo
436 2883 572 2936 exhibuit.
596 2883 643 2937 Mis
662 2882 763 2937 diebus
777 2881 890 2936 Andeca
913 2883 942 2936 in
993 2881 1136 2952 colloquio
1152 2898 1303 2952 aggressus
1320 2882 1433 2938 ratione
1456 2882 1551 2954 potius
1575 2899 1665 2953 quarn
1684 2880 1808 2952 imperio

128 2976 259 3029 Gallaecia
272 2976 430 3030 Suevorum
443 2992 567 3046 regnum
578 2992 642 3029 cum
652 2975 804 3046 tyrannide
812 2975 941 3044 assumit,
992 2975 1118 3030 converti
1132 2975 1168 3029 ad
1182 2976 1352 3030 catholicam
1367 2976 1453 3031 fidem
1465 2975 1543 3042 facil,
1555 2978 1738 3046 gentemque
1753 2991 1809 3030 orn·

129 3069 157 3121 et
170 3067 362 3137 sifeguntiam
373 3068 501 3121 relictam
512 3067 626 3121 Mirouis
641 3068 715 3138 regis
731 3068 760 3120 in
776 3066 941 3138 conjugium
993 3068 1073 3122 nium
1088 3069 1246 3147 Gothorum
1258 3073 1286 3123 et
1295 3069 1453 3125 Suevorum
1465 3069 1502 3124 ad
1512 3067 1653 3123 unitatem
1667 3072 1698 3122 et
1711 3084 1807 3139 pacem

130 3159 254 3230 accepit:
278 3152 430 3214 Eboricum
449 3176 538 3230 regno
550 3160 654 3231 privat,
667 3165 695 3213 et
708 3160 874 3215 monasterii
884 3113 980 3215 mo·C
993 3164 1108 3216 revocat
1119 3161 1286 3216 Christianae
1301 3163 1442 3217 Ecclesiae.
1460 3162 1550 3217 Sectae
1564 3162 1691 3232 Arianae,
1720 3160 1807 3232 gratia

128 3253 252 3308 nachum
266 3253 343 3308 facit.
354 3251 532 3323 leovigildus
545 3270 593 3307 rex
607 3253 665 3307 filio
678 3252 896 3323 Hermenegildo
906 3253 943 3308 ad
993 3254 1098 3323 divina,
1112 3254 1141 3308 in
1156 3253 1292 3324 dogmate
1305 3255 1421 3310 veniunt
1435 3254 1605 3310 Christiano.

128 3347 335 3418 rempublicam
347 3347 568 3417 commigrante,
584 3346 719 3418 hispalim
731 3346 888 3417 pugnando
898 3347 941 3401 in·
1027 3346 1189 3402 Desiderius
1212 3348 1386 3403 Francorum
1406 3364 1455 3402 rer
1468 3348 1525 3402 dur
1538 3347 1639 3402 Gothis
1653 3346 1724 3402 satis
1736 3346 1803 3402 infe·

127 3439 271 3512 greditur:
287 3440 414 3494 civitates
428 3444 456 3495 ot
471 3441 587 3495 castella
600 3457 671 3511 quas
694 3440 768 3494 lilius
788 3456 941 3512 occupave-
993 3444 1051 3495 stus
1064 3456 1081 3494 a
1094 3439 1213 3495 ducibus
1226 3441 1365 3495 Becaredi
1380 3440 1456 3512 regis
1475 3443 1643 3512 superatur;
1670 3444 1711 3508 et,
1737 3456 1804 3495 cesa

127 3538 181 3602 rat,
197 3535 281 3605 cepit,
297 3537 325 3588 et
338 3550 397 3588 non
410 3534 499 3588 multo
514 3537 577 3604 post
594 3535 787 3588 memoratum
799 3533 890 3587 lilium
912 3533 942 3588 in
992 3533 1165 3588 Francorum
1177 3533 1371 3601 multitudine,
1388 3533 1417 3588 in
1433 3550 1535 3604 campo
1552 3535 1688 3588 moritur.

126 3627 302 3682 Cordubensi
317 3627 385 3681 urbe
398 3627 627 3698 comprehendit,
645 3632 673 3682 et
689 3643 778 3697 regno
799 3626 941 3697 privatum
1028 3627 1189 3681 Macaredus
1207 3644 1254 3683 rex
1268 3627 1362 3682 aliena
1383 3644 1400 3681 a
1418 3626 1678 3698 praedecessoribus
1699 3627 1804 3699 direpte

129 3718 158 3772 in
176 3720 306 3774 exsilium
323 3720 480 3774 Valentiam
500 3720 597 3773 mittit.
992 3723 1021 3774 et
1034 3721 1101 3774 fisco
1113 3721 1220 3775 sociata
1234 3720 1413 3792 placabiliter
1428 3721 1560 3776 restituit.
1575 3720 1769 3775 Ecclesiarum
1780 3723 1804 3773 et
1853 3698 1858 3711 ³

163 3811 313 3866 Mauricius
335 3811 493 3882 imperator
513 3817 612 3866 contra
628 3812 833 3883 Langobardos
857 3813 942 3868 Fran·
992 3814 1232 3868 monasteriorum
1247 3813 1378 3869 conditor
1393 3817 1422 3869 et
1436 3814 1542 3869 ditator
1556 3813 1692 3869 efficitur.

128 3920 176 3959 cos
188 3920 240 3975 per
257 3903 454 3958 conductelam
476 3908 582 3974 morat,
597 3921 659 3975 quea
675 3922 721 3959 res
733 3905 847 3977 utrique
861 3907 941 3977 genti
1026 3909 1109 3961 Anno
1121 3924 1149 3963 rr
1163 3907 1298 3975 Mauricii,
1315 3907 1364 3979 qni
1377 3911 1420 3962 est
1440 3907 1577 3962 Macaredi
1595 3924 1733 3974 nunnus,
1749 3906 1803 3978 qui·

129 4014 188 4053 non
202 3995 420 4068 parvacontufit
433 3995 549 4051 damna.
992 3999 1058 4054 dam
1077 4017 1110 4054 cr
1131 3999 1241 4054 Arianis
1266 4001 1364 4056 Sunna
1386 3999 1545 4072 episcopus,
1570 4003 1600 4054 ει
1623 4000 1721 4071 Seggo
1744 4016 1803 4055 curu

162 4089 315 4162 Eutropius
331 4090 419 4145 abbas
436 4089 601 4145 monasterii
622 4090 761 4145 Servitani
788 4091 941 4164 discipulos
991 4093 1162 4165 quibusdam
1180 4092 1362 4164 tyrannidem
1383 4110 1527 4148 assumere
1544 4091 1706 4164 cupientes,
1726 4093 1802 4149 dete·

127 4184 218 4240 sancti
228 4183 331 4240 Donati
344 4185 436 4238 clarus
446 4182 578 4238 habetur.
991 4191 1108 4258 guntur.
1128 4186 1265 4253 convicti,
1287 4187 1387 4242 Sunna
1402 4187 1499 4242 exsilio
1512 4186 1649 4254 truditur,
1667 4189 1698 4240 et
1712 4187 1802 4257 Seggo

160 4283 241 4334 Anno
264 4295 293 4333 ur
311 4277 448 4345 Mauricii,
469 4276 518 4348 qui
537 4281 579 4331 εει
595 4275 749 4348 Leovigildi
768 4294 823 4334 rvu
837 4295 938 4346 annus,
990 4280 1123 4335 manibus
1153 4280 1307 4351 amputatis
1332 4280 1492 4336 Gellaeciam
1514 4279 1646 4335 exsulans
1672 4280 1802 4334 mittitur.

124 4371 273 4428 Mauricius
290 4388 339 4442 per
354 4370 439 4426 duces
454 4370 562 4424 bollum
577 4369 671 4424 infert.
692 4370 872 4442 Leovigildns
891 4388 939 4425 rer
989 4373 1138 4428 Mauricius
1151 4372 1339 4429 Theodosium
1356 4372 1446 4429 lilium
1459 4389 1546 4444 quem
1560 4389 1648 4444 supra
1663 4373 1802 4429 Gaesarem

124 4464 269 4521 Gellacias
284 4467 384 4519 vastat.
396 4463 572 4519 Andecanim
587 4480 687 4534 regem
697 4466 938 4534 comprehensum
948 4475 978 4547 D
989 4466 1120 4534 diximus,
1135 4467 1332 4521 homanorum
1349 4467 1555 4537 imperatorem
1570 4466 1649 4521 facit.

125 4573 215 4628 regno
231 4556 332 4628 privat.
350 4557 507 4612 Sacrorum
521 4559 650 4628 gentem,
669 4558 832 4612 thesaurum
848 4561 876 4612 et
891 4574 937 4629 pv
1026 4563 1106 4615 Anno
1121 4576 1159 4616 vn
1175 4560 1310 4627 Mauricii,
1327 4559 1376 4631 qui
1392 4562 1435 4614 est
1449 4559 1587 4615 Mecaredi
1602 4560 1683 4631 regis
1707 4575 1737 4616 ιιι
1760 4576 1803 4613 an·

125 4651 208 4704 triam
223 4666 304 4705 suam
318 4649 527 4722 inpotestatem
541 4650 656 4721 redigit,
671 4654 698 4704 et
709 4652 866 4706 Gothorum
878 4668 940 4722 pro
991 4671 1053 4722 nus,
1068 4653 1388 4725 Uldilaepiscopuscum
1396 4652 1801 4724 Gosuinthareginainsidian·

125 4741 248 4798 vinciam
263 4742 339 4798 facit.
357 4743 594 4815 hermenegildus
607 4742 636 4797 in
651 4744 719 4798 urhe
732 4745 939 4800 Tarraconensi
989 4747 1186 4802 testiccaredo
1198 4747 1417 4801 manifestantur
1429 4763 1437 4812 ς
1451 4750 1480 4801 ει
1491 4745 1556 4800 ildai
1568 4746 1800 4803 catholicaecom·

125 4854 142 4891 a
159 4836 286 4892 Sisberto
301 4834 482 4891 interficitur.
989 4839 1157 4894 munionem
1168 4857 1254 4912 quarn
1264 4839 1315 4894 sub
1330 4839 1585 4912 specieGhristiana
1599 4840 1802 4911 quasisnmen·

160 4929 262 4986 Franci
276 4929 395 4984 Galliam
408 4928 622 4984 Narbonensem
638 4943 776 4999 occupare
792 4928 939 5001 cupientes
989 4935 1031 4987 tes
1044 4933 1205 5004 projiciunt,
1216 4933 1410 5004 publicantur.
1427 4932 1510 4996 Quod
1519 4933 1628 4986 malum
1637 4932 1668 4987 in
1679 4932 1802 5005 cognitio

123 5044 188 5084 curn
201 5023 324 5080 exercitu
346 5022 490 5094 ingressi:
508 5022 538 5075 in
563 5037 686 5092 quorum
706 5024 938 5092 congressionem
990 5027 1215 5081 namhomiuum
1226 5025 1389 5094 deductum,
1410 5025 1500 5081 Uldila
1513 5025 1612 5081 exsilio
1626 5026 1800 5082 condemna·

124 5118 301 5188 Leovigildns
317 5117 496 5171 becaredum
517 5115 608 5169 filium
631 5114 743 5169 obviarn
766 5116 892 5185 mittens,
911 5121 940 5173 et
988 5121 1053 5187 tur;
1070 5119 1226 5175 Gosuintha
1244 5137 1311 5174 vero
1329 5119 1475 5174 catholicis
1491 5135 1605 5190 semper
1622 5119 1801 5180 infestante

125 5215 301 5270 Francorum
314 5213 356 5265 est
370 5210 405 5264 ab
421 5226 454 5265 eo
470 5209 609 5264 exercitus
624 5209 764 5280 repulsus,
779 5212 807 5262 et
821 5211 937 5281 provin·
988 5216 1055 5268 tunc
1069 5212 1223 5269 terminum
1239 5213 1326 5268 dedit.
1345 5213 1517 5268 Francorum
1531 5212 1696 5267 exercitusa
1706 5213 1802 5269 Gonte

40 5367 42 5370 .
122 5308 167 5370 cie
179 5303 319 5362 Gallaecia
335 5301 450 5374 [Galliae]
465 5303 610 5358 aheorum
624 5301 807 5357 infestatione
819 5304 940 5358 estlibe-
987 5323 1058 5362 rano
1073 5323 1140 5378 rege
1152 5306 1345 5376 transmissus,
1355 5307 1464 5362 Bosona
1473 5305 1592 5373 duce,in
1604 5306 1726 5362 Galliam
1736 5306 1800 5361 Νει-

123 5411 195 5463 rara,
214 5400 391 5460 castravere
408 5395 464 5450 duo
474 5413 537 5450 cum
549 5397 638 5451 nimia
650 5397 801 5452 hominum
813 5397 939 5452 multitu·
987 5399 1147 5455 bonensem
1163 5399 1328 5468 obveniunt,
1353 5403 1381 5454 et
1395 5400 1475 5471 juxta
1489 5400 1749 5455 Carcassonensem
1762 5413 1801 5452 ur·

123 5501 201 5567 dine,
219 5504 403 5564 unumpate,
420 5488 541 5542 alterum
557 5489 633 5543 ballo
654 5493 784 5561 occupat.
808 5491 937 5545 Castrum
987 5492 1054 5547 bem
1067 5497 1160 5548 castra
1170 5494 1273 5549 metati
1288 5497 1362 5549 sunt.
1375 5494 1426 5549 Gui
1437 5492 1572 5549 Claudius
1585 5492 1739 5548 Lusitania
1750 5491 1802 5546 dur

123 5611 190 5649 vero
207 5588 285 5663 quod
304 5582 449 5642 Hodierno
466 5584 591 5649 vocatur,
618 5582 791 5637 tutissimum
814 5583 937 5638 valdein
988 5587 1170 5642 altecaredo
1189 5604 1256 5657 rege
1276 5587 1401 5642 directus
1422 5585 1535 5642 obviam
1555 5586 1628 5641 inihi
1655 5584 1800 5641 occurrit:

123 5665 187 5758 ripa
200 5680 331 5739 Rhodani
344 5675 472 5734 fluminis
482 5673 598 5746 ponitur
608 5691 615 5741 ;
625 5676 700 5746 quod
713 5676 876 5731 llecaderus
888 5694 938 5732 rex
987 5695 1052 5733 curn
1067 5696 1124 5749 quo
1140 5679 1341 5752 congressione
1355 5681 1441 5748 facta,
1457 5680 1558 5735 Franci
1574 5679 1603 5734 in
1626 5679 1729 5752 fugam
1741 5694 1802 5734 rer·

119 5778 281 5844 fortissima
288 5790 389 5852 pugna
398 5780 550 5845 eggressus
557 5767 690 5841 obtinuit,
703 5773 732 5826 ει
743 5769 935 5844 victoradpa·
986 5774 1096 5840 tuntur,
1113 5778 1143 5829 et
1158 5773 1271 5847 direpta
1286 5776 1378 5831 castra
1391 5775 1576 5844 Francorum,
1592 5776 1621 5831 et
1634 5773 1803 5832 exercitare
