3884 6150
124 274 174 332 aot
879 270 1053 327 itPPuNttlx.
1750 277 1800 329 802

123 384 279 439 Rhodanus
292 380 453 450 exundavit,
471 384 502 437 ut
514 378 606 454 copias
620 378 753 435 messium
769 381 936 451 denegaret,
949 395 978 466 Α
990 380 1057 451 gina
1080 379 1148 434 obiit
1161 399 1169 446 ;
1185 383 1300 452 propter
1315 382 1393 453 cujus
1409 380 1560 437 transitum
1582 382 1720 438 interfecti
1735 389 1802 436 suut

127 483 152 532 et
163 477 242 531 iutra
258 477 366 532 ltaliam
386 477 426 531 ita
445 476 521 531 fluvii
542 475 765 544 exundaverunt,
782 480 813 529 ut
836 474 939 528 danrua
989 474 1044 528 duo
1057 473 1168 539 medici,
1180 474 1307 529 Nicotaus
1321 480 1349 530 et
1364 477 1494 530 Donatus.

127 571 258 642 agricolae
269 574 445 640 paterentur.
1023 569 1062 621 Eo
1077 584 1152 621 antro
1166 568 1333 623 llummolus
1355 570 1488 640 patricius
1501 587 1566 625 curn
1580 587 1668 625 uxore
1683 576 1711 625 et
1726 570 1799 640 tiliis,

160 664 241 719 Anno
250 679 270 718 11
284 678 354 718 cons.
371 664 471 718 Tiberii
484 662 655 717 Constantini
668 662 796 730 Aaqusti,
809 660 867 714 tud.
882 675 936 714 ιιι.
988 666 1016 715 et
1035 660 1217 716 multitudine
1238 662 1352 716 familiae
1365 680 1397 717 ac
1417 663 1519 717 divitiis
1537 664 1642 734 multis,
1663 665 1693 719 in
1707 681 1801 719 marea

159 758 198 811 lia
218 756 384 826 indictione,
399 771 496 810 meuse
510 754 678 827 Septembri,
695 752 878 825 hostregildis
892 768 936 807 re·
988 753 1160 809 childeberti
1173 755 1259 826 rogis,
1274 755 1366 823 idest,
1380 756 1528 826 hvinione,
1542 757 1678 828 confugit.

84 920 89 933 ι
124 932 1733 974 ἡ

124 980 1732 996 m

738 1114 1211 1235 APPENDIX

413 1315 473 1382 ho
496 1314 641 1404 ulau,
666 1312 1217 1400 nusquamnunquam
1242 1311 1509 1401 cononum,

668 1485 806 1531 AUCTORE
830 1484 955 1543 ronow,
980 1484 1035 1530 SED
1058 1482 1258 1538 reulurrouo.

859 1607 1065 1620 υ*-

160 1694 254 1765 t'sqne
263 1692 308 1749 hic
320 1694 422 1750 Marius
436 1695 594 1769 episcopus.
946 1712 975 1785 B
1021 1698 1109 1769 liujus
1121 1702 1248 1767 tempore
1261 1695 1336 1750 Persi
1352 1695 1542 1752 calcidoniam
1554 1710 1644 1767 usque
1660 1712 1798 1769 perrene-

159 1790 239 1842 Aano
252 1804 282 1842 ιιι
296 1788 396 1843 itherii
406 1791 491 1860 Auq„
505 1792 563 1846 iud.
578 1807 621 1845 xv.
987 1796 1064 1847 runt.

159 1883 240 1936 Auno
250 1896 277 1934 ιι
293 1882 394 1937 Tiberii
405 1883 490 1952 itaq„
504 1883 563 1937 iud.
579 1901 596 1937 1.
1023 1887 1096 1940 Huni
1110 1901 1224 1940 murum
1238 1885 1356 1956 longum
1379 1884 1628 1955 interrumpentes,
1645 1885 1720 1939 etad
1733 1902 1798 1940 mre

132 1999 138 2010 ·
159 1975 239 2029 Asino
252 1990 268 2027 ι’
289 1975 388 2030 Tiberii
400 1977 484 2046 Aaq„
498 1978 557 2032 ind.
571 1993 599 2033 ιι.
987 1980 1036 2034 uia
1057 1978 1309 2050 Constantinopolis
1331 1976 1556 2049 peraccedentes,
1580 1994 1646 2032 eum
1663 1979 1797 2048 praedieto

160 2069 239 2124 Areae
255 2069 557 2140 s·1b·basiituq.,ind.
573 2088 612 2128 ur.
988 2072 1166 2145 impemtore,
1190 2077 1290 2127 mutuo
1312 2070 1342 2125 in
1366 2088 1447 2125 muro
1466 2074 1557 2125 stante
1574 2070 1661 2141 [Forte
1682 2073 1797 2142 stantes]

160 2165 239 2217 Αιιιιο
252 2178 290 2218 ιιι
307 2163 407 2218 Tiberii
419 2165 504 2235 Auq„
517 2166 576 2220 iud.
592 2182 628 2219 ιι.
987 2167 1160 2221 collocuntur
1172 2184 1180 2234 ;
1198 2165 1247 2238 qui
1267 2168 1414 2236 accepturu
1427 2163 1462 2218 ab
1475 2180 1508 2219 eo
1520 2164 1599 2235 pacis
1615 2164 1749 2235 pretium,
1762 2166 1796 2219 ad

158 2255 243 2310 Gothi
256 2257 307 2310 sud
321 2257 502 2328 Ermengildo
517 2257 682 2330 teubegildi
691 2258 829 2330 registilio
838 2259 936 2316 bifarie
986 2262 1100 2332 tempus
1118 2259 1264 2314 recedunt.

120 2350 216 2423 divisi,
233 2354 333 2405 mutua
345 2350 422 2406 erede
434 2355 588 2407 vastantur.
1024 2353 1157 2408 Peridem
1165 2358 1277 2424 tempus
1286 2352 1374 2407 divisa
1387 2351 1416 2405 in
1426 2351 1516 2405 tribus
1529 2350 1598 2406 olim
1611 2352 1705 2423 regnis
1714 2353 1798 2407 Fran-

159 2444 309 2500 lndietioue
325 2461 351 2498 v.
987 2447 1039 2514 eia,
1054 2447 1083 2501 in
1097 2463 1154 2501 uno
1168 2462 1185 2500 a
1197 2445 1314 2517 praelato
1328 2461 1395 2515 rege
1408 2445 1580 2498 Francorum
1596 2462 1717 2516 regnum
1735 2462 1799 2500 con-

159 2536 309 2593 Mauricius
327 2538 409 2592 annis
427 2555 472 2593 xxi
486 2538 567 2595 Sueri
586 2540 786 2613 aLeuhegildo
810 2558 876 2614 rege
890 2543 938 2598 oh
983 2541 1137 2612 jungitur3
1157 2542 1241 2611 atque
1254 2542 1440 2610 persequente
1460 2538 1634 2593 Theuderico
1652 2556 1719 2611 roge
1732 2556 1798 2611 ger-

120 2630 204 2701 tenti,
220 2630 316 2685 Gothis
330 2631 527 2702 subjiciuntur.
987 2650 1107 2689 manum
1121 2650 1205 2688 suum
1221 2631 1428 2687 austrasiorum
1441 2649 1539 2703 regem
1558 2632 1797 2700 theudebertum,

158 2724 355 2782 latitationem.
987 2728 1130 2783 vincentes
1151 2726 1250 2781 Franci
1262 2726 1291 2780 iu
1305 2725 1500 2795 burgundiam
1522 2729 1668 2779 moventes
1681 2726 1798 2780 Austra-

159 2817 243 2874 Gothi
265 2818 400 2875 Recarido
420 2834 488 2892 rege
510 2819 714 2889 intendentes
730 2823 785 2878 fide
802 2823 938 2878 catholiea
986 2821 1050 2888 sios,
1064 2821 1098 2875 ad
1114 2825 1270 2875 extremum
1288 2818 1380 2889 ipsum
1395 2818 1569 2873 oeciderunt.
1586 2818 1640 2874 Nec
1654 2834 1743 2888 niara,
1761 2819 1799 2874 ri-

124 2916 315 2968 revertuntur.
987 2921 1047 2971 ctor
1066 2913 1257 2969 theudericus
1276 2911 1367 2967 Mettis
1380 2927 1445 2965 eum
1458 2905 1582 2977 obiisset,
1602 2911 1749 2983 sigoberto
1763 2912 1797 2968 fl-

160 3008 262 3061 hvnres
274 3005 407 3062 adversus
421 3007 563 3064 Romanos
578 3008 753 3078 dimicantes,
764 3027 834 3068 auro
846 3010 937 3084 magis
986 3008 1023 3064 lio
1039 3008 1157 3080 parvulo
1177 3023 1242 3062 eum
1257 3007 1319 3060 aria
1339 3022 1389 3060 sua
1403 3005 1575 3075 Brunihilde,
1590 3022 1711 3077 regnum
1727 3008 1799 3061 male

123 3114 212 3172 quam
227 3099 301 3155 ferro
314 3100 469 3171 pelluntur.
947 3086 974 3160 C
986 3107 1153 3175 usurpatum
1169 3100 1299 3172 reliquit;
1309 3099 1473 3171 quirirente
1487 3099 1578 3153 adhuc
1592 3115 1728 3170 germano
1736 3117 1798 3168 suo,

158 3193 265 3248 Pharas
274 3209 363 3248 annos
378 3208 415 3251 rx.
432 3195 484 3249 lste
498 3194 634 3251 seditione
648 3197 763 3253 militari
783 3198 937 3270 imperator
985 3202 1119 3268 nepotem
1133 3212 1216 3250 suum
1230 3194 1265 3248 ad
1280 3199 1391 3264 petram
1407 3193 1436 3247 in
1450 3192 1520 3246 albis
1534 3193 1601 3247 elidi
1611 3192 1705 3263 jussit.

123 3287 226 3356 iaetus,
244 3287 408 3342 llauncium
422 3290 581 3360 Augustum
609 3290 802 3364 nobiliumque
821 3292 935 3348 multos.
1022 3292 1074 3345 Per
1086 3290 1161 3344 idem
1173 3292 1286 3360 tempus
1296 3287 1362 3342 victi
1371 3286 1420 3340 hlii
1429 3287 1580 3356 suiarege
1594 3287 1800 3356 praefatoChlo-

126 3420 181 3435 .....
196 3381 270 3451 [Lep.
286 3380 449 3451 interfecit].
986 3384 1090 3438 turario
1104 3382 1276 3453 capiuntur3
1293 3397 1324 3434 ac
1342 3379 1459 3450 praefata
1472 3378 1582 3449 regina,
1598 3379 1798 3449 praedictorum

161 3474 250 3545 liujus
260 3480 388 3546 tempore
398 3475 514 3530 Parisini
526 3479 554 3531 et
567 3478 663 3532 Veneti
674 3493 725 3549 per
738 3478 881 3534 Orientem
894 3479 936 3533 vel
987 3476 1058 3543 aria,
1073 3476 1108 3529 ab
1117 3492 1151 3529 eo
1162 3477 1254 3545 capta,
1271 3473 1437 3543 diversoque
1450 3487 1599 3542 poenarum
1614 3486 1718 3540 genere
1730 3472 1800 3526 aflli-

125 3567 279 3638 AEgpptum
296 3569 374 3623 ciuile
392 3569 500 3624 bellum
518 3569 633 3638 faciunt,
647 3587 679 3626 ae
691 3587 719 3625 se
739 3576 838 3626 mutua
861 3571 938 3626 caede
987 3575 1040 3639 cta,
1057 3569 1159 3623 deinde
1182 3567 1289 3621 camelo
1310 3566 1453 3637 imposita,
1471 3563 1567 3618 multis
1582 3564 1639 3618 suis
1657 3572 1799 3636 spectacu-

125 3664 318 3730 prostemunt.
345 3662 445 3717 Pralia
468 3679 581 3734 quoquc
603 3665 751 3720 Persarum
774 3664 937 3735 gravissima
987 3661 1047 3716 lum
1059 3661 1182 3732 praebuit
1196 3664 1357 3731 :postremo
1370 3656 1544 3713 ferocissimo
1558 3658 1644 3728 [Forte
1658 3658 1797 3714 ferocissi-

125 3751 259 3807 adrersus
271 3755 476 3826 rempublicam
489 3757 656 3827 excitantur,
671 3774 688 3811 a
701 3756 803 3828 quibus
816 3758 936 3812 Romani
987 3755 1037 3826 mi]
1051 3754 1180 3826 colligata
1193 3753 1311 3824 pedibus
1320 3752 1386 3824 equi
1399 3756 1657 3822 tergo,extremum
1667 3753 1799 3823 spiritum

124 3843 238 3901 fortiter
250 3847 390 3915 debellati,
404 3849 541 3920 plurimas
556 3850 715 3922 provincias
729 3854 757 3905 et
772 3850 862 3921 ipsam
877 3851 938 3907 Hie
987 3849 1136 3904 exhalavit.
1147 3847 1289 3918 cujusque
1302 3846 1434 3917 deinceps
1444 3846 1642 3917 corpusculum
1649 3845 1800 3902 incenden-

125 3938 295 4011 rosolymam
309 3942 473 3998 amiserunt.
987 3945 1029 3997 tes
1040 3942 1149 4014 populi,
1164 3940 1326 4013 sepulcrum
1346 3939 1420 4011 ignis
1433 3935 1486 3993 luit
1498 3956 1506 4007 ;
1520 3938 1556 3993 ad
1574 3938 1706 4012 deinceps
1721 3941 1798 4012 judi·

163 4032 306 4088 Heraclius
323 4034 422 4105 quinto
435 4035 547 4108 imperii
569 4037 612 4091 sui
627 4036 695 4092 dum
707 4037 837 4109 iungitur
851 4054 936 4104 anno,
987 4036 1063 4091 cium
1075 4037 1225 4106 paternum
1240 4034 1300 4089 sine
1313 4032 1501 4088 misericordia
1514 4033 1544 4086 in
1555 4049 1691 4104 germano
1706 4037 1735 4088 et
1747 4051 1797 4091 ne-

126 4125 267 4182 Sisehotus
277 4126 432 4182 Gothorum
445 4145 494 4184 rer
505 4129 534 4184 in
543 4130 793 4202 Spaniaplurimas
802 4133 937 4187 Romanas
986 4134 1051 4200 pote
1065 4127 1210 4201 quondam
1224 4127 1332 4197 datum,
1344 4127 1374 4181 in
1388 4126 1452 4180 liliis
1464 4125 1651 4193 redundavit,
1667 4143 1769 4198 eosque
1783 4145 1800 4181 a

125 4219 237 4275 militiae
254 4219 349 4291 urbes,
368 4226 468 4294 quarto
485 4223 568 4294 regni
580 4224 624 4278 sui
638 4224 691 4279 sibi
702 4225 832 4280 bellando
848 4225 935 4297 subji-
987 4222 1166 4295 quibusdam,
1175 4225 1208 4276 ut
1221 4221 1311 4290 aiunt,
1320 4222 1516 4291 interemptos,
1527 4219 1720 4273 monarchiam
1730 4237 1800 4290 prae-

124 4312 179 4383 cit3
193 4314 339 4369 etJudaeos
357 4315 400 4370 sui
410 4317 491 4388 regni
501 4316 635 4387 subditos,
647 4322 749 4389 praeter
763 4335 810 4373 eos
829 4319 879 4390 qui
891 4319 935 4373 lu·
986 4320 1167 4387 nuncupatus
1181 4331 1230 4369 rex
1245 4316 1274 4368 iu
1288 4314 1377 4368 trihus
1391 4313 1486 4384 reguis
1500 4311 1622 4367 obtinuit
1634 4329 1643 4380 ;
1659 4328 1744 4383 quam
1757 4313 1796 4368 fe·

126 4420 164 4477 ga
175 4407 246 4478 lapsi
260 4413 325 4464 sunt
336 4409 371 4464 ad
383 4409 514 4480 Francos,
525 4410 560 4465 ad
573 4411 676 4466 Christi
690 4411 774 4466 [idem
790 4412 935 4467 convertit.
986 4408 1077 4463 liciter
1099 4407 1288 4479 religioseque
1301 4406 1479 4478 guhemans,
1489 4420 1565 4459 nunc
1578 4421 1642 4460 eum
1658 4406 1800 4477 prioribus

161 4499 249 4570 liujus
264 4501 442 4572 imperatoris
463 4503 649 4576 temporibus,
665 4505 700 4560 ad
720 4521 810 4576 usque
826 4453 976 4576 imperiiD
988 4501 1069 4573 regui
1080 4501 1123 4556 sui
1136 4500 1254 4555 annoto
1267 4499 1354 4554 vitam
1369 4499 1457 4554 ducit.

127 4592 171 4648 sui
186 4608 295 4648 annum
310 4596 352 4665 ll,
368 4600 396 4650 et
413 4596 581 4653 Chlotacarii
606 4598 797 4670 gloriosissimi
814 4599 936 4654 Franco·
1023 4595 1108 4649 Fiunt
1130 4593 1218 4665 igitur
1235 4592 1270 4647 ab
1289 4592 1404 4648 exordio
1423 4591 1522 4647 mundi
1544 4609 1634 4664 nsque
1659 4594 1688 4649 in
1713 4612 1799 4652 reram

125 4704 192 4743 rum
200 4689 336 4760 principis
349 4691 431 4762 regni
443 4691 486 4745 sui
496 4707 604 4746 annum
615 4694 660 4759 40,
674 4693 938 4767 multareipublieae
988 4692 1167 4761 presentem,
1181 4687 1211 4742 id
1233 4690 1285 4755 est,
1306 4687 1337 4740 u
1361 4686 1478 4742 Heraclii
1497 4690 1525 4742 et
1541 4686 1707 4746 Chlotaearii
1727 4691 1801 4764 regis

125 4777 264 4849 partibus,
278 4777 384 4851 ubique
396 4795 469 4851 pene
483 4796 501 4834 a
513 4780 628 4836 dirersis
642 4782 773 4855 gentibus
793 4783 939 4855 dispendia
988 4798 1095 4838 annum
1107 4783 1151 4853 lh,
1166 4781 1233 4837 anni
1247 4797 1415 4839 vuncccxxu.

125 4870 204 4927 illata
222 4872 311 4928 tuere.
