3878 6150
109 281 160 336 ns
563 253 564 256 ‘
809 277 939 336 remen
959 276 1054 335 rura
1072 280 1095 336 u
1317 238 1343 281 ¹¹
1739 281 1792 335 ao

109 390 159 461 qui
167 388 257 444 vicem
271 404 368 444 meam
380 384 490 442 executi
503 389 578 453 sunl,
593 386 642 441 sed
658 385 746 441 etiam
761 404 812 458 per
823 404 924 461 appro-
934 409 964 481 Α
974 393 1024 443 aut
1035 388 1141 444 molare
1153 401 1326 460 eorumquae
1340 385 1376 441 ab
1389 398 1429 441 ea·
1438 386 1514 442 recte
1528 388 1595 442 sunt
1605 384 1794 442 etinsiolabi·

107 484 255 539 bationcm
266 485 412 556 gestorum
424 481 606 552 synodalium
618 481 766 552 propriam
776 481 922 536 vobiscum
973 483 1039 536 liter
1060 482 1200 554 definita.)
1215 484 1251 535 At
1265 482 1351 552 longe
1368 484 1412 536 est
1433 480 1521 549 aliud,
1535 497 1594 536 non
1611 496 1695 552 posse
1706 496 1791 535 eom-

109 578 195 633 inisse
209 575 394 641 sententiam,
406 575 435 629 in
449 574 509 629 sola
521 573 653 629 videlieet
663 575 731 630 fidei
739 591 833 643 causa,
845 574 923 646 quod
973 576 1082 630 moveri
1098 592 1201 646 eaquae
1210 576 1407 642 decretasunt,
1419 578 1448 629 et
1456 591 1513 629 non
1521 591 1605 646 posse
1613 573 1793 629 commoveri

109 690 184 744 saepe
198 669 352 725 dicendum
369 671 420 722 est.
439 667 501 737 (Oui
517 685 585 739 ergo
607 669 670 723 unit
689 685 754 723 cum
766 669 921 725 Chalcedo·
973 687 1007 723 ea
1022 686 1085 740 quae
1094 672 1171 724 recte
1181 674 1209 724 et
1218 668 1430 741 inculpabiliter
1439 670 1507 722 sunt
1515 668 1638 724 decreta,
1653 656 1792 724 Scieb'ant

108 765 191 820 nensi
211 763 320 834 synodo
335 761 438 816 insola
453 761 521 815 fidei
536 779 621 817 causa
640 766 804 828 convocata,
821 765 923 817 cuncta
973 763 1052 817 enim
1072 763 1125 817 viri
1138 762 1305 831 doctissimi,
1320 780 1355 818 ea
1370 780 1435 834 quaa
1448 763 1506 818 illic
1525 766 1606 834 gesta
1620 763 1740 817 fuerant
1755 763 1790 817 de

109 875 172 930 quae
186 856 241 910 illic
257 854 418 926 specialiter
431 859 511 926 gesta
525 860 601 923 sunt,
616 873 646 910 se
660 856 756 927 procul
771 855 858 911 dubio
875 872 922 910 ex·
972 856 1064 911 causis
1089 857 1267 928 specialibus,
1295 874 1312 912 a
1335 856 1546 928 praedecessore
1568 860 1668 911 nostro
1692 844 1790 911 Leone

106 955 240 1005 traneum
249 948 438 1003 demonstrat.
448 948 566 1003 llincest
574 966 687 1003 rursum
696 949 773 1020 quod
781 965 924 1020 cumpraa-
972 953 1087 1022 recepta
1101 950 1451 1019 omnimodononluisse;
1463 951 1609 1006 etidcirco
1623 949 1789 1006 cautissime

106 1046 166 1099 tato
183 1042 317 1097 Anatolio
334 1041 369 1096 de
384 1041 550 1113 recipiendo
563 1043 655 1098 Attico
670 1043 837 1114 presbytero
852 1041 920 1097 scri·
972 1044 1108 1112 scribunt,
1124 1045 1299 1099 commoveri
1315 1048 1364 1099 aut
1378 1045 1478 1099 violari
1491 1061 1555 1116 quae
1569 1046 1648 1098 recte
1663 1043 1699 1097 ab
1710 1058 1746 1097 ea
1762 1046 1790 1097 et

106 1138 184 1206 bere,
201 1136 270 1190 dicit
284 1137 381 1207 (Epist.
396 1137 439 1207 77)
449 1152 455 1190 :
467 1137 509 1190 lta
524 1139 555 1190 ut
566 1136 806 1191 Chalcedonensis
818 1135 922 1207 synodi
971 1137 1183 1209 inculpabiliter
1192 1138 1310 1193 delinita
1324 1141 1400 1207 sunt,
1416 1155 1475 1193 non
1491 1136 1610 1204 deberi3
1627 1153 1664 1190 ne
1679 1137 1701 1190 si
1722 1152 1790 1190 cun-

106 1230 306 1287 definitionem
322 1230 358 1284 de
373 1229 440 1297 fide,
456 1229 501 1284 cui
512 1229 601 1284 etiam
617 1230 730 1285 dilectio
743 1234 792 1284 tua
802 1230 922 1285 subscri·
971 1236 1016 1286 cta
1030 1231 1203 1286 confirmare
1214 1249 1244 1285 se
1255 1231 1394 1300 dicerent,
1404 1231 1555 1286 sententiae
1563 1246 1639 1302 saepe
1655 1230 1708 1285 lati
1718 1246 1790 1301 prae·

102 1325 198 1381 hendo
212 1323 366 1391 consensit,
379 1339 467 1394 quam
478 1323 642 1394 apostolicae
653 1323 862 1378 sedisfirmavit
872 1341 920 1379 au·
970 1325 1127 1379 decessoris
1154 1325 1243 1380 nostri
1265 1325 1368 1380 Leonis
1391 1325 1549 1380 obviarent.
1567 1323 1649 1380 Unde
1672 1327 1703 1378 et
1731 1323 1787 1378 illic

104 1419 230 1488 ctoritas,
245 1417 415 1489 profiteatur
428 1433 458 1470 se
475 1417 636 1488 peremnia
649 1417 851 1490 servaturum.)
867 1417 920 1483 Qui
970 1418 1045 1473 illico
1060 1418 1256 1490 subjungunt:
1270 1420 1312 1473 lta
1327 1419 1473 1490 sapiamus
1483 1435 1609 1490 semper,
1626 1417 1701 1472 sicut
1714 1417 1789 1489 sapit

104 1508 345 1568 Chalcedonensis
357 1510 460 1581 synodi
471 1509 669 1565 definitionem
680 1510 787 1578 dicens,
798 1511 921 1582 Vigilan—
970 1513 1126 1583 apostolica
1141 1513 1337 1567 Romanorum
1353 1512 1429 1567 sedis
1443 1511 1590 1583 Ecclesia.)
1607 1532 1615 1539 ·

104 1610 148 1660 ter
170 1605 269 1672 etiam,
287 1604 322 1658 de
338 1603 405 1671 fide,
426 1620 485 1658 non
502 1603 632 1671 adderet,
649 1605 703 1659 nisi
724 1621 833 1674 causas,
856 1620 920 1676 quae
1004 1608 1036 1660 V.
1049 1608 1116 1662 Post
1130 1606 1192 1662 buc
1204 1622 1319 1678 quoque
1332 1607 1462 1678 exempla
1477 1606 1608 1678 ejusdem
1624 1605 1786 1678 predeces-

102 1700 159 1754 illic
181 1699 343 1770 specialiter
363 1700 450 1752 motae
472 1697 596 1766 fuerant,
622 1699 805 1770 reprobasset
819 1699 919 1769 (solam
969 1700 1041 1754 soris
1056 1700 1146 1755 nostri
1158 1700 1262 1755 Leonis
1272 1701 1308 1754 ad
1324 1700 1459 1755 basilium
1474 1700 1641 1772 episcopum
1656 1700 1789 1755 testimo·

103 1775 291 1847 nihilominus
302 1791 453 1862 exciperet)
465 1792 501 1862 (a)
517 1807 580 1861 quae
594 1791 812 1863 eisingulariter
822 1784 954 1863 displi-B
966 1793 1047 1847 nium
1062 1794 1206 1865 posuistis,
1218 1810 1275 1865 quo
1288 1793 1344 1849 ait:
1361 1794 1484 1849 Obsecro
1497 1794 1690 1850 Dilectionem
1705 1797 1787 1848 tuam

102 1889 209 1942 cerent.
225 1887 261 1938 At
275 1886 429 1956 postquam
455 1884 526 1939 nihil
548 1884 626 1939 aliud
650 1885 762 1957 synodi,
776 1885 830 1940 nisi
850 1885 917 1939 fidei
967 1891 998 1941 ut
1016 1887 1257 1943 Chalcedonensis
1284 1888 1386 1960 synodi
1409 1887 1624 1943 definitionibus
1645 1887 1675 1942 in
1707 1888 1787 1942 nullo

101 1979 301 2035 definitionem
315 1978 441 2049 recepit:
459 1976 528 2049 quid
544 1981 588 2032 est
601 1978 688 2048 aliud,
704 1979 758 2034 nisi
769 1979 847 2050 quod
861 1995 915 2034 cae·
965 1981 1096 2036 animum
1105 1982 1252 2048 relaxetis‚·
1263 1985 1364 2053 etque
1372 1999 1405 2036 ex
1414 1981 1511 2036 divina
1520 1982 1787 2053 suntinspiratione

100 2076 163 2128 tera
177 2090 241 2144 quae
255 2072 311 2127 illic
324 2071 487 2143 specialiter
501 2075 581 2127 mota
593 2075 669 2139 sunt,
689 2072 844 2127 refutavit?
866 2073 917 2127 Ne-
966 2076 1136 2147 composita,
1163 2077 1241 2130 nulla
1264 2076 1417 2148 patiamini
1443 2075 1570 2131 novitate
1586 2075 1727 2130 temerari
1747 2076 1786 2145 (et

81 2233 85 2249 Ι
101 2182 156 2238 que
168 2167 246 2221 enim
260 2166 282 2220 si
300 2166 394 2234 vellet,
409 2182 497 2220 unam
508 2165 710 2221 tantummodo
719 2183 835 2221 causam
846 2182 916 2237 prae·
965 2186 1095 2224 rursum:
1109 2171 1146 2224 Ut
1157 2173 1255 2224 autem
1266 2170 1355 2241 possit
1363 2170 1425 2224 haec
1433 2169 1593 2224 exhortatio
1605 2170 1642 2224 ad
1650 2169 1787 2224 omnium

99 2262 150 2316 fati
167 2260 294 2315 Anatolii
314 2259 528 2331 reprehendere
543 2263 700 2328 vereretur,
713 2260 761 2331 qui
776 2260 850 2327 hanc
863 2277 915 2315 suo
964 2264 1084 2318 fratrum
1099 2266 1128 2317 et
1140 2263 1376 2335 coepiscoporum
1391 2263 1524 2318 notitiam
1534 2263 1702 2334 pervenire,
1723 2262 1788 2317 dili-

96 2355 205 2426 judicio
215 2354 481 2425 nonapprobatam,
492 2353 719 2409 etserenissimis
727 2353 914 2426 principibus,
965 2361 1068 2428 genter
1090 2358 1192 2412 vestrae
1214 2357 1412 2412 Fraternitatis
1435 2374 1503 2412 cura
1529 2356 1696 2428 perspiciat,
1718 2356 1787 2427 quia

99 2455 127 2504 et
142 2448 251 2504 auctori
267 2448 328 2519 ejus
344 2447 439 2502 eidem
454 2448 587 2503 Anatolio
603 2464 661 2503 non
677 2450 719 2502 est
731 2438 837 2503 veritus
848 2448 914 2504 scri·
965 2449 1054 2521 (quod
1074 2467 1149 2521 saepe
1170 2449 1324 2505 dicendum
1342 2450 1394 2522 est)
1415 2452 1476 2504 tota
1497 2450 1599 2520 religio
1620 2449 1786 2504 Christiana

98 2543 154 2615 ptis
177 2541 403 2597 discurrentibus
430 2541 566 2596 indicare.
590 2542 661 2598 Cum
676 2558 743 2597 vero
765 2544 795 2596 et
816 2541 851 2596 de
867 2542 940 2597 illa·
965 2544 1105 2610 turbatur,
1114 2543 1137 2597 si
1145 2543 1304 2615 quidquam
1312 2543 1347 2598 de
1359 2543 1403 2598 his
1413 2560 1476 2615 quae
1485 2543 1784 2614 apudChalcedonem

99 2637 219 2708 praesato
232 2636 365 2690 Anatolio
379 2634 488 2706 private
502 2635 638 2706 loquitur,
653 2637 683 2689 et
697 2652 809 2690 rursum
827 2635 863 2690 ad
873 2653 915 2707 sy·
964 2636 1119 2691 constituta
1138 2640 1214 2704 sunt,
1231 2637 1428 2708 convellatur.)
1444 2637 1500 2692 Sed
1514 2628 1612 2690 utrum
1632 2636 1670 2691 de
1692 2636 1784 2691 causis

97 2731 208 2786 nodum
219 2731 356 2797 scribens,
365 2728 443 2802 quod
452 2728 487 2783 de
502 2728 626 2784 solafide
640 2732 754 2800 gestum
768 2730 872 2797 iuerat,
884 2745 914 2784 se
964 2730 1156 2802 quarumdam
1172 2747 1361 2801 personarum
1375 2730 1556 2802 specialibus,
1572 2747 1610 2784 an
1624 2728 1662 2784 de
1677 2735 1782 2786 sancta

97 2824 225 2901 radpere
239 2816 410 2892 confitetur,
435 2826 547 2878 constat
564 2823 642 2894 quod
658 2826 687 2878 et
698 2823 864 2878 Anatolium
878 2823 913 2878 de
964 2824 1206 2879 fideidetinitione
1216 2824 1782 2896 asserat,inquiraturipsequidsuperius

98 2918 215 2991 speciali
229 2917 357 2972 criminis
371 2934 457 2971 causa
471 2915 629 2988 redarguit,
645 2919 674 2971 et
686 2920 789 2972 cuncta
803 2917 916 2987 privat!
964 2917 1053 2986 dicat3
1065 2918 1105 2977 ait
1115 2918 1193 2973 enim
1206 2934 1212 2972 :
1225 2919 1288 2974 llaec
1297 2918 1401 2989 scripta
1417 2917 1517 2984 direxi,
1530 2917 1634 2989 quibus
1648 2918 1779 2973 Dilectio-

99 3012 227 3083 negotia,
242 3027 306 3083 quas
321 3014 400 3065 mota
419 3010 449 3065 in
475 3009 585 3081 synodo
613 3010 737 3077 fuerant,
764 3009 914 3065 retractari
964 3028 1032 3066 nem
1044 3015 1169 3066 vestram
1183 3011 1292 3066 credidi
1312 3011 1569 3079 commonendam,
1581 3015 1614 3066 ut
1634 3012 1778 3067 sceleratis

97 3105 247 3162 concessit.
963 3105 1079 3160 ausibus
1091 3110 1189 3161 sancta
1202 3105 1363 3161 constantia
1374 3106 1521 3173 resistatis,
1538 3123 1574 3160 ne
1588 3106 1617 3160 in
1633 3122 1778 3178 quoquam

131 3201 174 3255 lv.
204 3201 328 3254 Rursum
346 3198 375 3253 in
400 3198 505 3270 scripto
530 3201 625 3254 restro
652 3197 850 3253 testimonium
879 3153 1062 3254 achostra
1082 3199 1244 3255 eommunis
1258 3200 1330 3255 fides
1344 3203 1393 3254 aut
1408 3200 1521 3271 trepida
1537 3200 1715 3268 inveniatur,
1733 3204 1779 3255 eut

96 3295 260 3366 exemplum
273 3293 308 3348 de
319 3293 453 3387 enpycliis
465 3292 592 3364 ponitur,
604 3291 682 3364 quod
693 3292 775 3347 multi
787 3291 913 3364 episcopi
925 3332 927 3338 -
961 3293 1070 3364 tepida.
1087 3293 1151 3366 (Qui
1177 3294 1266 3364 igitur
1283 3294 1515 3349 admonitionem
1542 3294 1694 3350 servandac
1712 3293 1776 3348 odei

96 3389 180 3445 simul
190 3389 406 3460 dicunt:Neque
420 3404 510 3442 unum
518 3387 578 3441 iota
586 3388 630 3442 vcl
640 3387 750 3458 apicem
761 3402 913 3458 possumus
962 3388 1111 3459 praemisit,
1121 3388 1170 3442 ubi
1183 3387 1319 3443 custodiri
1329 3387 1471 3459 synodum
1482 3388 1736 3455 voluit,indiearit.
1749 3387 1776 3443 Si

96 3487 146 3539 aut
160 3500 353 3551 commovere,
374 3485 424 3537 aut
438 3485 616 3537 commutare
639 3498 739 3536 eorum
758 3497 822 3552 quas
836 3480 913 3553 apid
963 3480 1095 3536 autemin
1103 3481 1509 3553 hujusepistolaesermonihus
1518 3481 1706 3553 ambigimus,
1714 3497 1776 3537 eum

96 3577 308 3634 Chalcedonam
323 3577 438 3632 decreta
453 3579 528 3631 sunt.
540 3576 598 3648 (Cui
612 3575 689 3631 aliud
702 3591 817 3647 quoque
832 3575 911 3630 testi·
963 3592 996 3630 ex
1009 3575 1072 3629 aliis
1085 3575 1142 3629 suis
1158 3574 1284 3647 epistolis
1299 3592 1356 3647 quo
1369 3592 1455 3630 sensu
1474 3576 1535 3630 hac
1551 3575 1667 3644 dixerit,
1683 3576 1774 3648 requi·

96 3675 228 3730 monium
244 3670 324 3743 quasi
336 3686 369 3724 ex
379 3670 482 3724 eadem
497 3669 617 3740 epistola
627 3668 821 3740 subjunxistis,
835 3670 913 3741 quod
962 3686 1071 3724 ramus.
1088 3669 1230 3725 ldarciano
1245 3685 1372 3741 namque
1392 3671 1522 3741 Augusto
1538 3669 1647 3741 scripta
1664 3687 1714 3725 sua
1728 3685 1774 3742 pro

96 3767 228 3823 videlicet
235 3762 692 3833 AnatoliiConstantinopolitanae
701 3763 779 3819 urbis
787 3762 912 3836 episcopi
962 3762 1065 3817 endem
1082 3762 1192 3835 synodo
1203 3762 1338 3834 dirigens,
1348 3763 1388 3818 ait
1401 3763 1499 3836 (ldpist.
1513 3762 1577 3835 59):
1593 3763 1638 3818 Ad
1654 3764 1773 3820 Gloriam

97 3877 231 3917 essenon
258 3857 377 3912 dubium
395 3858 447 3923 est,
472 3872 528 3926 quo
544 3856 584 3910 ait
599 3873 605 3910 :
621 3857 660 3910 lle
685 3857 911 3914 chalcedonensi
961 3861 1086 3911 vestram
1100 3855 1174 3911 etad
1186 3857 1536 3928 Constantinopolitanum
1547 3858 1708 3914 antistitem
1715 3857 1773 3913 scri·

96 3972 164 4012 vero
179 3954 277 4008 sancta
290 3949 400 4022 synodo
414 3948 488 4017 dico,
504 3949 641 4021 quoniam
665 3950 759 4022 ipsum
782 3967 911 4022 quarere
961 3953 1010 4022 pta
1025 3950 1124 4018 direxi,
1142 3967 1205 4021 quae
1216 3949 1362 4005 evidenter
1378 3949 1575 4018 ostenderent,
1592 3967 1652 4020 me,
1668 3950 1771 4024 quade

97 4050 227 4114 omnino,
242 4048 291 4100 aut
309 4044 455 4099 revolvere
471 4042 579 4113 aliquid
602 4060 780 4116 eorumquae
794 4044 829 4099 ab
850 4045 912 4117 ipsa
961 4043 1017 4098 ssde
1032 4043 1172 4099 catholica
1184 4043 1214 4098 in
1227 4042 1364 4115 praedicta
1386 4043 1495 4115 synodo
1510 4044 1634 4099 definita
1654 4046 1769 4112 lucrant,

97 4145 178 4201 linita
193 4144 269 4211 sunt,
281 4137 432 4195 hominum
446 4140 490 4191 est
502 4136 699 4192 insidiantium
710 4138 911 4194 tantummodo
961 4137 1143 4208 approbare.)
1160 4137 1212 4201 Qui
1227 4137 1251 4191 si
1263 4140 1380 4192 cunctas
1393 4140 1422 4192 et
1437 4137 1577 4208 speciales
1589 4155 1692 4194 causas
1703 4139 1767 4210 ejus

97 4236 237 4304 Ecclesiis,
253 4234 281 4289 et
300 4232 452 4288 universali
474 4231 577 4287 Christi
594 4231 681 4304 paci.)
694 4233 723 4286 ln
735 4248 791 4304 quo
806 4233 910 4288 revolvi
962 4230 1030 4286 dem
1045 4230 1147 4302 synodi
1174 4230 1292 4302 recepit,
1309 4249 1360 4287 cur
1381 4247 1415 4286 ea
1430 4247 1461 4286 sc
1474 4232 1639 4303 approbare
1655 4250 1716 4306 quae
1736 4231 1766 4287 de

98 4339 126 4390 et
141 4330 261 4389 convelli
286 4326 449 4400 prohibeat,
475 4326 536 4397 ipse
552 4325 723 4397 subjungat;
752 4327 793 4380 ait
813 4329 909 4382 enim:
961 4325 1102 4380 catholica
1115 4324 1171 4379 fide
1183 4325 1212 4379 in
1226 4324 1363 4396 praedicta
1373 4325 1483 4397 synodo
1497 4326 1620 4382 definita
1630 4331 1705 4394 sunt,
1716 4341 1766 4398 spe

98 4427 219 4495 Quando
230 4422 387 4496 apostolica
400 4420 517 4492 quidem
528 4423 556 4474 et
565 4422 684 4492 paterna
693 4420 830 4492 dogmata
841 4421 911 4476 olim
962 4418 1073 4473 cialiter
1087 4418 1212 4473 asserit?
1240 4420 1361 4473 Rursum
1380 4436 1494 4491 quoque
1507 4421 1633 4491 praefate
1656 4417 1763 4494 principi

97 4522 181 4580 nobis
193 4519 309 4588 tradita,
325 4517 355 4571 in
370 4533 403 4570 co
413 4516 548 4570 roborata
559 4517 625 4568 sunt
638 4516 724 4585 atque
734 4515 859 4570 firmata.
874 4516 914 4589 (si
924 4528 954 4602 D
966 4513 1093 4567 scribens
1108 4512 1216 4597 (lbipl.):
1238 4513 1311 4578 Quia
1324 4513 1458 4568 omnibus
1471 4513 1567 4569 modis
1582 4514 1764 4571 obediendum

97 4608 604 4689 igiturinsidian'tium-esthominum
612 4609 768 4680 apostolica
776 4609 913 4681 dogmata
965 4610 1008 4661 est
1017 4604 1153 4678 potestati
1163 4598 1285 4678 [pietati]
1300 4611 1402 4662 vestrae
1413 4611 1442 4662 et
1450 4608 1762 4679 religiosissimaerolun·

99 4715 127 4766 et
141 4713 262 4782 paterna
270 4704 443 4771 convellere,
455 4702 503 4774 qui
516 4702 619 4757 eadem
633 4706 753 4774 paterna
764 4706 913 4774 etaposto-
962 4700 1023 4768 tati,
1036 4700 1286 4756 constitutionibus
1301 4701 1493 4773 synodalibus,
1508 4719 1574 4773 quas
1584 4703 1657 4758 mihi
1667 4703 1701 4758 de
1710 4716 1760 4756 con·
1780 4768 1784 4777 .

97 4796 575 4874 licadogmataillihatarecipiunt,
586 4797 910 4867 constatproculdubio,
961 4793 1125 4849 firmatione
1144 4793 1213 4848 fidei
1234 4795 1381 4851 catholicae
1396 4795 1567 4867 placuerunt
1578 4797 1671 4853 libens
1684 4791 1758 4867 adjeci

98 4898 165 4972 quia
180 4894 350 4951 insidiantes
363 4907 420 4947 non
437 4891 511 4944 sunt.
524 4889 659 4959 Ejusdem
669 4907 794 4961 namque
809 4891 912 4962 synodi
962 4888 1135 4943 sententiam
1159 4905 1267 4944 meam.
1283 4890 1324 4962 (Si
1344 4906 1414 4962 ergo
1435 4891 1687 4948 confirmationem
1707 4883 1756 4944 ulei

97 4993 185 5047 sidem
202 4989 406 5044 intemeratam
427 4985 485 5038 Deo
506 4985 623 5038 auctore
647 4983 813 5051 retinemus,
830 4987 860 5038 et
872 4984 911 5040 sic
961 4982 1107 5039 catholicae
1117 4983 1169 5038 sibi
1184 4984 1333 5055 placuisse,
1350 4985 1435 5055 eique
1449 4985 1628 5041 sententiam
1641 4984 1755 5058 adjectae

98 5082 208 5156 privata
231 5075 426 5147 negotiaque
448 5070 506 5127 illic
528 5075 610 5143 gesta
631 5075 706 5142 sunt,
723 5090 789 5128 cum
811 5077 910 5133 saneto
962 5076 1080 5144 astruit;
1096 5078 1125 5132 in
1141 5077 1194 5146 his,
1210 5078 1353 5149 inquibus
1366 5078 1547 5135 confirmatio
1561 5080 1630 5136 fidei
1645 5075 1753 5140 nonfuit

98 5175 308 5250 praedecessore
323 5171 420 5222 nostro
438 5166 533 5229 Lame
555 5166 746 5238 praeterimus,
761 5170 793 5221 ut
808 5166 909 5222 desmi-
961 5174 1074 5226 constat
1088 5169 1156 5243 qula
1171 5172 1345 5227 sententiam
1361 5188 1420 5229 non
1437 5172 1552 5244 adjecit.

97 5269 208 5327 tionem
221 5263 289 5318 fidei
303 5262 360 5316 illic
373 5261 527 5331 prolatam,
543 5261 692 5332 proposita
703 5261 791 5316 edam
805 5264 909 5330 morte,
996 5267 1038 5320 Vl.
1052 5265 1153 5320 Adhuc
1175 5271 1272 5321 autem
1287 5283 1322 5320 ex
1343 5266 1474 5337 ejusdem
1495 5267 1576 5323 beati
1592 5267 1690 5325 Leonis
1709 5259 1750 5336 epi·

97 5375 286 5420 reservemus.
298 5358 328 5411 ln
341 5355 516 5428 praecedenti
526 5358 624 5410 autem
634 5355 911 5415 testimoniomulto·
960 5361 1033 5415 stola
1045 5359 1242 5414 testimonium
1258 5360 1368 5432 scriptis
1389 5354 1492 5417 vesti!
1502 5361 1639 5431 inseritis,
1660 5378 1715 5434 qua
1725 5349 1750 5409 ad

96 5475 161 5514 rum
175 5453 258 5510 simul
270 5450 469 5523 cpiscoporum
483 5452 580 5504 utrum
593 5449 724 5517 dictator,
739 5467 775 5504 an
789 5449 911 5521 scriptor
952 5442 1095 5508 'trasitium
1121 5453 1208 5508 dicit:
1233 5454 1282 5509 Pie
1298 5454 1381 5509 nobis
1396 5459 1425 5509 et
1446 5459 1617 5512 constanter
1634 5453 1749 5512 utendum

161 5549 243 5616 verit,
253 5547 542 5619 ignoramus;neque
551 5543 629 5598 enim
639 5543 809 5615 ineacycliis
821 5542 910 5599 conti·
961 5549 1073 5617 (Forsan
1089 5547 1254 5618 vivendum)
1281 5552 1340 5615 est,
1361 5549 1470 5603 nedum
1487 5550 1592 5606 talium
1619 5541 1748 5623 disputatio

48 5568 247 5768 “ut
259 5640 313 5712 ipsi
339 5639 368 5692 in
391 5635 502 5706 seriptis
517 5636 618 5690 vestris
641 5637 784 5708 posuistis.
810 5638 909 5710 Neque
959 5639 1131 5710 admittitur,
1139 5656 1239 5697 eorum
1251 5658 1316 5714 quae
1324 5640 1458 5696 divinitus
1469 5641 1590 5700 delinita
1598 5640 1748 5712 suntauclr
1813 5688 1816 5707 ,

218 5736 249 5791 ‘a
258 5748 350 5790 unum
365 5733 415 5786 aut
436 5727 547 5800 apicem
560 5746 712 5801 possumus
725 5748 909 5789 commorere
958 5733 1035 5788 ritati
1049 5733 1214 5808 derogetur.
1225 5734 1355 5792 Etinsra:
1367 5737 1424 5792 Nec
1434 5735 1514 5793 erun
1525 5734 1747 5813 aliqrxamllbrtlt
1814 5718 1816 5731 ¹

248 5870 282 5913 ae
294 5852 340 5910 his
352 5849 501 5929 quidpiam
518 5849 638 5908 videtur.
653 5851 739 5912 aisn.
