3878 6150
220 259 270 324 roa
425 317 440 341 .
917 255 1048 313 rumau
1067 253 1163 311 rura
1183 253 1204 309 u
1855 256 1907 314 ios

221 376 301 448 duos,
317 377 377 434 dies
395 377 491 432 decem
505 383 528 429 ⁸.
552 374 601 429 llio
625 373 773 429 ordinatur
797 374 833 445 (a)
852 373 958 445 absque
976 373 1035 444 jus·
1045 376 1181 458 Amento
1200 376 1402 439 constructam,
1425 375 1453 427 et
1475 371 1577 428 tabulis
1599 373 1742 445 argenteis
1759 375 1909 432 exornavit

221 471 299 526 sione
312 469 467 544 principis,
482 467 604 539 eoquod
626 466 802 538 Langobardi
820 466 981 523 obsiderent
995 468 1035 522 ei·
1086 465 1379 539 sepulcrumejus.0ui
1385 471 1570 536 mortuusest,
1576 465 1741 539 etsepultus
1747 468 1783 523 ad
1789 469 1908 524 beatum

218 562 335 620 vitatem
348 566 514 631 Romanam,
529 566 556 617 et
574 558 664 616 multa
679 561 795 616 vastatio
809 560 843 615 ab
858 560 898 616 eis
913 561 942 615 in
959 559 1037 616 ltalia
1085 562 1201 615 Petmm
1215 560 1376 630 apostolum
1393 576 1420 614 vr
1431 560 1495 616 ldus
1511 559 1676 615 Februarias
1693 559 1734 633 [iu
1749 562 1816 619 cod.
1829 566 1907 631 Luc„

221 658 309 713 lieret.
319 658 424 712 Eodem
435 661 563 726 tempore
572 659 662 712 -tantae
674 654 777 727 pluviae
792 654 919 724 fuerunt,
933 659 965 710 ut
974 671 1035 710 om·
1086 671 1112 708 vr
1125 655 1189 709 ldus
1202 653 1369 709 Februarias
1384 651 1478 726 deestl.
1492 652 1541 708 llio
1553 653 1620 709 iecit
1632 654 1826 711 ordinationes
1838 658 1908 712 duas

222 768 271 807 nes
284 751 418 819 dicerent,
443 749 510 821 quia
531 765 614 821 aquas
636 749 748 805 diluvia
768 747 1036 821 superinundarent,
1086 763 1137 819 per
1149 763 1277 802 mensem
1295 747 1488 815 Decembrem,
1503 747 1681 819 presbyteros
1693 764 1797 817 amu,
1812 750 1907 805 diaco-

219 847 254 901 Et
267 842 330 899 talis
343 842 507 912 cladesluit,
523 828 665 916 qualemn
680 841 785 898 seculo
798 834 893 897 nnssus
906 841 1038 897 meminit
1085 858 1137 897 nas
1161 857 1220 909 vru,
1246 839 1392 914 episcopos
1409 856 1461 912 per
1475 841 1585 897 diversa
1603 841 1663 897 loca
1684 858 1809 899 numero
1824 861 1907 901 xnvur

219 937 313 994 tuisse.
332 938 438 994 Eodem
454 941 581 1008 temporo
602 936 742 992 investivit
756 952 858 1007 corpus
875 935 949 991 beati
963 935 1038 991 Petri
1090 934 1164 1008 [θοὰ.
1187 938 1261 1004 Luc,
1283 935 1463 1007 presbyteros
1486 951 1580 1005 xrvru,
1605 934 1741 992 diaconos
1761 953 1812 1006 vu,
1826 936 1906 1012 etc.].

220 1031 338 1102 apostoli
347 1030 451 1086 tabulis
460 1030 603 1102 argenteis
613 1029 763 1086 deauratis.
772 1027 820 1084 llic
829 1030 947 1085 domum
957 1044 1038 1085 suam
1087 1028 1209 1085 cessavit
1227 1028 1406 1101 episcopatus
1424 1027 1485 1100 ejus
1498 1044 1609 1084 menses
1626 1045 1665 1099 vr,
1688 1029 1748 1086 dies
1760 1047 1817 1086 xxv
1830 1030 1905 1104 [cod.

214 1124 428 1203 penodochium
445 1124 512 1180 iecit
531 1139 692 1197 pauperum
714 1140 824 1180 senum.
840 1123 1036 1180 hictecitcoe-
1086 1125 1161 1194 Luc,
1190 1136 1301 1178 menses
1326 1138 1368 1193 ιιι,
1397 1122 1456 1178 dies
1482 1138 1547 1193 xxv,
1574 1122 1625 1178 sub
1649 1123 1695 1179 die
1718 1125 1904 1193 7Februarii,

219 1219 371 1295 melanium
385 1217 460 1276 beati
473 1218 610 1274 Hermetis
630 1218 773 1290 martyris.
794 1217 844 1273 llic
864 1217 930 1273 iecit
953 1234 1039 1289 supra
1087 1216 1146 1272 ind.
1160 1215 1198 1290 5]-

219 1329 322 1387 eorpus
332 1304 407 1369 beati
416 1312 560 1369 Laurentii
569 1311 724 1385 martyrisb
737 1311 879 1367 basilicam
898 1330 915 1366 a
934 1311 1036 1366 tunda-

867 1422 965 1478 uorn
984 1420 1139 1477 sarnam
1158 1420 1248 1477 auu.
1279 1406 1287 1437 ·'

256 1516 363 1567 ‘Anno
384 1510 489 1567 Christi
504 1515 565 1580 599,
585 1527 613 1566 vr
633 1494 697 1566 idus
711 1510 856 1565 Februarii
869 1510 1034 1565 defunctum
1085 1509 1144 1565 ritii
1156 1508 1337 1584 imperatoris
1347 1526 1455 1566 annum
1470 1476 1634 1584 septimum.
1645 1511 1714 1568 Vide
1727 1513 1833 1568 Baron.
1843 1516 1907 1582 599,

191 1583 448 1664 'eqsePEIagium’
464 1599 529 1637 cum
542 1581 660 1664 se'di'ss'et
674 1586 1036 1711 διῃῃοῗὶχΠᾶιιωιθέιῗοθιθί18ιὲξ
1085 1585 1231 1708 militina
1244 1652 1332 1708 sancti
1341 1651 1484 1707 laurentii
1495 1668 1528 1708 co
1563 1653 1668 1709 usabo
1691 1653 1792 1709 erariis
1840 1671 1908 1711 aem-

221 1654 367 1806 ἓὲἰᾞιί
378 1658 836 1820 ἰιῖιίῗιῗιῐῗιιιιιῗχεὲἓὲὲοιρῐέοεῗέιιῖὲή
849 1723 994 1779 mensibus
1008 1727 1036 1803 et
1084 1727 1173 1792 retur,
1186 1723 1315 1779 miranda
1328 1728 1420 1805 ¹atque
1433 1669 1562 1795 pavendis)
1580 1724 1630 1806 illa
1642 1671 1907 1807 coistigerunqi'qua

220 1793 1036 1946 titlittutlttltlttutillitttitlhllt
1085 1799 1200 1919 {itit
1216 1794 1907 1947 irrutilant‘littzttllstutlb

219 1938 287 2018 toris
302 1941 364 2004 590,
376 1938 489 2009 Pelagio
502 1936 540 1992 in
552 1936 718 2018 pontificatu
732 1936 874 1992 successit.
892 1913 1074 2017 Manriesmss
1088 1952 1191 2017 corpus
1206 1943 1294 1991 sancti
1307 1938 1449 2017 Laurentii
1464 1943 1596 2018 martyris
1608 1938 1744 2019 quaedam
1758 1940 1905 2021 meliorare

220 2008 1039 2166 ttlltlttfttltttttllitlvtlttllttttltt
1088 2008 1903 2163 delibitatiltiltlttttittlilttf’utttf

219 2149 1037 2292 ltulit-'utilittltlttltutttttllitati]
1088 2150 1900 2302 tlltitrtttttltttttttlitttiatttttluu

219 2239 264 2346 vei
276 2293 306 2372 in
319 2297 485 2375 sequentem
497 2306 606 2346 annum
621 2288 948 2416 rejiciuntffireldiverso
961 2308 1037 2347 anno
1088 2292 1131 2359 rri,
1146 2308 1311 2374 qurtcorpus
1323 2292 1451 2362 ejusdem
1462 2293 1749 2364 martynsvrdenmt,
1760 2295 1897 2377 quodqui-

220 2362 1038 2515 tilitasfilieitatltttilttila?ltili
1087 2362 1422 2515 litltttttttttt
1437 2367 1896 2517 iliffuitpiiulitinilillii

218 2502 287 2561 item
300 2505 427 2586 Gregorii
439 2504 556 2559 collocat
569 2450 621 2586 sui
634 2521 708 2585 anno
723 2505 832 2584 decimo
851 2500 971 2585 ltlaurrtil
986 2521 1037 2586 rm·
1086 2509 1234 2575 potuisset,
1249 2521 1298 2577 qm
1311 2509 1439 2587 sanctum
1453 2510 1481 2560 et
1492 2509 1603 2587 pastum
1615 2522 1720 2578 corpus
1735 2507 1812 2589 rllius
1825 2508 1892 2588 ride

220 2575 1037 2718 ttltttltllltlttttttttriturantibus
1086 2576 1249 2702 titillet
1269 2576 1421 2649 &ew
1441 2576 1477 2631 ‘¹⁰
1497 2582 1661 2633 ΜΝ
1674 2593 1803 2651 ωφοω
1816 2583 1892 2634 ⁵³⁰⁶¹¹

115 2776 116 2779 Ἴ
219 2717 415 2773 testificatione
429 2722 547 2786 constat,
561 2717 702 2788 principio
721 2717 787 2771 libri
801 2734 821 2772 u
834 2718 1033 2788 Epistolarum,
1120 2718 1151 2787 (o
1176 2717 1242 2772 Cod.
1258 2717 1323 2772 luc.
1344 2717 1430 2772 habet
1441 2717 1549 2789 aliquid
1567 2734 1698 2791 erasum,
1712 2726 1780 2794 post
1791 2737 1850 2794 qua
1860 2721 1890 2774 le

219 2789 267 2844 ubi
281 2788 459 2861 pontificatus
474 2789 517 2844 sui
530 2805 639 2844 annum
651 2788 808 2844 secundum
820 2793 951 2843 numerat
963 2790 1037 2844 hlau-
1087 2788 1163 2858 gitur
1177 2805 1184 2843 :
1199 2793 1273 2859 cepto
1286 2789 1408 2885 jaasiop
1419 2792 1560 2860 principis.
1577 2792 1675 2847 llnvsr.

753 2907 960 2962 ousuuturlo
978 2905 1123 2962 PHILIPPI
1143 2906 1259 2973 Lthll,
1280 2907 1307 2962 S.
1327 2908 1350 2962 J.

257 2993 286 3045 ln
299 2991 354 3046 line
367 2992 435 3048 Cod.
454 3010 506 3047 ms.
526 2993 579 3047 viri
593 2994 739 3050 clarissimi
753 2995 861 3050 Claudii
874 2995 975 3066 Hnrdyi
991 3011 1035 3050 se·
1086 2995 1203 3050 stasium
1218 2995 1465 3051 bibliothecarium
1478 3013 1536 3052 non
1555 3013 1656 3053 omnes
1673 2998 1745 3054 vitas
1763 2998 1889 3070 scripsisse

220 3062 326 3116 natoris
338 3062 500 3117 Parisiensis
513 3064 694 3119 eruditissimi
708 3082 764 3137 quo
778 3066 914 3121 hactenus
929 3067 972 3120 usi
986 3083 1034 3131 su-
1086 3067 1278 3122 Romanorum
1297 3067 1476 3139 pontificum,
1499 3067 1549 3140 qui
1562 3085 1580 3122 a
1600 3069 1712 3123 Damasi
1725 3086 1761 3142 pa
1784 3086 1806 3124 aa
1821 3075 1888 3123 ante

220 3148 284 3186 mus
297 3133 358 3187 haec
376 3133 516 3189 habentur
535 3153 541 3189 :
562 3137 677 3191 Abeoto
689 3139 767 3192 Petro
780 3153 864 3207 usqua
882 3153 953 3192 nuuc
968 3134 1037 3217 Μ
1085 3137 1121 3192 ad
1134 3154 1184 3192 sua
1195 3143 1326 3210 tempora
1347 3138 1514 3205 floruerunt,
1536 3139 1632 3196 seder
1652 3141 1737 3196 variis
1757 3088 1821 3195 iiiuc
1834 3140 1888 3195 iude

220 3207 287 3258 anui
300 3220 440 3268 coccxmv,
452 3211 477 3260 et
489 3222 589 3261 mermes
599 3223 636 3270 vr,
648 3210 761 3288 receptis
770 3209 922 3263 interuallis
935 3210 1036 3278 episco-
1047 3206 1075 3282 C
1087 3214 1298 3281 coagmentasse
1307 3209 1469 3265 universam
1482 3211 1569 3282 illam,
1581 3227 1646 3284 quae
1655 3213 1709 3268 sub
1719 3213 1780 3284 ejus
1789 3212 1888 3267 nornine

216 3281 341 3344 potuum.
364 3279 447 3332 Finis.
474 3278 551 3332 Unde
574 3278 801 3334 manifestissime
821 3280 952 3352 arguitur
967 3284 1039 3335 Ana·
1087 3283 1216 3352 apparet,
1230 3276 1431 3336 collectionem.

649 3568 1006 3731 ruunuu
1075 3568 1325 3699 ruem
1395 3575 1459 3699 u

492 3792 956 3964 aarsromn
1010 3794 1131 3915 aa
1180 3793 1631 3915 necuere.

395 4078 557 4134 EPlSTOLA
575 4080 681 4137 Purus
702 4079 782 4153 [Olim
796 4080 856 4153 llll,
1084 4078 1253 4134 Praedictum
1279 4082 1375 4134 autem
1399 4078 1516 4134 tratrem
1543 4077 1741 4134 Sebastianum
1761 4077 1890 4152 quomodo

291 4237 296 4247 .
442 4198 477 4236 A„
494 4197 650 4240 fflfflfflpg
669 4199 808 4241 „mmm
1084 4172 1300 4245 susceperimus,
1316 4172 1359 4227 vel
1372 4171 1401 4227 in
1419 4172 1498 4244 quali
1509 4172 1586 4245 apud
1598 4187 1660 4241 nos,
1676 4177 1706 4227 te
1720 4175 1888 4245 suggerente,

240 4287 273 4340 Ut
285 4287 319 4342 ab
331 4289 494 4358 imperatore
508 4290 643 4344 auritium
655 4296 748 4346 contra
759 4289 951 4358 Louooboruos
965 4292 1017 4346 sibi
1083 4266 1170 4322 fuerit
1181 4266 1327 4335 charmei
1341 4266 1428 4338 ΨΜ
1441 4266 1547 4338 P⁰teris
1562 4265 1700 4321 felistim
1712 4280 1888 4339 ⁰⁰ss¹¹⁰⁸oe¹⁸3

561 4362 694 4432 impetret.
1084 4360 1133 4432 qui
1154 4359 1239 4415 etiam
1259 4359 1390 4431 promisit
1409 4359 1489 4414 nobis
1508 4358 1693 4415 necessitates
1714 4360 1759 4416 vel
1779 4357 1888 4432 pericula

253 4452 383 4524 Pelagius
394 4452 541 4525 episcopus
552 4454 653 4510 dilecto
667 4455 725 4510 filio
738 4455 872 4528 Gregorio
888 4455 1013 4511 diacono.
1042 4452 1168 4559 Dtotius
1184 4453 1267 4508 ltaliae
1279 4452 1408 4525 piissimo
1421 4452 1536 4508 domino
1558 4452 1726 4524 imperatori
1738 4467 1886 4526 suggerere

253 4544 354 4599 Omnia
366 4545 482 4617 quidem
495 4564 560 4619 quae
574 4549 731 4604 necessaria
741 4548 925 4621 fuerunt,pcr
938 4550 1032 4604 liono-
1082 4546 1243 4620 Loquimini
1253 4563 1332 4618 ergo,
1346 4552 1375 4602 et
1386 4550 1504 4602 tractate
1516 4545 1632 4619 pariter,
1647 4543 1887 4618 quomodonostm

217 4641 311 4692 ratum
320 4639 462 4694 notarium
476 4640 527 4695 tibi
540 4632 701 4697 curarimus
711 4643 852 4713 indicare;
868 4659 955 4715 quem
967 4658 1032 4697 cum
1082 4640 1195 4713 possitis
1209 4640 1338 4696 celeriter
1359 4639 1509 4696 subvenire
1528 4638 1664 4713 periculis
1686 4659 1694 4696 ε
1719 4640 1787 4713 quia
1799 4640 1835 4695 ita
1851 4637 1886 4693 hc

215 4730 323 4801 fratre,
358 4736 387 4788 et
410 4733 575 4806 coepiscopo
600 4736 763 4793 Sebastiano
790 4736 825 4792 ad
855 4735 1033 4792 dilectionem
1061 4736 1266 4805 ¹coangustata
1278 4737 1319 4788 est
1331 4733 1503 4804 respublica,
1521 4739 1554 4790 ut
1570 4732 1626 4788 nisi
1645 4734 1720 4789 [leus
1736 4729 1884 4807 piissimiin

216 4829 293 4880 tuam
307 4826 474 4897 direximus,
491 4830 523 4882 ut
536 4829 603 4901 quia
615 4830 669 4884 illis
684 4830 853 4901 inpartibus
874 4830 910 4885 ad
922 4832 1031 4886 Raven—
1082 4827 1165 4883 corde
1187 4826 1324 4899 principis
1337 4826 1525 4899 inspiraverit,
1546 4831 1579 4882 ut
1598 4826 1716 4882 insitam
1727 4827 1782 4883 sibi
1793 4823 1883 4882 misen·

215 4935 283 4974 nam
298 4937 388 4992 usque
401 4937 478 4976 nuno
500 4939 565 4977 oum
586 4923 645 4977 viro
671 4923 792 4995 glorioso
814 4923 928 4979 domino
950 4924 1032 4979 Decio
1082 4920 1206 4976 cordiam
1220 4919 1278 4975 suis
1292 4920 1406 4976 famulis
1417 4921 1565 4992 largiatur,
1576 4923 1605 4976 et
1615 4936 1705 4993 super
1721 4921 1800 4977 illam
1811 4919 1881 4975 dioto

216 5013 335 5069 Patricio
348 5014 412 5084 suit,
426 5014 486 5086 ipse
508 5033 558 5070 sua
581 5016 718 5072 relatione
731 5022 758 5072 te
772 5017 806 5073 de
824 5017 955 5073 omnibus
977 5022 1033 5073 stu·
1081 5013 1173 5085 posin,
1188 5013 1232 5068 rel
1244 5030 1335 5069 unum
1348 5014 1516 5086 magistrum
1528 5013 1657 5069 militum
1670 5056 1678 5084 ,
1700 5019 1729 5070 et
1746 5028 1831 5069 unum
1843 5009 1880 5065 dn·

215 5105 280 5160 deat
292 5107 466 5165 informare:
489 5110 534 5164 vel
556 5110 579 5165 si
600 5126 656 5182 qua
674 5110 832 5165 necessaria
849 5111 1030 5183 judicaveris,
1081 5123 1144 5162 cem
1167 5107 1302 5178 dignetur
1325 5107 1489 5179 concedere,
1506 5108 1536 5163 in
1557 5107 1637 5164 omni
1652 5123 1753 5163 sumus
1772 5101 1878 5178 angustia

215 5199 303 5269 possis
328 5201 441 5257 domino
466 5203 633 5276 imperatori
658 5220 823 5276 suggerere.
851 5205 922 5271 Quia
946 5208 1031 5261 tantae
1081 5200 1220 5270 destituti,
1233 5200 1301 5273 quia
1315 5201 1440 5256 maxime
1453 5204 1550 5274 partes
1561 5202 1700 5257 Romanae
1714 5195 1877 5273 omniprasi·

214 5293 386 5349 calamitates
399 5313 431 5351 ac
443 5296 638 5353 tribulationes
653 5299 733 5353 nobis
753 5298 904 5369 apersrdia
925 5300 1032 5371 lango
1081 5294 1127 5350 dio
1140 5300 1263 5351 vacuatae
1276 5295 1416 5351 ridentur.
1434 5296 1467 5352 Et
1489 5295 1632 5352 anrchus
1655 5296 1768 5367 scribit,
1788 5291 1876 5350 nullum
1927 5302 1931 5329 1

213 5387 366 5442 bardorum
379 5389 466 5445 illatae
484 5396 559 5461 sunt,
573 5398 670 5448 contra
683 5409 767 5447 snum
782 5391 929 5465 proprium
941 5392 1032 5463 jusju-
1080 5389 1163 5444 nobis
1176 5405 1258 5460 posse
1272 5388 1431 5445 remedium
1445 5389 1546 5458 iacere,
1564 5389 1674 5462 quippe
1689 5389 1739 5464 qui
1752 5404 1802 5445 nec
1812 5384 1840 5441 ad
1850 5381 1873 5435 il·
1924 5392 1931 5399 '

213 5481 345 5550 randum,
363 5487 393 5538 nt
407 5485 502 5540 nullus
516 5486 605 5556 possit
627 5487 664 5541 ad
689 5485 870 5542 referendum
890 5486 1029 5542 sullicere.
1080 5484 1120 5538 las
1135 5486 1230 5555 partes
1251 5482 1447 5539 custodiendas
1465 5499 1494 5539 se
1516 5487 1638 5539 testatur
1655 5500 1740 5556 posse
1759 5480 1872 5538 mffioem
1923 5526 1931 5546 ‚.

249 5631 311 5686 ‘Er
325 5631 553 5711 annotationibus
562 5632 673 5688 labbaei
686 5623 750 5706 qua
760 5636 836 5706 apud
851 5635 938 5692 tdansi
948 5639 1031 5692 erant
1080 5650 1154 5690 mus.
1173 5635 1242 5690 Vide
1255 5636 1331 5708 quod
1344 5635 1374 5691 in
1396 5636 1452 5693 fine
1470 5653 1590 5711 operum
1603 5637 1712 5713 Pelagii
1731 5635 1871 5696 nonunt-s
1922 5654 1931 5690 v

214 5702 249 5755 ad
264 5703 441 5774 marginem,
461 5703 604 5758 breviores
620 5719 673 5759 nos
684 5705 715 5759 in
730 5711 809 5761 textu
823 5707 896 5762 inter
911 5707 1030 5763 uncinos
1080 5705 1152 5761 inira
1167 5707 1219 5762 col.
1232 5710 1293 5763 759.
1309 5708 1385 5765 Eurr.

193 5772 393 5861 'collocamus
417 5773 559 5849 longiores
581 5790 646 5832 rero
666 5775 742 5832 intra
762 5776 896 5851 paginam
917 5780 1028 5851 relega·
