3884 6150
118 225 174 295 bil
638 238 647 251 ‘
771 233 857 292 WTA.
878 230 979 290 LIBER
997 233 1131 291 PRIMUS.
1756 226 1807 294 658

124 340 214 419 gessit
227 358 280 418 per
293 339 416 418 singula,
432 340 496 419 quis
511 346 664 402 enumeret
678 343 816 402 infinita?
830 359 894 417 quae
911 342 942 398 in
952 351 982 426 Α
991 358 1103 410 manus,
1114 342 1177 412 jam
1188 341 1264 397 bene
1274 341 1350 398 culto
1364 336 1492 398 convivio
1505 343 1567 400 tote
1581 339 1806 416 grahflmbatur.

122 455 226 496 mensa
232 439 285 495 sub
294 439 410 496 fladone
418 440 454 512 (o)
466 438 941 512 segalatium[siligineum]panem
992 436 1104 507 Siquid
1118 435 1230 490 audiret
1239 435 1275 491 de
1288 435 1415 502 fremitu,
1427 436 1549 507 jubebat
1562 442 1661 494 mmen
1676 444 1709 496 ut
1724 440 1808 497 sede·
1912 441 1915 447 '

123 533 296 589 absconsum
309 537 340 589 et
348 533 542 590 hordeaceum
555 533 747 589 manducabat
768 533 887 600 occulte,
902 530 942 586 sio
991 532 1066 597 rent,
1080 529 1172 585 donec
1185 530 1293 584 vellent
1301 526 1470 600 adsurgere.

122 631 157 683 ut
171 644 259 684 nemo
272 627 564 701 perciperetNamer
578 614 777 698 illotempore,
790 642 847 699 quo
856 625 942 680 beato
1030 625 1072 679 18.
1084 623 1246 678 Venerabili
1259 640 1327 679 vero
1338 627 1418 681 omni
1432 625 1581 683 Dominioo
1597 625 1644 681 die
1656 627 1710 684 hoc
1722 628 1810 686 haber'

123 720 260 778 ldedardo
273 725 459 777 consecrante
470 722 565 776 velata
578 724 631 790 est,
643 736 732 793 usqne
744 720 781 775 ad
794 718 943 774 infirmita·
991 716 1042 771 bat
1051 716 1081 770 in
1097 732 1207 771 canone
1220 718 1264 771 vel
1278 719 1376 772 astate
1391 720 1437 774 vel
1455 719 1563 788 hieme,
1586 723 1618 774 ut
1632 721 1808 793 pauperibus

123 819 186 871 tem
197 819 301 888 praeter
315 816 450 887 legumen
465 817 495 870 et
508 816 597 883 olera,
613 831 672 870 non
683 830 813 886 pomum,
822 813 940 885 piscem,
993 808 1118 865 collectis
1127 809 1221 880 primo
1230 826 1344 865 memm
1359 828 1409 866 sna
1419 828 1509 868 manu
1522 812 1558 867 de
1571 817 1641 885 potu
1652 815 1727 870 dulci
1743 832 1810 887 por-

123 910 170 965 sel
190 926 275 966 ovum
290 925 343 964 uec
354 909 422 981 quid
433 908 511 965 aliud
525 908 602 965 edit:
627 911 729 980 potum
746 924 816 962 vero
838 910 943 979 prater
992 901 1109 974 rigeret,
1124 903 1224 974 puellae
1237 907 1337 974 postea
1350 905 1544 974 committeus,
1564 909 1595 961 ut
1607 907 1741 963 omnibus
1758 907 1809 965 ille

124 1018 235 1074 aquam
249 1003 372 1058 mulsam
392 1005 477 1075 atque
502 1002 636 1074 piratium
650 1019 709 1057 non
720 1000 806 1068 bibit;
824 1000 883 1055 vini
906 999 943 1072 (b)
993 995 1161 1067 propinaret
1174 1012 1180 1051 :
1193 996 1261 1067 quia
1273 997 1498 1068 ipsafestinabat
1510 998 1632 1056 orationi
1647 1016 1808 1071 occurrere,

124 1112 194 1152 vero
210 1095 365 1167 puritatem
381 1099 432 1151 sut
445 1095 525 1150 medi
538 1095 626 1167 [potio
638 1111 670 1150 ex
684 1094 780 1167 melle]
801 1091 943 1149 decoctio·
994 1104 1050 1160 quo
1062 1091 1808 1161 etcursumconsummaret,etsacerdotibusadmeu·

125 1205 205 1257 nem,
219 1187 401 1260 cervisiaeque
409 1187 586 1243 turbidinem
600 1204 659 1243 non
670 1187 800 1259 contigit.
994 1198 1055 1237 sam
1067 1181 1193 1237 invitatis
1208 1188 1379 1253 occurreret,
1394 1201 1465 1256 quos
1475 1186 1668 1258 adhucregali
1677 1204 1759 1244 more
1770 1188 1810 1244 ud

163 1285 207 1337 ld.
225 1283 297 1336 Tum
320 1296 403 1336 more
420 1281 512 1337 sancti
529 1280 662 1337 Germani
674 1280 758 1352 jubet
772 1279 825 1335 sibi
835 1280 944 1335 molam
993 1275 1111 1347 propria
1123 1291 1189 1330 cum
1203 1276 1341 1345 redirent,
1357 1277 1419 1333 sine
1430 1294 1550 1333 munere
1564 1296 1624 1335 nou
1636 1281 1753 1337 laxaret.

124 1374 317 1431 secretissime
332 1374 448 1441 deferri,
474 1374 618 1445 adquam
638 1376 700 1430 tota
721 1372 945 1447 quadragesima
1031 1372 1073 1424 19.
1087 1370 1166 1424 lianc
1185 1386 1299 1442 quoque
1311 1387 1374 1426 rem
1384 1371 1639 1428 intremiscendam
1654 1391 1711 1446 qua
1724 1391 1810 1446 pera·

123 1472 240 1524 tantum
260 1467 408 1538 laborarit,
430 1471 570 1539 quantum
600 1467 793 1539 quatriduana
824 1466 944 1523 refectio
995 1462 1083 1534 gebat
1097 1461 1262 1518 dulcedine}
1279 1464 1351 1519 Cum
1366 1465 1470 1535 leprosi
1482 1465 1630 1522 venientes
1640 1466 1723 1538 signo
1734 1469 1810 1524 facto

126 1561 289 1634 postularit.
309 1560 473 1617 Oblationes
491 1561 580 1617 etiam
596 1561 653 1616 suis
669 1560 802 1616 manibus
827 1560 944 1629 faciens,
995 1556 1561 1628 seproderent,jubebatadminiculoe,ut
1568 1559 1702 1629 undaret
1709 1561 1813 1633 quanti

128 1655 200 1711 locis
216 1655 428 1711 venerabilibus
447 1654 654 1710 incessabiliter
670 1653 852 1726 dispensarit.
869 1655 944 1726 Ergo
996 1655 1091 1706 essent
1103 1651 1151 1722 piu
1163 1666 1231 1705 cura
1241 1650 1409 1722 requireret.
1424 1654 1485 1717 Qua
1498 1651 1812 1727 sihirenuntiante,pa·

127 1748 206 1821 apud
221 1751 351 1803 sanctam
368 1765 426 1803 non
444 1748 539 1803 minus
562 1765 631 1803 usus
642 1746 847 1803 misericordia
858 1724 983 1818 qrramB
995 1746 1059 1799 rata
1068 1743 1349 1812 mensa,missorium
1360 1744 1409 1817 (d),
1421 1746 1594 1815 cochleares,
1603 1749 1814 1816 cultellos,ean·

125 1847 191 1898 erat
204 1858 358 1898 concursus
368 1841 403 1896 de
417 1842 511 1913 plebe,
526 1845 557 1897 ut
570 1858 623 1897 nec
632 1842 745 1898 deesset
760 1841 809 1913 qui
822 1843 945 1913 peteret,
996 1854 1048 1892 nas
1064 1837 1108 1908 (c),
1121 1840 1222 1909 potum
1234 1842 1263 1893 et
1276 1837 1379 1893 calices
1389 1839 1449 1894 sola
1461 1839 1653 1911 subsequente
1667 1840 1814 1898 intromit-

127 1953 183 1992 nec
201 1935 338 1991 deficeret
357 1935 434 2008 quod
447 1936 614 1990 donaretur.
630 1934 791 1992 Mirandum
806 1939 838 1991 ut
852 1933 945 1990 omni·
995 1931 1075 1986 tebat
1091 1931 1200 1999 furtim,
1219 1948 1276 2003 quo
1297 1948 1327 1986 se
1348 1947 1434 1987 nemo
1454 1932 1625 2004 perciperet.
1658 1936 1722 2006 lpsa
1751 1939 1813 1991 tum

126 2030 182 2085 bus
202 2029 389 2096 satisfaceret,
411 2028 487 2083 unde
502 2028 630 2084 thesauri
649 2030 693 2084 tot
710 2027 794 2096 exuli,
810 2028 887 2083 unde
904 2032 948 2084 tot
996 2024 1132 2080 mulieres
1143 2024 1229 2079 variis
1241 2027 1328 2096 lepras
1339 2026 1459 2081 maculis
1475 2026 1605 2098 perfusas
1621 2028 1813 2100 comproben-

126 2122 234 2178 diritiae
249 2122 421 2194 peregrinae.
997 2118 1104 2173 densin
1118 2118 1678 2189 amplexu,osculabaturetvultum,toto
1690 2121 1814 2194 diligens

166 2219 209 2271 17.
226 2214 370 2280 Quantum
389 2212 570 2286 expendebat
584 2213 687 2268 diurna
701 2213 874 2285 redemptio,
887 2213 947 2269 sola
997 2211 1334 2282 animo.llsinde,posita
1343 2228 1453 2280 mensa,
1464 2214 1561 2269 ferens
1567 2230 1673 2286 aquam
1680 2214 1813 2284 calidam,

127 2309 237 2365 sciebat
246 2324 309 2380 quae
322 2307 486 2379 petentibus
497 2307 757 2379 deportabatNam
766 2309 871 2378 praetcr
880 2323 948 2379 quo-
997 2303 1214 2373 facieslavabat,
1224 2320 1457 2376 manus,ungues
1466 2310 1495 2362 et
1504 2307 1751 2374 ulcera,etrursus
1761 2308 1814 2363 ad·

126 2401 269 2457 tidianam
290 2417 423 2456 mensam
447 2417 504 2472 quo
531 2400 679 2456 refovebat
702 2400 886 2455 matriculam
913 2400 946 2472 (c)
997 2397 1180 2452 ministrabat
1194 2397 1384 2469 ipsapascens
1396 2415 1449 2470 per
1466 2399 1588 2472 singula.
1604 2400 1815 2457 decedentibus

128 2495 242 2551 duobus
254 2511 370 2566 semper
377 2494 478 2548 diebus
487 2494 596 2549 sabbati
606 2493 706 2565 quinta
717 2495 746 2547 et
756 2492 876 2548 sabbato
884 2492 948 2549 vici·
997 2489 1144 2561 praebebat
1154 2507 1256 2546 aurum
1266 2491 1310 2545 vel
1322 2492 1502 2560 vestimenta,
1515 2493 1560 2547 vix
1573 2509 1630 2548 una
1638 2498 1711 2549 teste
1722 2493 1816 2550 muni·

127 2588 182 2643 bus
196 2588 300 2643 balneo
315 2589 416 2658 parato
430 2586 492 2658 ipsa
504 2587 648 2642 succincta
661 2587 697 2641 de
713 2586 821 2642 sabano
835 2585 944 2660 [linteo]
996 2583 1060 2638 tica.
1076 2583 1202 2638 ldinistra
1213 2588 1312 2639 tamen
1326 2586 1519 2657 praesumebat
1533 2603 1598 2642 eam
1609 2587 1815 2644 blandimentis

128 2681 224 2752 capita
238 2682 336 2736 lavans
356 2697 526 2752 egenorum,
552 2680 695 2735 defricans
712 2678 852 2751 quidquid
874 2683 946 2747 erat,
997 2676 1036 2732 sic
1049 2677 1210 2748 appellare:
1226 2677 1550 2748 Sanctissimedomina,
1567 2679 1630 2751 quis
1638 2685 1666 2735 te
1673 2682 1816 2736 osculetur

128 2778 267 2842 crustam,
291 2774 426 2842 scabiem,
446 2773 554 2828 lineam
572 2791 626 2829 nec
650 2775 834 2845 purulentam
866 2772 946 2829 fasti·
997 2787 1062 2841 quae
1076 2765 1116 2824 sic
1132 2770 1260 2841 leprosos
1276 2770 1479 2841 amplecteris?
1493 2772 1545 2827 llla
1567 2774 1717 2844 respondit
1728 2774 1816 2830 bene·

129 2868 223 2937 diens,
237 2867 383 2924 interdum
394 2872 423 2922 et
434 2883 545 2922 vermes
555 2867 718 2935 extrahens,
734 2882 861 2938 purgans
875 2865 946 2922 cutis
995 2864 1058 2918 vole
1075 2879 1082 2918 ε
1097 2864 1169 2918 Vere
1184 2863 1207 2918 si
1222 2880 1268 2919 me
1284 2880 1343 2919 non
1357 2864 1504 2933 osculeris,
1520 2865 1670 2921 hincmihi
1680 2882 1749 2922 eura
1761 2883 1815 2923 neo

127 2960 309 3033 putredines,
321 2960 467 3032 sigillatim
481 2960 575 3032 capita
594 2961 727 3032 pectebat
742 2960 804 3031 ipsa
821 2976 884 3031 quse
904 2961 945 3015 la·
996 2959 1055 3012 ulla
1066 2960 1118 3012 est.

127 3058 219 3109 serat.
236 3055 337 3110 Ulcera
354 3070 421 3109 vero
435 3054 611 3122 cicatricum,
632 3070 696 3126 quae
716 3053 787 3109 cutis
802 3053 874 3122 lara,
896 3053 983 3166 dac
1032 3055 1075 3108 20.
1086 3051 1155 3116 Quae
1165 3051 1816 3122 tameu,praestante1leo,diversofulsitmira·'

127 3149 416 3218 texeratautnngues
427 3149 758 3218 exasperaverant,more
768 3146 945 3218 evangelico,
996 3146 1068 3200 culo.
1084 3145 1213 3217 Denique
1222 3145 1246 3199 si
1256 3144 1318 3216 quis
1330 3145 1451 3217 pustulae
1461 3145 1628 3217 desperaret
1636 3146 1673 3203 de
1683 3148 1812 3219 vulnere,

128 3239 946 3313 oleosuperfnsomulcebatmorbicontagiumliulierum
997 3238 1498 3294 offerebatministrasanctaefolium
1508 3240 1648 3311 pampini,
1659 3241 1814 3312 mentiens,

126 3352 196 3391 sero
209 3334 578 3391 descendentiumintinam
587 3331 945 3406 [doliolumvulgosinetoh
996 3331 1049 3386 sibi
1060 3348 1131 3402 opus
1141 3332 1195 3395 boc
1206 3347 1277 3385 esse.
1294 3331 1397 3402 Sicque
1411 3332 1737 3404 vinobtentosignaculo
1746 3350 1813 3405 por-

126 3428 191 3501 ipsa
200 3444 267 3483 curn
276 3445 410 3499 saponea
423 3428 516 3499 capite
524 3443 614 3498 usque
625 3427 663 3481 ad
677 3426 807 3498 plantam
815 3425 948 3480 membra
996 3429 1061 3479 tans
1086 3424 1123 3479 ad
1139 3424 1332 3494 desperatum,
1355 3425 1466 3478 vulneri
1490 3426 1668 3497 superposito
1689 3443 1755 3483 mox
1770 3444 1815 3484 oo-

128 3521 243 3592 singula
263 3520 405 3587 diluebat;
420 3520 634 3591 egredientibus
655 3519 759 3575 exinde
774 3519 797 3573 si
814 3518 860 3573 cui
874 3520 948 3573 vete-
997 3517 1128 3572 currebat
1141 3506 1314 3572 remedium.
1331 3516 1432 3572 ltidem
1445 3517 1678 3590 frigoriticusqni
1689 3502 1815 3577 venisset

127 3612 371 3669 retaindumenta
386 3614 574 3684 conspiceret,
590 3614 695 3668 tollens
709 3628 784 3679 rasa,
798 3628 872 3667 nova
884 3611 948 3667 red·
998 3614 1048 3666 aut
1060 3609 1224 3682 languidus,
1236 3609 1334 3664 dicens
1350 3610 1379 3665 in
1391 3611 1500 3666 somnis
1509 3629 1538 3666 se
1548 3612 1649 3668 vidisse
1663 3617 1752 3685 utpro
1763 3631 1830 3670 sua·

129 3706 228 3762 dens:
262 3710 329 3761 ante
364 3722 510 3778 pannosos
533 3706 658 3761 faciebat
676 3705 775 3760 venire
796 3706 886 3761 cultos
910 3705 946 3760 ad
998 3705 1087 3760 salute
1099 3703 1215 3758 feminae
1226 3710 1332 3761 sanctes
1345 3710 1517 3775 occurreret,
1526 3705 1650 3762 offerens
1662 3708 1814 3764 candelam

130 3800 301 3871 prandium3
325 3796 427 3871 quibus
442 3799 635 3871 congregatis,
658 3798 818 3854 ministerio
835 3803 946 3870 parato,
998 3797 1081 3853 alicui
1093 3814 1126 3853 ex
1139 3797 1294 3865 ministris;
1309 3815 1366 3871 qua
1379 3815 1500 3856 accensa
1510 3817 1562 3871 per
1572 3804 1686 3857 noctem
1696 3802 1814 3858 morbus

129 3893 191 3964 ipsa
203 3909 309 3964 aquam
324 3894 381 3948 sire
394 3910 532 3965 mappam
543 3893 661 3964 singulis
672 3892 849 3964 porrigebat,
864 3893 947 3947 etin·
998 3891 1157 3963 accipiebat
1177 3894 1319 3960 mortem,
1339 3892 1488 3948 morbidus
1512 3894 1676 3950 sanitatem.
1697 3895 1814 3961 Quoties

127 3986 231 4041 validis
242 3986 304 4058 ipsa
317 3987 425 4058 pariter
439 4003 471 4043 os
480 3991 508 4042 et
519 4003 622 4041 manus
634 3986 775 4057 tergebat.
783 3985 853 4040 Hinc
859 3986 949 4041 tribus
998 3988 1095 4041 autem
1108 4001 1173 4040 cum
1188 3985 1370 4058 cognovisset
1382 3978 1574 4043 decubantem
1590 3988 1621 4043 in
1634 3989 1814 4061 lectulopor·

127 4079 245 4135 ferculis
260 4078 355 4148 illatis,
367 4080 474 4135 farcitis
484 4080 601 4147 deliciis,
610 4084 688 4135 stans
698 4084 765 4135 ante
773 4066 949 4151 prandentes
999 4082 1063 4135 lons
1077 4095 1166 4151 poma
1179 4079 1343 4151 peregrina,
1359 4079 1441 4135 dulce
1454 4080 1538 4135 simul
1554 4083 1582 4135 et
1597 4082 1732 4149 calidum,
1746 4084 1812 4138 refl-

124 4172 238 4243 jejuna,
250 4189 377 4244 praeseus
390 4173 525 4243 convivis,
537 4173 877 4245 ipseincidebatpaucm,
890 4189 949 4228 car
998 4173 1092 4228 ciebat
1104 4176 1246 4244 aegrotum
1263 4190 1270 4228 ε
1289 4174 1383 4244 etqui
1399 4190 1453 4228 nec
1474 4173 1586 4228 decimo
1597 4174 1660 4245 jam
1679 4174 1724 4229 die
1744 4175 1814 4246 quid

126 4281 205 4334 nem,
213 4265 577 4337 volquidquidapponeret.
586 4266 742 4336 hauguidis
753 4271 850 4321 autem
861 4269 949 4320 eteae·
997 4265 1180 4338 percepisset,
1192 4265 1300 4322 cibaria
1310 4265 1372 4337 ipsa
1382 4283 1447 4320 mox
1457 4266 1687 4334 administrante,
1699 4267 1811 4338 langui-

126 4358 166 4414 cis
179 4374 239 4413 non
252 4359 382 4414 cessabat
392 4360 453 4430 ipsa
468 4359 545 4415 cibos
561 4375 626 4414 cum
635 4358 776 4414 cochleari
789 4358 946 4429 porrigere,
999 4358 1052 4414 dus
1064 4358 1223 4430 accipiebat
1233 4358 1328 4413 cibum
1341 4357 1449 4429 pariter
1464 4361 1492 4412 et
1510 4358 1650 4425 salutem;
1674 4359 1752 4430 quod
1773 4362 1813 4414 ta·

126 4452 181 4507 boc
202 4452 392 4523 presentibus
409 4453 529 4521 duabus,
551 4453 601 4506 sed
616 4469 646 4506 se
666 4452 726 4507 sola
743 4451 900 4519 serviente,
917 4455 986 4533 utI)
997 4468 1065 4508 men
1080 4452 1142 4523 ipsa
1157 4450 1328 4522 imperabat,
1346 4467 1382 4505 ne
1396 4450 1459 4522 quis
1471 4451 1615 4522 proferret
1625 4452 1656 4506 in
1668 4453 1776 4509 fabula.

128 4544 948 4617 nosahtartbasatageret,donecpotulentildlpuruleuti
1032 4543 1814 4618 fl.Quantarerocongressiopopularisexittitdiequa

127 4639 226 4695 lectura
238 4655 299 4694 cum
312 4641 342 4694 in
357 4641 422 4695 bles.
439 4641 476 4695 sit
486 4639 636 4711 potolenti]
651 4639 754 4694 fratres
771 4638 829 4693 laeti
845 4639 950 4695 flerent
998 4654 1028 4693 se
1038 4640 1136 4692 sancta
1148 4635 1318 4691 deliberavit
1325 4636 1489 4693 recluderet
1502 4641 1533 4694 ut
1546 4655 1617 4711 quos
1632 4640 1734 4710 platea
1753 4656 1813 4696 nou

128 4732 274 4788 conviviis.
299 4733 378 4788 Tunc
398 4733 446 4788 illa
462 4749 615 4788 removens
634 4749 663 4786 se
683 4733 746 4788 loco
770 4735 802 4786 ut
820 4732 950 4788 ablueret
998 4729 1423 4803 caperent,ascendentestecta
1431 4733 1619 4804 complerent.
1628 4732 1703 4796 Quid
1716 4739 1814 4790 autem

165 4847 946 4920 (olliademroceiternmutiturForlunatusinfra,num.
1033 4847 1070 4918 (b)
1083 4848 1179 4902 Exstat
1189 4846 1265 4918 apud
1276 4847 1475 4916 Fortunatam,
1496 4848 1524 4903 in
1534 4848 1582 4903 lib.
1592 4864 1622 4916 n,
1639 4853 1762 4916 carmi,
1777 4850 1815 4906 ad

130 4923 175 4985 tl,
198 4935 255 4990 quo
272 4920 302 4973 in
320 4921 382 4976 loco
399 4921 495 4976 Codex
508 4919 682 4976 conchensis
704 4920 810 4988 scribit,
823 4921 872 4975 sub
884 4921 947 4990 pto·
997 4918 1812 4990 lladogundem,quoeamadbibendnmvinumbortatur.

129 4993 227 5053 centis,
251 5006 316 5045 cnm
333 4991 364 5044 in
387 4992 450 5046 aliis
463 4993 614 5060 habeatur,
632 4992 682 5047 sub
699 4993 815 5061 studens.
837 4991 876 5044 Ex
891 5006 948 5060 quo
998 4989 1078 5044 ldem
1096 4994 1196 5045 auctor
1217 4989 1386 5057 iulib.vn1,
1404 5007 1491 5045 carm.
1507 4995 1522 5046 7
1541 5007 1573 5047 ac
1597 4995 1639 5060 ll,
1658 4992 1693 5047 de
1713 4993 1815 5050 mundi

128 5061 276 5132 intelligas
297 5061 426 5118 fladones
443 5080 504 5118 esso
524 5065 680 5135 placentas,
704 5079 774 5133 quas
796 5062 948 5116 vernacule
998 5064 1166 5132 contemptu
1178 5061 1207 5115 et
1221 5060 1380 5116 reclusione
1393 5061 1486 5116 beatae
1497 5061 1605 5133 regina
1615 5065 1786 5137 gratulatur.

128 5135 216 5202 Mons
232 5134 374 5188 nostrates
394 5135 550 5215 appellant.
562 5133 644 5258 Αἱιιιιά
656 5133 827 5187 Bollandum
839 5136 911 5186 tom.
925 5133 948 5185 ll
1034 5131 1066 5203 (c)
1079 5131 1225 5187 ldatricula
1234 5132 1357 5186 sumitur
1366 5136 1427 5187 tum
1433 5149 1485 5203 pro
1497 5132 1604 5203 libello,
1618 5136 1663 5192 cui
1674 5154 1815 5210 pauperes
1894 5130 1897 5143 '

129 5203 224 5267 Febr..
245 5219 312 5274 pag.
333 5208 393 5272 105,
410 5223 439 5259 m
460 5206 565 5275 scripto
612 5204 699 5259 eurici
718 5203 828 5258 abbatis
847 5203 948 5258 Centu·
999 5203 1124 5258 ecclosias
1141 5203 1301 5274 sumptibus
1315 5203 1412 5258 alendi
1428 5203 1666 5274 inscribebantur,
1683 5225 1813 5281 cumpro

128 5275 231 5329 tensis:
248 5275 319 5330 Sunt
333 5276 372 5329 ibi
383 5277 492 5331 clibano
505 5277 641 5338 tredecim,
657 5290 717 5345 quae
731 5274 851 5329 reddunt
862 5289 948 5331 unum
999 5274 1066 5345 ipsis
1079 5291 1094 5329 e
1117 5275 1188 5342 enis,
1205 5277 1237 5328 ut
1248 5274 1302 5328 hoc
1317 5275 1389 5329 loco.
1402 5274 1470 5328 Vide
1485 5275 1655 5346 Gregorium
1670 5280 1814 5336 Turonen-

129 5346 256 5416 quodqus
266 5362 318 5416 per
329 5362 433 5401 onnam
446 5347 534 5401 decem
547 5347 647 5401 solidos
661 5350 686 5401 ct
699 5344 791 5417 ponec
807 5349 947 5409 trecentos,
999 5363 1068 5413 sem,
1086 5291 1133 5401 nb.
1151 5363 1170 5401 ιι
1182 5345 1276 5401 Mirae.
1294 5345 1384 5400 sancti
1397 5344 1519 5413 ldartini,
1536 5363 1559 5401 c.
1572 5350 1615 5403 22.
1836 5355 1838 5359 “

128 5420 242 5485 {tritones
262 5419 293 5470 in
313 5418 417 5472 litantis
440 5418 650 5487 unumquodque
678 5418 803 5486 tutotuto.
826 5415 879 5471 Ubi
906 5416 949 5471 vir
1036 5416 1241 5487 (dlldisson'um
1256 5431 1467 5487 nonnunquam
1487 5416 1618 5490 designat
1634 5419 1814 5475 donariuma

129 5487 314 5542 doctissimus
323 5488 454 5556 llatones,
463 5489 608 5560 placentas
619 5489 832 5558 interpretatur.
840 5487 950 5542 Udalri·
999 5488 1089 5560 princi
1112 5487 1273 5553 emissum,
1288 5487 1358 5542 alias
1373 5488 1514 5543 concham
1533 5490 1688 5558 modicam,
1709 5491 1737 5543 in
1757 5504 1813 5559 qua

130 5576 189 5625 cus,
208 5558 238 5612 in
257 5557 682 5626 lib.11ssonsuetud.Clnniac.,
700 5575 762 5629 cap.
777 5559 794 5612 4
813 5575 819 5614 :
840 5560 894 5614 Pro
915 5558 949 5614 si·
999 5506 1109 5628 aliquis
1120 5557 1240 5629 liquoris
1254 5559 1413 5630 reponitur.
1428 5559 1490 5625 Quo
1508 5577 1593 5617 sensu
1617 5561 1664 5616 hio
1683 5558 1814 5631 usurpari

172 5627 359 5699 ofladonum,
368 5630 470 5701 inquit,
476 5630 828 5701 premissopcnerottpunis
836 5632 947 5694 etrusci,
997 5629 1119 5683 ridetur.

131 5646 234 5756 {guno
246 5716 331 5756 manu
343 5717 432 5757 omnes
443 5703 541 5771 digitos
552 5703 665 5771 inflecte,
677 5705 703 5757 et
713 5703 870 5758 itomanam
883 5716 949 5757 coeo
1035 5698 1068 5770 (e)
1083 5699 1187 5757 Cannae
1201 5703 1266 5757 sunt
1278 5700 1391 5759 fiscella
1404 5719 1453 5758 seu
1466 5717 1533 5759 vasa
1546 5698 1680 5756 viminea.

132 5776 156 5827 ct
165 5773 197 5828 tn
209 5775 378 5845 supofidem
393 5774 506 5830 alterius
517 5788 598 5843 poue.
