3884 6150
192 263 247 329 att
584 259 750 318 hPPliNlllll
769 257 814 313 ab
832 257 944 313 oram
963 254 1080 315 saner!
1100 256 1251 314 GERMANI
1269 255 1484 314 raalslarls1s.
1830 253 1882 311 alo

193 361 296 449 gamus
311 375 341 431 et
352 370 487 447 petimus,
503 369 544 426 uti
557 370 676 439 accepta
690 365 798 423 habeas
809 366 839 420 et
854 363 1009 421 benedicas
1020 375 1050 450 Α
1060 365 1303 437 omnipotentem,
1319 363 1371 418 tibi
1385 362 1492 436 gratias
1517 363 1592 437 egit;
1607 363 1764 433 benedixit,
1775 362 1881 439 lragit;

194 470 256 526 haec
271 469 358 535 dona,
371 467 432 523 haee
447 462 656 530 munerabor
672 461 772 516 sancto
783 457 923 515 sacrificia
942 457 1008 513 inli·
1060 458 1140 513 dedit
1150 458 1295 530 discipulis
1306 458 1375 525 suis,
1386 457 1484 514 dicens
1495 474 1501 512 :
1514 457 1641 530 Accipite
1651 459 1881 516 etmenducata:

194 564 263 619 bata
279 581 286 618 z
300 562 329 616 in
350 557 451 632 primis
466 574 530 629 quae
546 555 597 611 tibi
618 554 766 610 offerimus
779 569 832 625 pro
847 555 897 607 tua
911 554 1012 608 sancta
1060 553 1117 607 lloc
1133 556 1175 607 est
1186 552 1266 607 enim
1279 568 1503 624 corpusmeum.
1518 552 1612 608 Simili
1625 552 1712 610 modo
1726 557 1881 626 postquam

194 656 318 713 Ecclesia
328 652 481 718 catholira3
497 665 585 722 quam
596 648 757 720 pacificare,
773 645 928 714 custodire,
942 645 1012 700 adu·
1061 649 1205 703 coenatum
1215 649 1267 714 est,
1278 645 1388 718 accepit
1403 648 1432 700 et
1445 647 1520 701 hone
1532 646 1705 719 praeclarum
1717 646 1840 703 calicem
1853 646 1884 703 in

195 766 264 806 nare
274 752 302 803 et
312 744 549 818 regeredigneris
559 745 619 798 toto
631 741 700 796 orbe
710 744 864 807 terramm,
875 755 934 794 una
944 754 1010 793 enm
1061 744 1175 795 sanctas
1187 743 1216 795 et
1228 740 1408 795 venerabiles
1420 756 1524 795 manus
1536 757 1616 808 suas;
1625 741 1697 796 item
1710 740 1762 797 tibi
1775 741 1886 814 gratias

195 842 330 901 omnihus
342 836 509 893 orthodoxis
531 839 617 908 atque
631 833 795 906 apostolico
811 832 879 887 lldei
893 831 1009 887 cultori·
1062 850 1162 906 agens,
1177 833 1335 900 benedixit,
1350 833 1430 888 dedit
1443 833 1588 906 discipulis
1603 834 1670 903 suis,
1690 834 1791 890 dicens
1808 849 1816 890 ι
1831 837 1883 891 Ae·

193 937 256 992 bus.
271 934 425 999 Memento,
441 929 575 996 Domine,
587 927 681 1002 327
700 928 877 982 famulorum
890 926 1014 980 lamule·
1062 928 1147 999 cipite
1158 931 1186 982 et
1196 926 1325 982 bibiteex
1338 928 1513 983 hocomnes.
1528 929 1578 984 llic
1589 932 1632 983 est
1645 928 1725 984 enim
1738 928 1813 984 calix
1823 946 1886 985 san·

194 1019 932 1103 rumquetuarum,etomniumcircumadstantium
944 1035 1013 1091 quo-
1063 1021 1158 1092 guinis
1174 1021 1242 1090 mei,
1260 1020 1324 1075 novi
1345 1024 1373 1075 et
1386 1021 1486 1076 aeterni
1505 1022 1692 1089 Testamenti,
1711 1023 1884 1095 mysterium

194 1140 258 1179 rum
273 1120 323 1178 tibi
334 1121 406 1176 lldes
418 1117 534 1191 cognita
549 1121 601 1184 est,
612 1120 641 1171 et
650 1119 720 1171 nota
731 1113 845 1193 devotio
858 1112 948 1185 :⁸qui
960 1110 1012 1167 tibi
1063 1115 1140 1181 fidei,
1155 1115 1203 1186 qui
1216 1131 1268 1186 pro
1282 1115 1362 1171 vobis
1384 1118 1412 1170 et
1427 1131 1479 1188 pro
1499 1114 1596 1171 multis
1612 1115 1780 1171 ellundetur
1794 1116 1824 1171 in
1843 1131 1886 1172 re·

194 1217 320 1274 ollerunt
332 1216 386 1270 boe
401 1211 572 1268 sacrificium
588 1209 681 1264 landis
697 1226 747 1280 pro
764 1225 804 1275 se,
821 1207 936 1279 suisque
949 1223 1012 1262 om·
1063 1208 1231 1263 missionem
1242 1212 1436 1280 peccatorum.
1453 1210 1518 1264 llaec
1534 1208 1794 1282 quotienscumque
1807 1209 1884 1266 lece·

194 1311 287 1378 nibus,
299 1326 351 1381 pro
365 1305 566 1377 redemptione
581 1303 746 1359 animarum
758 1317 885 1368 suarum,
897 1315 949 1372 pro
963 1316 1014 1372 spe
1063 1301 1886 1378 tis,inmeimemoriamlacietlsdndeetmemores328

195 1404 292 1460 salutis
307 1407 336 1458 et
354 1398 558 1456 incolumitatis
570 1413 643 1459 suae:
661 1395 713 1451 tibi
734 1395 860 1450 reddunt
878 1396 943 1449 vota
963 1410 1015 1448 sua
1064 1412 1173 1463 sumus,
1186 1395 1319 1465 Domine,
1335 1413 1387 1450 nos
1399 1396 1441 1450 tui
1454 1396 1538 1463 servi,
1546 1395 1596 1451 sed
1612 1399 1642 1451 et
1650 1396 1732 1468 plebs
1742 1399 1797 1452 tua
1807 1413 1886 1453 sanc-

195 1502 304 1554 aeterno
322 1497 392 1560 Deo,
409 1493 471 1548 vivo
494 1496 523 1547 et
541 1508 620 1546 vero.
638 1488 894 1547 communicantes
914 1487 964 1542 sed
986 1490 1015 1542 et
1066 1492 1104 1556 to,
1119 1488 1223 1544 Christi
1236 1488 1299 1544 Filii
1312 1489 1352 1544 lui
1366 1489 1481 1545 Domini
1493 1490 1584 1545 nostri
1599 1491 1765 1547 tambeatoe
1775 1491 1885 1562 passie-

194 1590 368 1647 memoriam
391 1588 563 1642 venerantes
579 1584 608 1640 in
624 1583 725 1657 primis
741 1581 873 1653 gloriosae
897 1596 1015 1652 semper
1066 1583 1119 1649 nis,
1140 1598 1253 1637 necnon
1271 1587 1298 1638 et
1317 1582 1352 1638 ab
1371 1582 1470 1638 inferis
1490 1581 1719 1652 resurrectionis,
1737 1582 1792 1640 sed
1813 1587 1842 1638 et
1856 1584 1888 1639 in

195 1682 313 1755 virginis
324 1681 420 1738 Mariae
434 1678 581 1751 genitricis
594 1677 645 1732 Dei
663 1680 691 1731 et
714 1674 830 1731 [lumini
844 1674 935 1729 nostri
948 1676 1014 1730 Jesu
1066 1677 1150 1731 caelos
1175 1676 1307 1747 gloriosae
1332 1676 1508 1732 ascensionis
1531 1695 1538 1732 :
1565 1677 1715 1733 offerimus
1737 1676 1889 1750 praeclarae

194 1777 307 1843 Christi,
318 1775 370 1831 sed
384 1776 413 1829 et
424 1774 575 1828 beatorum
593 1770 790 1842 apostolorum
807 1785 840 1823 ae
851 1770 1012 1840 martyrum
1024 1745 1053 1817 Β
1063 1769 1201 1841 Majestati
1215 1769 1250 1824 de
1262 1770 1317 1825 tuis
1327 1769 1410 1826 donis
1421 1787 1453 1825 ac
1466 1769 1540 1825 datis
1549 1771 1673 1827 bostiam
1687 1787 1805 1843 puram,
1818 1772 1888 1826 bos·

195 1877 310 1928 tuorum
338 1867 423 1934 Petri,
448 1866 539 1933 Pauli,
566 1865 699 1930 hndrcre,
722 1862 830 1929 iacobi,
862 1861 1012 1930 lobannis,
1064 1864 1134 1918 tiam
1148 1865 1287 1929 sanctam,
1301 1864 1788 1936 hostiamimmaculatam,panem
1804 1880 1888 1920 sanc-

195 1966 322 2029 Thomoe,
345 1961 453 2027 iacobi,
482 1958 615 2030 Philippi,
644 1954 1014 2023 ssa1·tnolomaei,llatthai,
1065 1956 1208 2013 tumvitee
1221 1960 1389 2025 aeteramet
1404 1957 1523 2013 calicem
1539 1958 1638 2013 salutis
1654 1961 1817 2031 perpetuae.
1834 1959 1887 2014 Su·

194 2059 331 2123 Simonis,
348 2062 377 2114 et
390 2056 508 2125 Tathaei,
518 2055 591 2124 Lini,
606 2054 728 2122 hncleti,
743 2052 909 2119 Clementis,
928 2051 1013 2123 Systi‚
1065 2067 1117 2123 pra
1130 2066 1193 2122 quea
1206 2050 1330 2123 propitio
1350 2067 1383 2105 ac
1394 2067 1497 2108 sereno
1510 2053 1589 2107 vultu
1606 2050 1734 2124 aspicere
1750 2051 1888 2124 dignare,

195 2155 313 2222 Cornili,
326 2151 473 2225 Cypriani,
492 2149 638 2217 Laurenti,
653 2146 815 2219 crisogoni,
831 2145 971 2203 iohannis
986 2149 1016 2200 et
1065 2148 1094 2198 ct
1111 2146 1227 2216 accepta
1252 2144 1369 2211 habere,
1394 2145 1474 2199 sicuti
1491 2149 1607 2217 accepta
1627 2145 1736 2200 habere
1750 2145 1889 2217 dignatus

194 2248 284 2317 Pauli,
299 2248 411 2304 Cosmus
426 2248 456 2300 et
467 2242 611 2310 Damiani,
627 2241 744 2310 Helarii,
757 2239 880 2306 Martini,
900 2241 928 2293 et
950 2254 1014 2294 om·
1065 2254 1096 2292 es
1111 2253 1232 2292 munera
1247 2237 1327 2308 pueri
1347 2237 1389 2293 tui
1402 2238 1471 2309 justi
1490 2239 1571 2306 Abel,
1593 2241 1622 2293 et
1642 2238 1817 2295 sacrillcium
1840 2255 1888 2311 pa-

197 2345 277 2399 nium
288 2343 454 2396 sanctorum
472 2342 596 2403 tuorum,
612 2351 735 2407 quorum
750 2333 861 2389 meritis
872 2332 1017 2403 precibus·
1066 2329 1198 2385 triarchas
1210 2330 1439 2399 nostrihbrahaa‚
1452 2334 1480 2386 et
1490 2332 1568 2403 quod
1581 2331 1633 2387 tibi
1643 2331 1889 2387 obtulitsummus

196 2452 253 2509 que
269 2433 410 2490 concedas
424 2436 456 2486 ut
470 2432 499 2486 in
513 2429 649 2486 omnibus
673 2425 860 2499 protectionis
882 2428 939 2480 ture
955 2442 1017 2480 mu-
1066 2423 1200 2479 sacerdos
1223 2427 1289 2478 tuus
1309 2424 1527 2493 Melchisedech,
1551 2429 1681 2480 sanetum
1701 2425 1905 2494 sacrificium,'

198 2525 439 2586 niamurauxilio.
454 2526 508 2580 Per
525 2522 670 2580 Christum
688 2520 847 2577 Dominum
872 2521 1014 2574 nostrum.
1066 2516 1284 2573 immaculatam
1307 2517 1443 2573 hostiam.
1469 2517 1617 2591 Supplices
1636 2520 1663 2573 te
1683 2535 1837 2591 rogamus,
1861 2522 1890 2573 et

232 2620 407 2692 Mancigitur
419 2617 604 2675 oblationem
620 2614 765 2670 servitutis
787 2615 904 2681 nostrae,
922 2612 973 2667 scd
987 2615 1017 2667 et
1067 2610 1202 2682 petimus,
1214 2611 1399 2683 omnipotens
1412 2612 1496 2679 licus,
1508 2611 1578 2684 jube
1589 2612 1711 2683 perferri
1720 2628 1891 2684 parmenus

196 2718 307 2773 cunetae
320 2713 440 2770 familiar
457 2715 513 2767 ture
524 2711 623 2783 (quam
636 2709 688 2765 tibi
704 2707 853 2763 ollerimus
863 2706 892 2761 in
905 2706 1017 2761 honore
1067 2704 1158 2759 sancti
1171 2704 1266 2775 angeli
1279 2705 1320 2759 tui
1335 2705 1365 2760 in
1380 2704 1495 2760 sublimi
1511 2705 1593 2760 altari
1606 2709 1666 2774 tuo,
1684 2704 1713 2760 in
1729 2708 1889 2778 conspectu

196 2813 302 2872 Domni
316 2811 394 2869 beati
410 2809 545 2882 martyris
560 2807 602 2863 tui
617 2807 657 2862 ill.
674 2810 703 2861 et
715 2822 767 2878 pro
782 2804 908 2877 peccatis
930 2807 1017 2875 atque
1068 2797 1172 2852 divinia
1193 2797 1345 2868 Maiestatis
1361 2800 1433 2865 tuae,
1452 2802 1482 2852 ut
1501 2802 1643 2870 quotquot
1664 2816 1700 2854 ex
1724 2799 1783 2855 boe
1804 2798 1889 2855 altari

199 2901 406 2959 ollensionibus
425 2897 547 2961 nostris;
569 2899 600 2951 ιιι
620 2894 752 2950 omnium
770 2893 942 2948 delictorum
964 2909 1017 2948 no·
1068 2890 1303 2946 sanctificationis
1313 2896 1528 2947 sacrosanctum
1542 2891 1602 2947 Filii
1616 2892 1657 2947 tui
1667 2909 1773 2965 corpus
1782 2894 1812 2949 et
1823 2909 1891 2949 san·

198 3001 324 3053 atrorum
340 2992 543 3047 remissionem
557 2988 695 3059 consequi
708 2985 895 3057 mereamur),
909 3002 1019 3058 quoesu-
1068 2982 1187 3055 guinem
1200 2984 1418 3055 sumpserimus,
1430 2985 1511 3041 omni
1525 2985 1727 3041 benedictione
1738 2986 1849 3042 calesti
1861 2989 1891 3041 et

197 3104 273 3155 mus,
299 3085 421 3141 llomino
446 3087 476 3138 ut
495 3084 624 3154 placatus
642 3079 789 3151 suscipias,
814 3079 933 3151 diesque
956 3096 1019 3136 nos
1070 3078 1162 3149 gratia
1176 3078 1350 3151 repleamur.
1359 3079 1563 3135 Pchhristum
1574 3079 1731 3135 [lominum
1744 3083 1889 3137 nostrum.

199 3185 258 3237 tros
272 3179 302 3237 in
314 3182 363 3233 tua
376 3194 446 3249 paee
460 3175 607 3247 disponas,
621 3176 709 3246 atque
726 3172 762 3228 ab
775 3175 885 3228 aterna
898 3172 1019 3229 damna·
1104 3170 1248 3225 Memento
1265 3171 1362 3239 etiam,
1383 3172 1516 3240 llomine,
1531 3175 1673 3228 eteorum
1685 3170 1825 3246 (Nomina)
1842 3173 1891 3246 qui

198 3275 278 3331 tione
296 3287 350 3328 nos
372 3270 487 3343 eripias,
505 3274 534 3324 et
552 3267 583 3322 in
604 3268 763 3322 electorum
785 3268 902 3322 tuorum
917 3266 1020 3337 jubeas
1069 3281 1122 3319 nos
1133 3268 1341 3336 precesserunt
1356 3282 1421 3320 cum
1437 3266 1520 3337 signo
1545 3265 1623 3334 lldcl,
1638 3269 1667 3322 et
1688 3264 1841 3323 dormiunt
1860 3265 1890 3323 in

199 3384 288 3441 grege
298 3363 460 3422 numerari.
475 3365 531 3418 Per
540 3360 686 3418 Christum
701 3358 859 3416 Dominum
877 3363 1018 3416 nostrum.
1070 3374 1172 3412 somno
1187 3357 1275 3429 pacis.
1287 3358 1367 3430 lpsis,
1383 3359 1517 3428 llomine,
1537 3363 1567 3415 et
1579 3360 1714 3415 omnibus
1729 3360 1759 3415 in
1773 3334 1891 3417 Christo

234 3457 513 3527 Quamoblationem
528 3459 558 3511 tu
567 3453 831 3521 Deusinomnibus,
843 3469 1019 3525 quesumus,
1070 3451 1282 3523 quiescentibus
1294 3453 1390 3508 locum
1403 3453 1558 3526 refrigerii,
1572 3453 1642 3508 lucis
1657 3456 1687 3508 et
1704 3452 1784 3526 pacis
1799 3458 1833 3509 ut
1845 3454 1888 3510 in·

199 3554 394 3617 benedictam,
405 3550 570 3624 ascriptam,
578 3551 683 3616 ratam,
695 3547 1018 3619 rationabilem,aecep-
1070 3544 1189 3617 dulgeas
1204 3544 1404 3616 deprecamur,
1419 3563 1471 3617 per
1491 3547 1637 3603 Christum
1653 3547 1813 3604 Dominum
1838 3565 1890 3604 no-

201 3648 379 3716 habilemque
387 3646 481 3700 lacere
488 3644 693 3715 dignamque
700 3642 785 3697 nobis
797 3657 900 3712 corpus
915 3643 1020 3695 etsan-
1070 3643 1171 3693 strum.
1188 3638 1275 3693 Nobis
1287 3656 1402 3711 quoque
1416 3641 1614 3712 peecatoribus
1629 3641 1748 3696 famulis
1767 3641 1838 3709 tuis,
1853 3641 1890 3698 de

201 3740 264 3812 guis
279 3740 330 3793 ssat
343 3736 519 3793 dilectissimi
532 3736 594 3791 Filii
606 3735 657 3801 tul,
672 3734 787 3791 Domini
797 3737 895 3789 autem
909 3734 959 3789 Dei
971 3751 1021 3789 no-
1070 3731 1255 3787 multitudine
1264 3730 1483 3790 miserationum
1493 3737 1609 3790 tuarum
1621 3733 1817 3806 sperantibus,
1823 3751 1888 3807 par-

201 3833 252 3889 stri
262 3834 329 3887 iesu
342 3830 455 3887 Christi.
468 3829 521 3895 Qui
533 3828 625 3900 pridie
636 3844 724 3898 quani
738 3829 895 3898 pateretur,
910 3827 1022 3899 accepit
1069 3829 1128 3881 tem
1143 3824 1269 3897 aliquam
1286 3829 1315 3881 et
1327 3826 1496 3885 societatem
1507 3828 1616 3884 donare
1632 3827 1771 3901 digneris.

201 3942 308 3999 panem
324 3924 353 3980 in
367 3928 481 3980 sanctas
496 3939 529 3978 ac
543 3920 723 3977 venerabiles
736 3936 841 3975 manus
855 3936 940 3987 suas;
962 3921 1019 3975 ele·
1106 3920 1207 3978 Cetera
1225 3919 1331 3976 desunt.

202 4019 273 4076 vatis
287 4018 375 4075 oculis
389 4017 447 4073 suis
454 4016 491 4073 ad
500 4016 602 4072 eaelum
616 4014 653 4069 ad
664 4017 692 4068 lo
707 4014 797 4069 ileum
807 4016 923 4069 Patrem
937 4031 1020 4069 suum

238 4192 350 4246 ⁸Deest
362 4187 418 4254 bic,
434 4188 466 4239 ιιι
480 4184 509 4239 ιιι
525 4181 622 4238 multis
637 4181 710 4249 aliis,
727 4182 805 4253 quod
820 4198 896 4237 nunc
909 4181 963 4237 hoc
978 4182 1041 4239 loeo
1059 4178 1221 4251 inserimus,
1233 4199 1284 4255 pro
1301 4185 1398 4255 quibas
1411 4185 1461 4240 tibi
1476 4184 1621 4255 offerimus
1636 4185 1744 4257 estqui
1758 4186 1822 4251 tibi,
1836 4187 1891 4241 etc.

969 4583 1128 4666 VETUS

435 4769 889 4908 missaha
957 4766 1666 4908 adseruandos.

355 5160 374 5212 l.
396 5172 473 5213 aissa
494 5171 586 5211 sanan
606 5170 725 5211 canaam
745 5170 871 5211 ariscorr.
1032 5164 1062 5238 Ι)
1412 5150 1547 5203 collectio.

239 5252 638 5332 329.tlenerabilemdiem
650 5256 737 5326 etque
747 5253 1023 5322 sublimem,lratres
1106 5251 1216 5309 Gratias
1230 5252 1280 5307 tibi
1297 5251 1420 5323 agimus,
1434 5252 1618 5323 omnipotens
1632 5252 1718 5320 Deus,
1732 5267 1787 5322 pro
1809 5252 1902 5309 virtu-

202 5348 353 5418 carissimi,
370 5351 505 5420 prompta
525 5348 678 5404 devotione
694 5348 881 5414 celebremus,
909 5345 1020 5401 miseri-
1072 5344 1644 5401 tibusbeatissimiGermaniantistitistui
1656 5361 1663 5400 z
1675 5345 1796 5416 quassi,
1810 5346 1901 5402 Pater

202 5444 332 5503 cordiam
357 5440 472 5498 Domini
498 5441 588 5497 nostri
614 5440 781 5513 suppliciter
802 5443 964 5507 exorantes,
990 5443 1023 5494 ut
1073 5439 1267 5512 omnipotens,
1281 5455 1340 5493 non
1354 5438 1499 5494 immerito
1514 5436 1647 5502 tribuisti,
1658 5437 1767 5510 quiate
1780 5442 1901 5511 aposto-

200 5535 357 5598 beatissimi
366 5535 503 5592 Germani
510 5534 681 5590 antistitiset
691 5533 863 5591 confessoris
872 5534 924 5603 sui,
941 5533 1021 5605 cujus
1072 5532 1126 5587 lica
1138 5533 1318 5589 consessione
1325 5533 1410 5588 rebus
1419 5532 1552 5588 omnibus
1561 5531 1747 5604 plusamarit.
1756 5531 1901 5589 Discussit

201 5632 334 5704 exempla
349 5628 499 5695 miramur,
516 5627 570 5682 etsi
584 5628 694 5699 aequari
707 5628 788 5684 lactis
801 5628 862 5700 ejus
881 5645 938 5685 oon
954 5645 1020 5700 pos·
1072 5643 1089 5680 a
1104 5643 1133 5680 se
1147 5626 1268 5695 divitias,
1286 5630 1317 5681 ut
1333 5630 1502 5699 paupertate
1515 5624 1631 5698 spiritns
1643 5626 1782 5681 caelorum
1802 5642 1900 5698 regna

201 5744 309 5794 sumus,
323 5723 425 5781 saltem
445 5720 566 5795 vestigia
584 5720 675 5794 sequi,
691 5725 720 5777 et
743 5721 829 5777 ildem
851 5723 933 5779 nobis
955 5740 1022 5779 cori·
1072 5720 1287 5776 conscenderet.
1301 5719 1549 5776 Mansuetudinem
1564 5718 1666 5788 tenuit,
1682 5721 1837 5775 ulterram
1852 5719 1897 5774 sui

202 5823 296 5895 tingat
307 5817 423 5879 imitari.
438 5818 493 5875 Per
505 5818 588 5873 llom.
1072 5813 1199 5889 corporis
1211 5812 1551 5888 spiritaliterpossideret.
1562 5806 1841 5887 hugaredeleclatus
1849 5818 1895 5873 est
