<?xml version="1.0" encoding="UTF-8"?>
<!DOCTYPE html PUBLIC "-//W3C//DTD XHTML 1.0 Transitional//EN"
    "http://www.w3.org/TR/xhtml1/DTD/xhtml1-transitional.dtd">
<html xmlns="http://www.w3.org/1999/xhtml" xml:lang="en" lang="en">
 <head>
  <title>
</title>
<meta http-equiv="Content-Type" content="text/html;charset=utf-8" />
  <meta name='ocr-system' content='tesseract 3.04.00' />
  <meta name='ocr-capabilities' content='ocr_page ocr_carea ocr_par ocr_line ocrx_word'/>
</head>
<body>
  <div class='ocr_page' id='page_1' title='image "./patrologiaecurs00migngoog/patrologiaecurs00migngoog_0224.png"; bbox 0 0 3878 6150; ppageno 0'>
   <div class='ocr_carea' id='block_1_1' title="bbox 334 232 1692 300">
    <p class='ocr_par' dir='ltr' id='par_1_1' title="bbox 334 232 1692 300">
     <span class='ocr_line' id='line_1_1' title="bbox 334 232 1692 300; baseline 0.007 -9"><span class='ocrx_word' id='word_1_1' title='bbox 334 233 378 291; x_wconf 76' lang='lat' dir='ltr'>Ab</span> <span class='ocrx_word' id='word_1_2' title='bbox 399 233 643 291; x_wconf 66' lang='lat' dir='ltr'>tumultuatum</span> <span class='ocrx_word' id='word_1_3' title='bbox 661 232 828 288; x_wconf 84' lang='lat' dir='ltr'>LlTURGhE</span> <span class='ocrx_word' id='word_1_4' title='bbox 846 232 1054 289; x_wconf 69' lang='lat' dir='ltr'>uerendum</span> <span class='ocrx_word' id='word_1_5' title='bbox 1072 234 1240 293; x_wconf 69' lang='lat' dir='ltr'>APPENDIX</span> <span class='ocrx_word' id='word_1_6' title='bbox 1259 236 1372 294; x_wconf 69' lang='lat' dir='ltr'>Palus.</span> <span class='ocrx_word' id='word_1_7' title='bbox 1640 240 1692 300; x_wconf 71' lang='lat'>4³8</span> 
     </span>
    </p>
   </div>
   <div class='ocr_carea' id='block_1_2' title="bbox 102 341 1700 5767">
    <p class='ocr_par' dir='ltr' id='par_1_2' title="bbox 102 341 1700 5767">
     <span class='ocr_line' id='line_1_2' title="bbox 110 341 1696 426; baseline 0.001 -21"><span class='ocrx_word' id='word_1_8' title='bbox 110 347 270 422; x_wconf 73' lang='lat' dir='ltr'>proculque</span> <span class='ocrx_word' id='word_1_9' title='bbox 283 346 419 403; x_wconf 90' lang='lat' dir='ltr'>habetote</span> <span class='ocrx_word' id='word_1_10' title='bbox 435 345 458 401; x_wconf 90' lang='lat' dir='ltr'>si</span> <span class='ocrx_word' id='word_1_11' title='bbox 472 361 536 418; x_wconf 79' lang='lat' dir='ltr'>quea</span> <span class='ocrx_word' id='word_1_12' title='bbox 548 343 641 400; x_wconf 87' lang='lat' dir='ltr'>liturae</span> <span class='ocrx_word' id='word_1_13' title='bbox 653 342 697 398; x_wconf 89' lang='lat' dir='ltr'>vel</span> <span class='ocrx_word' id='word_1_14' title='bbox 713 359 829 400; x_wconf 85' lang='lat' dir='ltr'>caraxa-</span> <span class='ocrx_word' id='word_1_15' title='bbox 841 351 871 426; x_wconf 74' lang='grc' dir='ltr'>Α</span> <span class='ocrx_word' id='word_1_16' title='bbox 882 341 1038 399; x_wconf 77' lang='lat' dir='ltr'>demonic</span> <span class='ocrx_word' id='word_1_17' title='bbox 1052 342 1143 398; x_wconf 83' lang='lat' dir='ltr'>Pretis</span> <span class='ocrx_word' id='word_1_18' title='bbox 1155 358 1232 409; x_wconf 72' lang='lat' dir='ltr'>mes..</span> <span class='ocrx_word' id='word_1_19' title='bbox 1244 344 1325 410; x_wconf 73' lang='lat' dir='ltr'>ibid„</span> <span class='ocrx_word' id='word_1_20' title='bbox 1343 347 1372 401; x_wconf 86' lang='lat' dir='ltr'>iu</span> <span class='ocrx_word' id='word_1_21' title='bbox 1390 346 1470 402; x_wconf 83' lang='lat' dir='ltr'>Ceno</span> <span class='ocrx_word' id='word_1_22' title='bbox 1485 348 1612 422; x_wconf 82' lang='lat' dir='ltr'><strong><em>Domini).</em></strong></span> <span class='ocrx_word' id='word_1_23' title='bbox 1629 350 1696 407; x_wconf 87' lang='lat' dir='ltr'>Post</span> 
     </span>
     <span class='ocr_line' id='line_1_3' title="bbox 102 423 1696 517; baseline 0.002 -18"><span class='ocrx_word' id='word_1_24' title='bbox 102 442 199 500; x_wconf 88' lang='lat' dir='ltr'>inhoc</span> <span class='ocrx_word' id='word_1_25' title='bbox 212 444 385 498; x_wconf 84' lang='lat' dir='ltr'>testamento</span> <span class='ocrx_word' id='word_1_26' title='bbox 400 456 466 497; x_wconf 94' lang='lat' dir='ltr'>meo</span> <span class='ocrx_word' id='word_1_27' title='bbox 482 444 559 508; x_wconf 89' lang='lat' dir='ltr'>sunt,</span> <span class='ocrx_word' id='word_1_28' title='bbox 568 456 625 513; x_wconf 85' lang='lat' dir='ltr'>ege</span> <span class='ocrx_word' id='word_1_29' title='bbox 638 438 693 494; x_wconf 83' lang='lat' dir='ltr'>leci</span> <span class='ocrx_word' id='word_1_30' title='bbox 707 439 829 511; x_wconf 88' lang='lat' dir='ltr'>flerique</span> <span class='ocrx_word' id='word_1_31' title='bbox 880 434 1008 491; x_wconf 80' lang='lat' dir='ltr'><strong>Primam</strong></span> <span class='ocrx_word' id='word_1_32' title='bbox 1019 435 1152 492; x_wconf 89' lang='lat' dir='ltr'>dicentur</span> <span class='ocrx_word' id='word_1_33' title='bbox 1162 441 1274 511; x_wconf 81' lang='lat' dir='ltr'>septem</span> <span class='ocrx_word' id='word_1_34' title='bbox 1286 423 1400 512; x_wconf 77' lang='lat' dir='ltr'>psalmi,</span> <span class='ocrx_word' id='word_1_35' title='bbox 1412 443 1441 496; x_wconf 90' lang='lat' dir='ltr'>et</span> <span class='ocrx_word' id='word_1_36' title='bbox 1451 442 1583 512; x_wconf 88' lang='lat' dir='ltr'>Letania;</span> <span class='ocrx_word' id='word_1_37' title='bbox 1595 448 1696 517; x_wconf 86' lang='lat' dir='ltr'>postea</span> 
     </span>
     <span class='ocr_line' id='line_1_4' title="bbox 102 528 1696 611; baseline 0.001 -17"><span class='ocrx_word' id='word_1_38' title='bbox 102 536 148 611; x_wconf 89' lang='lat' dir='ltr'>pi,</span> <span class='ocrx_word' id='word_1_39' title='bbox 169 537 240 592; x_wconf 90' lang='lat' dir='ltr'>dum</span> <span class='ocrx_word' id='word_1_40' title='bbox 263 535 334 591; x_wconf 91' lang='lat' dir='ltr'>mihi</span> <span class='ocrx_word' id='word_1_41' title='bbox 357 533 460 607; x_wconf 75' lang='lat' dir='ltr'>sepius</span> <span class='ocrx_word' id='word_1_42' title='bbox 481 533 557 589; x_wconf 89' lang='lat' dir='ltr'>volui</span> <span class='ocrx_word' id='word_1_43' title='bbox 583 531 735 589; x_wconf 85' lang='lat' dir='ltr'>recenseri.</span> <span class='ocrx_word' id='word_1_44' title='bbox 755 531 830 588; x_wconf 80' lang='lat' dir='ltr'>ndei</span> <span class='ocrx_word' id='word_1_45' title='bbox 880 528 1026 585; x_wconf 80' lang='lat' dir='ltr'>veniemus</span> <span class='ocrx_word' id='word_1_46' title='bbox 1055 547 1164 586; x_wconf 84' lang='lat' dir='ltr'>sessum</span> <span class='ocrx_word' id='word_1_47' title='bbox 1190 531 1285 606; x_wconf 89' lang='lat'>467</span> <span class='ocrx_word' id='word_1_48' title='bbox 1310 532 1341 587; x_wconf 96' lang='lat' dir='ltr'>in</span> <span class='ocrx_word' id='word_1_49' title='bbox 1366 534 1500 591; x_wconf 89' lang='lat' dir='ltr'>claustro.</span> <span class='ocrx_word' id='word_1_50' title='bbox 1526 537 1696 595; x_wconf 80' lang='lat' dir='ltr'>Sacerdotes</span> 
     </span>
     <span class='ocr_line' id='line_1_5' title="bbox 121 622 1694 701; baseline 0.001 -14"><span class='ocrx_word' id='word_1_51' title='bbox 121 631 268 700; x_wconf 88' lang='lat' dir='ltr'>constitui,</span> <span class='ocrx_word' id='word_1_52' title='bbox 286 629 390 701; x_wconf 88' lang='lat' dir='ltr'>siquis</span> <span class='ocrx_word' id='word_1_53' title='bbox 409 631 509 685; x_wconf 88' lang='lat' dir='ltr'>contm</span> <span class='ocrx_word' id='word_1_54' title='bbox 528 629 605 682; x_wconf 90' lang='lat' dir='ltr'>hunc</span> <span class='ocrx_word' id='word_1_55' title='bbox 623 630 830 683; x_wconf 88' lang='lat' dir='ltr'>testamentum</span> <span class='ocrx_word' id='word_1_56' title='bbox 880 622 963 678; x_wconf 84' lang='lat' dir='ltr'>ibunt</span> <span class='ocrx_word' id='word_1_57' title='bbox 980 623 1087 679; x_wconf 87' lang='lat' dir='ltr'>dictum</span> <span class='ocrx_word' id='word_1_58' title='bbox 1108 624 1209 680; x_wconf 87' lang='lat' dir='ltr'>missas</span> <span class='ocrx_word' id='word_1_59' title='bbox 1227 642 1302 696; x_wconf 88' lang='lat' dir='ltr'>suas,</span> <span class='ocrx_word' id='word_1_60' title='bbox 1321 630 1350 682; x_wconf 91' lang='lat' dir='ltr'>et</span> <span class='ocrx_word' id='word_1_61' title='bbox 1370 644 1472 684; x_wconf 92' lang='lat' dir='ltr'>omnes</span> <span class='ocrx_word' id='word_1_62' title='bbox 1491 630 1599 688; x_wconf 87' lang='lat' dir='ltr'>dehent</span> <span class='ocrx_word' id='word_1_63' title='bbox 1621 635 1694 689; x_wconf 90' lang='lat' dir='ltr'>cele·</span> 
     </span>
     <span class='ocr_line' id='line_1_6' title="bbox 102 717 1515 796; baseline -0.001 -15"><span class='ocrx_word' id='word_1_64' title='bbox 102 726 253 794; x_wconf 69' lang='lat' dir='ltr'>uoluerit,</span> <span class='ocrx_word' id='word_1_65' title='bbox 266 724 502 780; x_wconf 85' lang='lat' dir='ltr'>autroluntatem</span> <span class='ocrx_word' id='word_1_66' title='bbox 515 737 612 777; x_wconf 90' lang='lat' dir='ltr'>meam</span> <span class='ocrx_word' id='word_1_67' title='bbox 622 721 653 775; x_wconf 95' lang='lat' dir='ltr'>in</span> <span class='ocrx_word' id='word_1_68' title='bbox 664 720 831 793; x_wconf 81' lang='lat' dir='ltr'>aliquc&#39;cor·</span> <span class='ocrx_word' id='word_1_69' title='bbox 879 717 964 772; x_wconf 90' lang='lat' dir='ltr'>brare</span> <span class='ocrx_word' id='word_1_70' title='bbox 978 717 1025 773; x_wconf 91' lang='lat' dir='ltr'>die</span> <span class='ocrx_word' id='word_1_71' title='bbox 1040 718 1103 788; x_wconf 72' lang='lat' dir='ltr'>illa,</span> <span class='ocrx_word' id='word_1_72' title='bbox 1117 722 1146 775; x_wconf 91' lang='lat' dir='ltr'>et</span> <span class='ocrx_word' id='word_1_73' title='bbox 1159 720 1347 777; x_wconf 88' lang='lat' dir='ltr'>celebrabunt</span> <span class='ocrx_word' id='word_1_74' title='bbox 1361 720 1423 777; x_wconf 89' lang='lat' dir='ltr'>sine</span> <span class='ocrx_word' id='word_1_75' title='bbox 1437 722 1515 796; x_wconf 89' lang='lat' dir='ltr'>igne.</span> 
     </span>
     <span class='ocr_line' id='line_1_7' title="bbox 102 814 1695 902; baseline 0.007 -11"><span class='ocrx_word' id='word_1_76' title='bbox 102 817 356 890; x_wconf 59' lang='lat' dir='ltr'>fflissmpitlflfsts</span> <span class='ocrx_word' id='word_1_77' title='bbox 373 814 829 872; x_wconf 63' lang='lat' dir='ltr'>⁸⁰⁰¹¹¹¹¹1¹¹¹¹i⁰¹¹⁰⁰m¹¹il¹m⁸flfl·</span> <span class='ocrx_word' id='word_1_78' title='bbox 880 835 935 890; x_wconf 87' lang='lat' dir='ltr'>Vll.</span> <span class='ocrx_word' id='word_1_79' title='bbox 969 850 1064 892; x_wconf 76' lang='lat' dir='ltr'>ressm</span> <span class='ocrx_word' id='word_1_80' title='bbox 1100 852 1315 894; x_wconf 78' lang='lat' dir='ltr'>nsnr1ss1nonuu</span> <span class='ocrx_word' id='word_1_81' title='bbox 1353 855 1500 898; x_wconf 80' lang='lat' dir='ltr'>marmus</span> <span class='ocrx_word' id='word_1_82' title='bbox 1535 857 1695 902; x_wconf 71' lang='lat' dir='ltr'>sanaretur</span> 
     </span>
     <span class='ocr_line' id='line_1_8' title="bbox 102 909 1388 971; baseline -0.004 -1"><span class='ocrx_word' id='word_1_83' title='bbox 102 930 128 971; x_wconf 89' lang='lat' dir='ltr'>m</span> <span class='ocrx_word' id='word_1_84' title='bbox 140 917 172 970; x_wconf 90' lang='lat' dir='ltr'>et</span> <span class='ocrx_word' id='word_1_85' title='bbox 185 911 376 968; x_wconf 90' lang='lat' dir='ltr'>alimenebus</span> <span class='ocrx_word' id='word_1_86' title='bbox 389 909 572 966; x_wconf 90' lang='lat' dir='ltr'>ecclesiarum</span> <span class='ocrx_word' id='word_1_87' title='bbox 582 909 731 964; x_wconf 80' lang='lat' dir='ltr'>efficeatur</span> <span class='ocrx_word' id='word_1_88' title='bbox 740 911 831 965; x_wconf 87' lang='lat' dir='ltr'>extra·</span> <span class='ocrx_word' id='word_1_89' title='bbox 1189 924 1388 967; x_wconf 78' lang='lat' dir='ltr'>mnrnsoauu.</span> 
     </span>
     <span class='ocr_line' id='line_1_9' title="bbox 114 1001 1659 1082; baseline 0.001 -19"><span class='ocrx_word' id='word_1_90' title='bbox 114 1010 145 1064; x_wconf 90' lang='lat' dir='ltr'>et</span> <span class='ocrx_word' id='word_1_91' title='bbox 160 1007 279 1079; x_wconf 82' lang='lat' dir='ltr'>insuper</span> <span class='ocrx_word' id='word_1_92' title='bbox 296 1008 363 1061; x_wconf 88' lang='lat' dir='ltr'>ante</span> <span class='ocrx_word' id='word_1_93' title='bbox 378 1005 504 1060; x_wconf 88' lang='lat' dir='ltr'>tribunal</span> <span class='ocrx_word' id='word_1_94' title='bbox 517 1003 622 1060; x_wconf 81' lang='lat' dir='ltr'>Christi</span> <span class='ocrx_word' id='word_1_95' title='bbox 634 1003 830 1059; x_wconf 77' lang='lat' dir='ltr'>anathimatus</span> <span class='ocrx_word' id='word_1_96' title='bbox 915 1003 960 1056; x_wconf 81' lang='lat' dir='ltr'>Er</span> <span class='ocrx_word' id='word_1_97' title='bbox 972 1015 1023 1057; x_wconf 88' lang='lat' dir='ltr'>ms.</span> <span class='ocrx_word' id='word_1_98' title='bbox 1038 1001 1133 1057; x_wconf 77' lang='lat' dir='ltr'>Certim</span> <span class='ocrx_word' id='word_1_99' title='bbox 1145 1004 1200 1059; x_wconf 82' lang='lat' dir='ltr'>viri</span> <span class='ocrx_word' id='word_1_100' title='bbox 1212 1003 1359 1059; x_wconf 77' lang='lat' dir='ltr'>clarissimi</span> <span class='ocrx_word' id='word_1_101' title='bbox 1375 1005 1460 1061; x_wconf 77' lang='lat' dir='ltr'>[lirici</span> <span class='ocrx_word' id='word_1_102' title='bbox 1476 1007 1601 1065; x_wconf 80' lang='lat' dir='ltr'>Obrechti</span> <span class='ocrx_word' id='word_1_103' title='bbox 1612 1008 1659 1082; x_wconf 84' lang='lat' dir='ltr'>(d).</span> 
     </span>
     <span class='ocr_line' id='line_1_10' title="bbox 102 1094 1696 1173; baseline 0.001 -16"><span class='ocrx_word' id='word_1_104' title='bbox 102 1103 306 1157; x_wconf 73' lang='lat' dir='ltr'>aneathctum</span> <span class='ocrx_word' id='word_1_105' title='bbox 316 1098 439 1155; x_wconf 83' lang='lat' dir='ltr'>Parisios</span> <span class='ocrx_word' id='word_1_106' title='bbox 449 1098 501 1153; x_wconf 93' lang='lat' dir='ltr'>sub</span> <span class='ocrx_word' id='word_1_107' title='bbox 510 1097 732 1169; x_wconf 87' lang='lat' dir='ltr'>dicettempore</span> <span class='ocrx_word' id='word_1_108' title='bbox 744 1113 831 1169; x_wconf 90' lang='lat' dir='ltr'>snpra</span> <span class='ocrx_word' id='word_1_109' title='bbox 916 1094 1021 1150; x_wconf 88' lang='lat' dir='ltr'>Omnia</span> <span class='ocrx_word' id='word_1_110' title='bbox 1035 1095 1067 1167; x_wconf 88' lang='lat' dir='ltr'>(e)</span> <span class='ocrx_word' id='word_1_111' title='bbox 1084 1111 1148 1166; x_wconf 79' lang='lat' dir='ltr'>qua</span> <span class='ocrx_word' id='word_1_112' title='bbox 1161 1112 1179 1151; x_wconf 91' lang='lat' dir='ltr'>a</span> <span class='ocrx_word' id='word_1_113' title='bbox 1193 1097 1298 1152; x_wconf 88' lang='lat' dir='ltr'>sanctis</span> <span class='ocrx_word' id='word_1_114' title='bbox 1310 1101 1392 1169; x_wconf 86' lang='lat' dir='ltr'>gesta</span> <span class='ocrx_word' id='word_1_115' title='bbox 1407 1103 1473 1154; x_wconf 91' lang='lat' dir='ltr'>sunt</span> <span class='ocrx_word' id='word_1_116' title='bbox 1488 1102 1531 1154; x_wconf 88' lang='lat' dir='ltr'>vel</span> <span class='ocrx_word' id='word_1_117' title='bbox 1546 1106 1696 1173; x_wconf 89' lang='lat' dir='ltr'>geruntur,</span> 
     </span>
     <span class='ocr_line' id='line_1_11' title="bbox 102 1186 1699 1267; baseline 0 -16"><span class='ocrx_word' id='word_1_118' title='bbox 102 1192 534 1266; x_wconf 76' lang='lat' dir='ltr'>c.Signum†Erminethrudiae</span> <span class='ocrx_word' id='word_1_119' title='bbox 544 1190 705 1246; x_wconf 85' lang='lat' dir='ltr'>testatricis.</span> <span class='ocrx_word' id='word_1_120' title='bbox 717 1189 831 1253; x_wconf 63' lang='lat' dir='ltr'>illam·</span> <span class='ocrx_word' id='word_1_121' title='bbox 881 1186 904 1243; x_wconf 86' lang='lat' dir='ltr'>si</span> <span class='ocrx_word' id='word_1_122' title='bbox 919 1187 983 1260; x_wconf 89' lang='lat' dir='ltr'>quis</span> <span class='ocrx_word' id='word_1_123' title='bbox 995 1188 1117 1244; x_wconf 87' lang='lat' dir='ltr'>voluerit</span> <span class='ocrx_word' id='word_1_124' title='bbox 1130 1189 1256 1245; x_wconf 87' lang='lat' dir='ltr'>studiose</span> <span class='ocrx_word' id='word_1_125' title='bbox 1272 1190 1450 1262; x_wconf 90' lang='lat' dir='ltr'>perquirere,</span> <span class='ocrx_word' id='word_1_126' title='bbox 1465 1196 1493 1248; x_wconf 90' lang='lat' dir='ltr'>et</span> <span class='ocrx_word' id='word_1_127' title='bbox 1506 1193 1558 1248; x_wconf 90' lang='lat' dir='ltr'>sihi</span> <span class='ocrx_word' id='word_1_128' title='bbox 1574 1198 1602 1250; x_wconf 91' lang='lat' dir='ltr'>et</span> <span class='ocrx_word' id='word_1_129' title='bbox 1613 1196 1699 1267; x_wconf 90' lang='lat' dir='ltr'>pluri-</span> 
     </span>
     <span class='ocr_line' id='line_1_12' title="bbox 102 1281 1698 1359; baseline 0.001 -15"><span class='ocrx_word' id='word_1_130' title='bbox 102 1304 218 1354; x_wconf 69' lang='lat' dir='ltr'>cccm,</span> <span class='ocrx_word' id='word_1_131' title='bbox 242 1290 365 1359; x_wconf 89' lang='lat' dir='ltr'>rogante</span> <span class='ocrx_word' id='word_1_132' title='bbox 387 1289 416 1341; x_wconf 89' lang='lat' dir='ltr'>et</span> <span class='ocrx_word' id='word_1_133' title='bbox 439 1287 581 1357; x_wconf 81' lang='lat' dir='ltr'>prasente</span> <span class='ocrx_word' id='word_1_134' title='bbox 605 1284 829 1352; x_wconf 89' lang='lat' dir='ltr'>Ermenthrnde,</span> <span class='ocrx_word' id='word_1_135' title='bbox 880 1281 934 1337; x_wconf 90' lang='lat' dir='ltr'>mis</span> <span class='ocrx_word' id='word_1_136' title='bbox 955 1281 1152 1337; x_wconf 76' lang='lat' dir='ltr'>aedificationis</span> <span class='ocrx_word' id='word_1_137' title='bbox 1169 1283 1284 1338; x_wconf 79' lang='lat' dir='ltr'>exhibet</span> <span class='ocrx_word' id='word_1_138' title='bbox 1304 1285 1440 1340; x_wconf 84' lang='lat' dir='ltr'>fructum.</span> <span class='ocrx_word' id='word_1_139' title='bbox 1462 1287 1497 1341; x_wconf 88' lang='lat' dir='ltr'>Et</span> <span class='ocrx_word' id='word_1_140' title='bbox 1515 1287 1588 1343; x_wconf 87' lang='lat' dir='ltr'>sicut</span> <span class='ocrx_word' id='word_1_141' title='bbox 1611 1290 1698 1345; x_wconf 87' lang='lat' dir='ltr'>arhor</span> 
     </span>
     <span class='ocr_line' id='line_1_13' title="bbox 104 1375 1698 1454; baseline 0 -16"><span class='ocrx_word' id='word_1_142' title='bbox 104 1383 308 1439; x_wconf 83' lang='lat' dir='ltr'>testamentum</span> <span class='ocrx_word' id='word_1_143' title='bbox 322 1381 397 1435; x_wconf 92' lang='lat' dir='ltr'>subs.</span> <span class='ocrx_word' id='word_1_144' title='bbox 409 1380 534 1451; x_wconf 88' lang='lat' dir='ltr'>Scupilio</span> <span class='ocrx_word' id='word_1_145' title='bbox 546 1379 696 1450; x_wconf 86' lang='lat' dir='ltr'>spatarius,</span> <span class='ocrx_word' id='word_1_146' title='bbox 708 1382 830 1449; x_wconf 89' lang='lat' dir='ltr'>rogante</span> <span class='ocrx_word' id='word_1_147' title='bbox 882 1375 1029 1432; x_wconf 76' lang='lat' dir='ltr'>fructifera</span> <span class='ocrx_word' id='word_1_148' title='bbox 1042 1393 1101 1431; x_wconf 90' lang='lat' dir='ltr'>non</span> <span class='ocrx_word' id='word_1_149' title='bbox 1112 1376 1173 1431; x_wconf 91' lang='lat' dir='ltr'>sine</span> <span class='ocrx_word' id='word_1_150' title='bbox 1190 1393 1275 1432; x_wconf 89' lang='lat' dir='ltr'>causa</span> <span class='ocrx_word' id='word_1_151' title='bbox 1288 1378 1427 1449; x_wconf 91' lang='lat' dir='ltr'>probatur</span> <span class='ocrx_word' id='word_1_152' title='bbox 1436 1381 1545 1436; x_wconf 90' lang='lat' dir='ltr'>terram</span> <span class='ocrx_word' id='word_1_153' title='bbox 1559 1398 1698 1454; x_wconf 88' lang='lat' dir='ltr'>occupare</span> 
     </span>
     <span class='ocr_line' id='line_1_14' title="bbox 102 1468 1698 1543; baseline 0 -13"><span class='ocrx_word' id='word_1_154' title='bbox 102 1474 265 1542; x_wconf 81' lang='lat' dir='ltr'>oethmdiae,</span> <span class='ocrx_word' id='word_1_155' title='bbox 279 1473 345 1528; x_wconf 91' lang='lat' dir='ltr'>huic</span> <span class='ocrx_word' id='word_1_156' title='bbox 359 1475 566 1528; x_wconf 89' lang='lat' dir='ltr'>testamentum</span> <span class='ocrx_word' id='word_1_157' title='bbox 581 1471 657 1526; x_wconf 90' lang='lat' dir='ltr'>subs.</span> <span class='ocrx_word' id='word_1_158' title='bbox 672 1487 720 1526; x_wconf 90' lang='lat' dir='ltr'>ne.</span> <span class='ocrx_word' id='word_1_159' title='bbox 737 1471 784 1526; x_wconf 92' lang='lat' dir='ltr'>die</span> <span class='ocrx_word' id='word_1_160' title='bbox 802 1473 831 1526; x_wconf 90' lang='lat' dir='ltr'>et</span> <span class='ocrx_word' id='word_1_161' title='bbox 881 1470 949 1525; x_wconf 89' lang='lat' dir='ltr'>dum</span> <span class='ocrx_word' id='word_1_162' title='bbox 959 1468 1036 1539; x_wconf 90' lang='lat' dir='ltr'>vivit,</span> <span class='ocrx_word' id='word_1_163' title='bbox 1049 1486 1114 1524; x_wconf 86' lang='lat' dir='ltr'>cum</span> <span class='ocrx_word' id='word_1_164' title='bbox 1126 1473 1155 1524; x_wconf 92' lang='lat' dir='ltr'>et</span> <span class='ocrx_word' id='word_1_165' title='bbox 1168 1470 1230 1542; x_wconf 89' lang='lat' dir='ltr'>ipsa</span> <span class='ocrx_word' id='word_1_166' title='bbox 1244 1471 1301 1525; x_wconf 89' lang='lat' dir='ltr'>suis</span> <span class='ocrx_word' id='word_1_167' title='bbox 1313 1472 1409 1543; x_wconf 90' lang='lat' dir='ltr'>pomis</span> <span class='ocrx_word' id='word_1_168' title='bbox 1422 1477 1550 1542; x_wconf 89' lang='lat' dir='ltr'>ornatur,</span> <span class='ocrx_word' id='word_1_169' title='bbox 1562 1477 1592 1528; x_wconf 86' lang='lat' dir='ltr'>et</span> <span class='ocrx_word' id='word_1_170' title='bbox 1603 1476 1698 1531; x_wconf 90' lang='lat' dir='ltr'>omnis</span> 
     </span>
     <span class='ocr_line' id='line_1_15' title="bbox 113 1563 1700 1640; baseline 0 -18"><span class='ocrx_word' id='word_1_171' title='bbox 113 1567 215 1640; x_wconf 89' lang='lat' dir='ltr'>quihus</span> <span class='ocrx_word' id='word_1_172' title='bbox 235 1584 329 1638; x_wconf 89' lang='lat' dir='ltr'>supra.</span> <span class='ocrx_word' id='word_1_173' title='bbox 346 1566 548 1637; x_wconf 82' lang='lat' dir='ltr'>liunegiselus,</span> <span class='ocrx_word' id='word_1_174' title='bbox 567 1566 688 1634; x_wconf 87' lang='lat' dir='ltr'>rogante</span> <span class='ocrx_word' id='word_1_175' title='bbox 709 1566 738 1619; x_wconf 95' lang='lat' dir='ltr'>et</span> <span class='ocrx_word' id='word_1_176' title='bbox 756 1580 830 1636; x_wconf 84' lang='lat' dir='ltr'>prae-</span> <span class='ocrx_word' id='word_1_177' title='bbox 881 1563 928 1634; x_wconf 91' lang='lat' dir='ltr'>qui</span> <span class='ocrx_word' id='word_1_178' title='bbox 940 1581 974 1618; x_wconf 84' lang='lat' dir='ltr'>ex</span> <span class='ocrx_word' id='word_1_179' title='bbox 986 1579 1020 1619; x_wconf 88' lang='lat' dir='ltr'>eu</span> <span class='ocrx_word' id='word_1_180' title='bbox 1033 1564 1127 1618; x_wconf 78' lang='lat' dir='ltr'>fructu</span> <span class='ocrx_word' id='word_1_181' title='bbox 1139 1564 1311 1636; x_wconf 83' lang='lat' dir='ltr'>perceperit,</span> <span class='ocrx_word' id='word_1_182' title='bbox 1324 1566 1483 1636; x_wconf 81' lang='lat' dir='ltr'>saginatur.</span> <span class='ocrx_word' id='word_1_183' title='bbox 1498 1567 1656 1624; x_wconf 87' lang='lat' dir='ltr'>Scribimus</span> <span class='ocrx_word' id='word_1_184' title='bbox 1667 1573 1700 1622; x_wconf 90' lang='lat' dir='ltr'>ut</span> 
     </span>
     <span class='ocr_line' id='line_1_16' title="bbox 109 1656 1698 1731; baseline 0.001 -14"><span class='ocrx_word' id='word_1_185' title='bbox 109 1659 372 1728; x_wconf 80' lang='lat' dir='ltr'>Ermminethrude,</span> <span class='ocrx_word' id='word_1_186' title='bbox 384 1661 460 1714; x_wconf 91' lang='lat' dir='ltr'>hunc</span> <span class='ocrx_word' id='word_1_187' title='bbox 473 1661 683 1715; x_wconf 83' lang='lat' dir='ltr'>testamentum</span> <span class='ocrx_word' id='word_1_188' title='bbox 694 1660 749 1712; x_wconf 89' lang='lat' dir='ltr'>test</span> <span class='ocrx_word' id='word_1_189' title='bbox 751 1698 829 1712; x_wconf 88' lang='grc'><strong>.....</strong></span> <span class='ocrx_word' id='word_1_190' title='bbox 881 1657 1013 1729; x_wconf 83' lang='lat' dir='ltr'>ingestis</span> <span class='ocrx_word' id='word_1_191' title='bbox 1031 1656 1203 1726; x_wconf 84' lang='lat' dir='ltr'>invenimus,</span> <span class='ocrx_word' id='word_1_192' title='bbox 1221 1658 1289 1728; x_wconf 89' lang='lat' dir='ltr'>quid</span> <span class='ocrx_word' id='word_1_193' title='bbox 1305 1659 1428 1731; x_wconf 82' lang='lat' dir='ltr'>egerint,</span> <span class='ocrx_word' id='word_1_194' title='bbox 1446 1661 1515 1731; x_wconf 92' lang='lat' dir='ltr'>quid</span> <span class='ocrx_word' id='word_1_195' title='bbox 1532 1662 1618 1717; x_wconf 88' lang='lat' dir='ltr'>locuti</span> <span class='ocrx_word' id='word_1_196' title='bbox 1636 1663 1698 1718; x_wconf 87' lang='lat' dir='ltr'>fue·</span> 
     </span>
     <span class='ocr_line' id='line_1_17' title="bbox 102 1723 1699 1827; baseline 0.001 -17"><span class='ocrx_word' id='word_1_197' title='bbox 102 1752 126 1810; x_wconf 89' lang='lat' dir='ltr'>ie</span> <span class='ocrx_word' id='word_1_198' title='bbox 139 1757 169 1809; x_wconf 91' lang='lat' dir='ltr'>et</span> <span class='ocrx_word' id='word_1_199' title='bbox 181 1753 279 1827; x_wconf 89' lang='lat'>466</span> <span class='ocrx_word' id='word_1_200' title='bbox 294 1770 371 1807; x_wconf 91' lang='lat' dir='ltr'>anno</span> <span class='ocrx_word' id='word_1_201' title='bbox 388 1753 490 1824; x_wconf 91' lang='lat' dir='ltr'>quihus</span> <span class='ocrx_word' id='word_1_202' title='bbox 504 1770 600 1824; x_wconf 90' lang='lat' dir='ltr'>supra.</span> <span class='ocrx_word' id='word_1_203' title='bbox 619 1723 869 1806; x_wconf 70' lang='lat' dir='ltr'>baudachariusss</span> <span class='ocrx_word' id='word_1_204' title='bbox 882 1751 949 1820; x_wconf 89' lang='lat' dir='ltr'>rint,</span> <span class='ocrx_word' id='word_1_205' title='bbox 961 1751 1113 1823; x_wconf 90' lang='lat' dir='ltr'>quidpassi</span> <span class='ocrx_word' id='word_1_206' title='bbox 1123 1750 1180 1805; x_wconf 90' lang='lat' dir='ltr'>sint</span> <span class='ocrx_word' id='word_1_207' title='bbox 1190 1751 1291 1807; x_wconf 88' lang='lat' dir='ltr'>sancti.</span> <span class='ocrx_word' id='word_1_208' title='bbox 1306 1752 1461 1808; x_wconf 88' lang='lat' dir='ltr'>Ostenditis</span> <span class='ocrx_word' id='word_1_209' title='bbox 1471 1771 1520 1809; x_wconf 91' lang='lat' dir='ltr'>vos</span> <span class='ocrx_word' id='word_1_210' title='bbox 1531 1772 1592 1810; x_wconf 89' lang='lat' dir='ltr'>esse</span> <span class='ocrx_word' id='word_1_211' title='bbox 1603 1757 1699 1812; x_wconf 89' lang='lat' dir='ltr'>catho-</span> 
     </span>
     <span class='ocr_line' id='line_1_18' title="bbox 102 1844 1699 1918; baseline 0.001 -15"><span class='ocrx_word' id='word_1_212' title='bbox 102 1863 152 1904; x_wconf 84' lang='lat' dir='ltr'>uor</span> <span class='ocrx_word' id='word_1_213' title='bbox 167 1848 243 1903; x_wconf 89' lang='lat' dir='ltr'>subs.</span> <span class='ocrx_word' id='word_1_214' title='bbox 258 1847 396 1902; x_wconf 89' lang='lat' dir='ltr'>Eusebius</span> <span class='ocrx_word' id='word_1_215' title='bbox 416 1850 533 1918; x_wconf 86' lang='lat' dir='ltr'>rogatus</span> <span class='ocrx_word' id='word_1_216' title='bbox 554 1846 589 1901; x_wconf 90' lang='lat' dir='ltr'>ab</span> <span class='ocrx_word' id='word_1_217' title='bbox 606 1845 831 1901; x_wconf 88' lang='lat' dir='ltr'>Erminethrude</span> <span class='ocrx_word' id='word_1_218' title='bbox 881 1846 960 1913; x_wconf 88' lang='lat' dir='ltr'>lices,</span> <span class='ocrx_word' id='word_1_219' title='bbox 976 1845 1025 1917; x_wconf 92' lang='lat' dir='ltr'>qui</span> <span class='ocrx_word' id='word_1_220' title='bbox 1043 1844 1176 1900; x_wconf 76' lang='lat' dir='ltr'>victorias</span> <span class='ocrx_word' id='word_1_221' title='bbox 1193 1844 1297 1900; x_wconf 85' lang='lat' dir='ltr'>Christi</span> <span class='ocrx_word' id='word_1_222' title='bbox 1314 1845 1440 1900; x_wconf 89' lang='lat' dir='ltr'>libenter</span> <span class='ocrx_word' id='word_1_223' title='bbox 1455 1847 1559 1918; x_wconf 89' lang='lat' dir='ltr'>legitis,</span> <span class='ocrx_word' id='word_1_224' title='bbox 1576 1848 1699 1904; x_wconf 90' lang='lat' dir='ltr'>libenter</span> 
     </span>
     <span class='ocr_line' id='line_1_19' title="bbox 106 1937 1698 2013; baseline 0 -16"><span class='ocrx_word' id='word_1_225' title='bbox 106 1944 311 1997; x_wconf 82' lang='lat' dir='ltr'>testamentum</span> <span class='ocrx_word' id='word_1_226' title='bbox 327 1942 436 2013; x_wconf 87' lang='lat' dir='ltr'>scripsi,</span> <span class='ocrx_word' id='word_1_227' title='bbox 453 1941 543 2011; x_wconf 88' lang='lat' dir='ltr'>relegi</span> <span class='ocrx_word' id='word_1_228' title='bbox 558 1945 587 1995; x_wconf 90' lang='lat' dir='ltr'>et</span> <span class='ocrx_word' id='word_1_229' title='bbox 600 1939 676 1995; x_wconf 90' lang='lat' dir='ltr'>suhs.</span> <span class='ocrx_word' id='word_1_230' title='bbox 882 1938 996 1994; x_wconf 90' lang='lat' dir='ltr'>auditis.</span> <span class='ocrx_word' id='word_1_231' title='bbox 1006 1941 1156 2010; x_wconf 88' lang='lat' dir='ltr'>Interrogo</span> <span class='ocrx_word' id='word_1_232' title='bbox 1166 1955 1216 1993; x_wconf 89' lang='lat' dir='ltr'>vos</span> <span class='ocrx_word' id='word_1_233' title='bbox 1230 1938 1279 2008; x_wconf 91' lang='lat' dir='ltr'>qui</span> <span class='ocrx_word' id='word_1_234' title='bbox 1292 1937 1346 1994; x_wconf 89' lang='lat' dir='ltr'>ista</span> <span class='ocrx_word' id='word_1_235' title='bbox 1356 1937 1432 1994; x_wconf 91' lang='lat' dir='ltr'>inter</span> <span class='ocrx_word' id='word_1_236' title='bbox 1444 1942 1644 2013; x_wconf 85' lang='lat' dir='ltr'>apochryphas</span> <span class='ocrx_word' id='word_1_237' title='bbox 1653 1942 1698 1998; x_wconf 91' lang='lat' dir='ltr'>lit·</span> 
     </span>
     <span class='ocr_line' id='line_1_20' title="bbox 105 2031 1698 2105; baseline -0.001 -13"><span class='ocrx_word' id='word_1_238' title='bbox 105 2040 261 2092; x_wconf 76' lang='lat' dir='ltr'>testumento</span> <span class='ocrx_word' id='word_1_239' title='bbox 273 2039 361 2092; x_wconf 86' lang='lat' dir='ltr'>suncti</span> <span class='ocrx_word' id='word_1_240' title='bbox 374 2038 488 2103; x_wconf 77' lang='lat' dir='ltr'>ltenipit</span> <span class='ocrx_word' id='word_1_241' title='bbox 496 2036 656 2091; x_wconf 79' lang='lat' dir='ltr'>Rhemorum</span> <span class='ocrx_word' id='word_1_242' title='bbox 667 2035 794 2104; x_wconf 85' lang='lat' dir='ltr'>episcopi.</span> <span class='ocrx_word' id='word_1_243' title='bbox 880 2036 958 2088; x_wconf 91' lang='lat' dir='ltr'>teras</span> <span class='ocrx_word' id='word_1_244' title='bbox 975 2031 1133 2087; x_wconf 81' lang='lat' dir='ltr'>eructanda</span> <span class='ocrx_word' id='word_1_245' title='bbox 1146 2032 1274 2087; x_wconf 71' lang='lat' dir='ltr'>&#39;censetis</span> <span class='ocrx_word' id='word_1_246' title='bbox 1292 2049 1299 2087; x_wconf 76' lang='grc' dir='ltr'>ι</span> <span class='ocrx_word' id='word_1_247' title='bbox 1314 2049 1367 2104; x_wconf 89' lang='lat' dir='ltr'>per</span> <span class='ocrx_word' id='word_1_248' title='bbox 1387 2049 1459 2105; x_wconf 92' lang='lat' dir='ltr'>quos</span> <span class='ocrx_word' id='word_1_249' title='bbox 1476 2037 1589 2090; x_wconf 89' lang='lat' dir='ltr'>constat</span> <span class='ocrx_word' id='word_1_250' title='bbox 1604 2051 1698 2092; x_wconf 87' lang='lat' dir='ltr'>canon</span> 
     </span>
     <span class='ocr_line' id='line_1_21' title="bbox 102 2124 1699 2202; baseline -0.001 -19"><span class='ocrx_word' id='word_1_251' title='bbox 102 2135 291 2202; x_wconf 72' lang='lat' dir='ltr'>largenteum</span> <span class='ocrx_word' id='word_1_252' title='bbox 308 2130 409 2186; x_wconf 90' lang='lat' dir='ltr'>decem</span> <span class='ocrx_word' id='word_1_253' title='bbox 426 2132 455 2184; x_wconf 92' lang='lat' dir='ltr'>ct</span> <span class='ocrx_word' id='word_1_254' title='bbox 470 2132 533 2183; x_wconf 88' lang='lat' dir='ltr'>octo</span> <span class='ocrx_word' id='word_1_255' title='bbox 549 2127 687 2183; x_wconf 88' lang='lat' dir='ltr'>librarum</span> <span class='ocrx_word' id='word_1_256' title='bbox 703 2127 779 2182; x_wconf 89' lang='lat' dir='ltr'>inter</span> <span class='ocrx_word' id='word_1_257' title='bbox 790 2130 829 2196; x_wconf 89' lang='lat' dir='ltr'>te,</span> <span class='ocrx_word' id='word_1_258' title='bbox 881 2125 1093 2197; x_wconf 89' lang='lat' dir='ltr'>Scripturarum</span> <span class='ocrx_word' id='word_1_259' title='bbox 1104 2124 1237 2180; x_wconf 90' lang='lat' dir='ltr'>omnium</span> <span class='ocrx_word' id='word_1_260' title='bbox 1245 2125 1426 2181; x_wconf 80' lang='lat' dir='ltr'>divinarum?</span> <span class='ocrx_word' id='word_1_261' title='bbox 1437 2127 1699 2200; x_wconf 88' lang='lat' dir='ltr'>numquidpereos</span> 
     </span>
     <span class='ocr_line' id='line_1_22' title="bbox 119 2217 1698 2294; baseline -0.001 -15"><span class='ocrx_word' id='word_1_262' title='bbox 119 2238 187 2279; x_wconf 89' lang='lat' dir='ltr'>mea</span> <span class='ocrx_word' id='word_1_263' title='bbox 208 2224 335 2294; x_wconf 81' lang='lat' dir='ltr'>(Ecclesia</span> <span class='ocrx_word' id='word_1_264' title='bbox 356 2222 520 2292; x_wconf 69' lang='lat' dir='ltr'>blemensis)</span> <span class='ocrx_word' id='word_1_265' title='bbox 541 2225 570 2275; x_wconf 88' lang='lat' dir='ltr'>et</span> <span class='ocrx_word' id='word_1_266' title='bbox 586 2220 732 2276; x_wconf 89' lang='lat' dir='ltr'>dioecesim</span> <span class='ocrx_word' id='word_1_267' title='bbox 750 2224 830 2276; x_wconf 89' lang='lat' dir='ltr'>tuam</span> <span class='ocrx_word' id='word_1_268' title='bbox 882 2219 931 2291; x_wconf 90' lang='lat' dir='ltr'>qui</span> <span class='ocrx_word' id='word_1_269' title='bbox 946 2236 998 2291; x_wconf 89' lang='lat' dir='ltr'>pro</span> <span class='ocrx_word' id='word_1_270' title='bbox 1012 2219 1074 2291; x_wconf 89' lang='lat' dir='ltr'>ipse</span> <span class='ocrx_word' id='word_1_271' title='bbox 1088 2234 1200 2274; x_wconf 90' lang='lat' dir='ltr'>canone</span> <span class='ocrx_word' id='word_1_272' title='bbox 1215 2217 1306 2274; x_wconf 89' lang='lat' dir='ltr'>occidi</span> <span class='ocrx_word' id='word_1_273' title='bbox 1320 2219 1413 2291; x_wconf 90' lang='lat' dir='ltr'>magis</span> <span class='ocrx_word' id='word_1_274' title='bbox 1427 2223 1598 2291; x_wconf 87' lang='lat' dir='ltr'>optaverant</span> <span class='ocrx_word' id='word_1_275' title='bbox 1610 2238 1698 2294; x_wconf 89' lang='lat' dir='ltr'>quam</span> 
     </span>
     <span class='ocr_line' id='line_1_23' title="bbox 102 2313 1699 2388; baseline 0.001 -16"><span class='ocrx_word' id='word_1_276' title='bbox 102 2317 166 2373; x_wconf 84' lang='lat' dir='ltr'>iam</span> <span class='ocrx_word' id='word_1_277' title='bbox 180 2317 410 2381; x_wconf 88' lang='lat' dir='ltr'>Laudunensem,</span> <span class='ocrx_word' id='word_1_278' title='bbox 424 2316 506 2371; x_wconf 85' lang='lat' dir='ltr'>iactis</span> <span class='ocrx_word' id='word_1_279' title='bbox 519 2316 560 2387; x_wconf 73' lang='lat' dir='ltr'>(iel</span> <span class='ocrx_word' id='word_1_280' title='bbox 573 2321 612 2370; x_wconf 87' lang='lat' dir='ltr'>est</span> <span class='ocrx_word' id='word_1_281' title='bbox 625 2313 769 2387; x_wconf 69' lang='lat' dir='ltr'>facundis)</span> <span class='ocrx_word' id='word_1_282' title='bbox 783 2331 832 2387; x_wconf 91' lang='lat' dir='ltr'>pa·</span> <span class='ocrx_word' id='word_1_283' title='bbox 881 2315 974 2371; x_wconf 80' lang='lat' dir='ltr'>vinci?</span> <span class='ocrx_word' id='word_1_284' title='bbox 990 2315 1064 2381; x_wconf 79' lang='lat' dir='ltr'>Quid</span> <span class='ocrx_word' id='word_1_285' title='bbox 1082 2332 1152 2387; x_wconf 91' lang='lat' dir='ltr'>ergo</span> <span class='ocrx_word' id='word_1_286' title='bbox 1171 2319 1329 2370; x_wconf 88' lang='lat' dir='ltr'>tenuerunt</span> <span class='ocrx_word' id='word_1_287' title='bbox 1346 2317 1510 2388; x_wconf 78' lang='lat' dir='ltr'>martyres?</span> <span class='ocrx_word' id='word_1_288' title='bbox 1531 2317 1631 2373; x_wconf 87' lang='lat' dir='ltr'>Fidem</span> <span class='ocrx_word' id='word_1_289' title='bbox 1652 2335 1699 2372; x_wconf 92' lang='lat' dir='ltr'>re·</span> 
     </span>
     <span class='ocr_line' id='line_1_24' title="bbox 102 2408 1698 2483; baseline 0.001 -18"><span class='ocrx_word' id='word_1_290' title='bbox 102 2412 189 2483; x_wconf 78' lang='lat' dir='ltr'>etque</span> <span class='ocrx_word' id='word_1_291' title='bbox 201 2411 337 2466; x_wconf 86' lang='lat' dir='ltr'>calicibus</span> <span class='ocrx_word' id='word_1_292' title='bbox 348 2410 384 2464; x_wconf 89' lang='lat' dir='ltr'>ad</span> <span class='ocrx_word' id='word_1_293' title='bbox 399 2408 591 2464; x_wconf 89' lang='lat' dir='ltr'>ministerium</span> <span class='ocrx_word' id='word_1_294' title='bbox 606 2411 830 2477; x_wconf 87' lang='lat' dir='ltr'>sacrosanctum,</span> <span class='ocrx_word' id='word_1_295' title='bbox 881 2412 969 2478; x_wconf 91' lang='lat' dir='ltr'>ctam,</span> <span class='ocrx_word' id='word_1_296' title='bbox 984 2424 1049 2482; x_wconf 83' lang='lat' dir='ltr'>quoe</span> <span class='ocrx_word' id='word_1_297' title='bbox 1067 2409 1154 2465; x_wconf 89' lang='lat' dir='ltr'>sacris</span> <span class='ocrx_word' id='word_1_298' title='bbox 1173 2408 1367 2465; x_wconf 89' lang='lat' dir='ltr'>voluminibus</span> <span class='ocrx_word' id='word_1_299' title='bbox 1387 2413 1465 2466; x_wconf 91' lang='lat' dir='ltr'>certo</span> <span class='ocrx_word' id='word_1_300' title='bbox 1486 2411 1627 2467; x_wconf 90' lang='lat' dir='ltr'>librorum</span> <span class='ocrx_word' id='word_1_301' title='bbox 1644 2428 1698 2467; x_wconf 88' lang='lat' dir='ltr'>nu·</span> 
     </span>
     <span class='ocr_line' id='line_1_25' title="bbox 117 2501 1700 2577; baseline 0 -17"><span class='ocrx_word' id='word_1_302' title='bbox 117 2505 205 2572; x_wconf 82' lang='lat' dir='ltr'>salui,</span> <span class='ocrx_word' id='word_1_303' title='bbox 225 2507 282 2560; x_wconf 85' lang='lat' dir='ltr'>Deo</span> <span class='ocrx_word' id='word_1_304' title='bbox 301 2507 448 2558; x_wconf 84' lang='lat' dir='ltr'>annuente</span> <span class='ocrx_word' id='word_1_305' title='bbox 464 2502 605 2557; x_wconf 89' lang='lat' dir='ltr'>distribui.</span> <span class='ocrx_word' id='word_1_306' title='bbox 622 2501 706 2556; x_wconf 83' lang='lat' dir='ltr'>Aliud</span> <span class='ocrx_word' id='word_1_307' title='bbox 721 2518 770 2556; x_wconf 88' lang='lat' dir='ltr'>ves</span> <span class='ocrx_word' id='word_1_308' title='bbox 784 2518 829 2556; x_wconf 91' lang='lat' dir='ltr'>ar·</span> <span class='ocrx_word' id='word_1_309' title='bbox 881 2519 962 2559; x_wconf 89' lang='lat' dir='ltr'>mero</span> <span class='ocrx_word' id='word_1_310' title='bbox 977 2503 1149 2559; x_wconf 87' lang='lat' dir='ltr'>continetur.</span> <span class='ocrx_word' id='word_1_311' title='bbox 1163 2505 1261 2575; x_wconf 79' lang='lat' dir='ltr'>Agunt</span> <span class='ocrx_word' id='word_1_312' title='bbox 1273 2503 1328 2558; x_wconf 92' lang='lat' dir='ltr'>illis</span> <span class='ocrx_word' id='word_1_313' title='bbox 1341 2503 1449 2576; x_wconf 88' lang='lat' dir='ltr'>gratias</span> <span class='ocrx_word' id='word_1_314' title='bbox 1462 2504 1556 2577; x_wconf 87' lang='lat' dir='ltr'>apices</span> <span class='ocrx_word' id='word_1_315' title='bbox 1570 2505 1700 2561; x_wconf 88' lang='lat' dir='ltr'>sacratis-</span> 
     </span>
     <span class='ocr_line' id='line_1_26' title="bbox 102 2594 1700 2670; baseline 0 -16"><span class='ocrx_word' id='word_1_316' title='bbox 102 2612 163 2667; x_wconf 85' lang='lat' dir='ltr'>nm,</span> <span class='ocrx_word' id='word_1_317' title='bbox 180 2598 258 2670; x_wconf 91' lang='lat' dir='ltr'>quud</span> <span class='ocrx_word' id='word_1_318' title='bbox 276 2597 349 2652; x_wconf 92' lang='lat' dir='ltr'>mihi</span> <span class='ocrx_word' id='word_1_319' title='bbox 368 2599 494 2653; x_wconf 87' lang='lat' dir='ltr'>Domnus</span> <span class='ocrx_word' id='word_1_320' title='bbox 512 2595 629 2651; x_wconf 90' lang='lat' dir='ltr'>illustris</span> <span class='ocrx_word' id='word_1_321' title='bbox 643 2594 831 2650; x_wconf 90' lang='lat' dir='ltr'>Chludovicus</span> <span class='ocrx_word' id='word_1_322' title='bbox 881 2597 956 2665; x_wconf 92' lang='lat' dir='ltr'>simi,</span> <span class='ocrx_word' id='word_1_323' title='bbox 968 2596 1017 2668; x_wconf 93' lang='lat' dir='ltr'>qui</span> <span class='ocrx_word' id='word_1_324' title='bbox 1026 2613 1079 2670; x_wconf 91' lang='lat' dir='ltr'>per</span> <span class='ocrx_word' id='word_1_325' title='bbox 1089 2614 1189 2652; x_wconf 90' lang='lat' dir='ltr'>eorum</span> <span class='ocrx_word' id='word_1_326' title='bbox 1203 2598 1447 2669; x_wconf 90' lang='lat' dir='ltr'>perseverantiam</span> <span class='ocrx_word' id='word_1_327' title='bbox 1462 2601 1657 2670; x_wconf 87' lang='lat' dir='ltr'>perseverant.</span> <span class='ocrx_word' id='word_1_328' title='bbox 1665 2601 1700 2654; x_wconf 85' lang='lat' dir='ltr'>Et</span> 
     </span>
     <span class='ocr_line' id='line_1_27' title="bbox 102 2688 1698 2764; baseline 0 -17"><span class='ocrx_word' id='word_1_329' title='bbox 102 2692 167 2748; x_wconf 82' lang='lat' dir='ltr'>lde</span> <span class='ocrx_word' id='word_1_330' title='bbox 186 2708 266 2747; x_wconf 86' lang='lat' dir='ltr'>sacro</span> <span class='ocrx_word' id='word_1_331' title='bbox 283 2690 464 2763; x_wconf 87' lang='lat' dir='ltr'>baptismatis</span> <span class='ocrx_word' id='word_1_332' title='bbox 483 2690 562 2745; x_wconf 84' lang='lat' dir='ltr'>lente</span> <span class='ocrx_word' id='word_1_333' title='bbox 581 2688 702 2760; x_wconf 79' lang='lat' dir='ltr'>suscepi)</span> <span class='ocrx_word' id='word_1_334' title='bbox 721 2688 831 2744; x_wconf 90' lang='lat' dir='ltr'>donare</span> <span class='ocrx_word' id='word_1_335' title='bbox 880 2690 946 2745; x_wconf 89' lang='lat' dir='ltr'>ideo</span> <span class='ocrx_word' id='word_1_336' title='bbox 959 2690 1059 2746; x_wconf 89' lang='lat' dir='ltr'>velunt</span> <span class='ocrx_word' id='word_1_337' title='bbox 1073 2706 1173 2745; x_wconf 91' lang='lat' dir='ltr'>eorum</span> <span class='ocrx_word' id='word_1_338' title='bbox 1192 2693 1273 2761; x_wconf 90' lang='lat' dir='ltr'>gesta</span> <span class='ocrx_word' id='word_1_339' title='bbox 1288 2691 1440 2759; x_wconf 88' lang='lat' dir='ltr'>conscribi,</span> <span class='ocrx_word' id='word_1_340' title='bbox 1454 2690 1529 2751; x_wconf 63' lang='lat' dir='ltr'>utin</span> <span class='ocrx_word' id='word_1_341' title='bbox 1543 2695 1698 2764; x_wconf 91' lang='lat' dir='ltr'>conspectu</span> 
     </span>
     <span class='ocr_line' id='line_1_28' title="bbox 102 2782 1698 2857; baseline -0.001 -16"><span class='ocrx_word' id='word_1_342' title='bbox 102 2787 214 2853; x_wconf 84' lang='lat' dir='ltr'>tusest,</span> <span class='ocrx_word' id='word_1_343' title='bbox 225 2786 278 2840; x_wconf 92' lang='lat' dir='ltr'>tihi</span> <span class='ocrx_word' id='word_1_344' title='bbox 291 2784 391 2839; x_wconf 90' lang='lat' dir='ltr'>heredi</span> <span class='ocrx_word' id='word_1_345' title='bbox 402 2800 475 2838; x_wconf 85' lang='lat' dir='ltr'>mcae</span> <span class='ocrx_word' id='word_1_346' title='bbox 489 2783 615 2838; x_wconf 80' lang='lat' dir='ltr'>ecclesie</span> <span class='ocrx_word' id='word_1_347' title='bbox 626 2798 832 2854; x_wconf 89' lang='lat' dir='ltr'>supramemo·</span> <span class='ocrx_word' id='word_1_348' title='bbox 881 2783 930 2839; x_wconf 84' lang='lat' dir='ltr'>Dei</span> <span class='ocrx_word' id='word_1_349' title='bbox 949 2785 979 2838; x_wconf 90' lang='lat' dir='ltr'>et</span> <span class='ocrx_word' id='word_1_350' title='bbox 997 2782 1150 2838; x_wconf 90' lang='lat' dir='ltr'>hominum</span> <span class='ocrx_word' id='word_1_351' title='bbox 1173 2800 1289 2855; x_wconf 88' lang='lat' dir='ltr'>semper</span> <span class='ocrx_word' id='word_1_352' title='bbox 1306 2784 1462 2840; x_wconf 90' lang='lat' dir='ltr'>laudentur</span> <span class='ocrx_word' id='word_1_353' title='bbox 1480 2785 1581 2853; x_wconf 89' lang='lat' dir='ltr'>saneti,</span> <span class='ocrx_word' id='word_1_354' title='bbox 1597 2785 1645 2857; x_wconf 92' lang='lat' dir='ltr'>qui</span> <span class='ocrx_word' id='word_1_355' title='bbox 1668 2785 1698 2840; x_wconf 91' lang='lat' dir='ltr'>in</span> 
     </span>
     <span class='ocr_line' id='line_1_29' title="bbox 103 2875 1698 2949; baseline -0.001 -14"><span class='ocrx_word' id='word_1_356' title='bbox 103 2878 179 2935; x_wconf 88' lang='lat' dir='ltr'>ubeo</span> <span class='ocrx_word' id='word_1_357' title='bbox 190 2879 359 2934; x_wconf 80' lang='lat' dir='ltr'>turriculum</span> <span class='ocrx_word' id='word_1_358' title='bbox 372 2880 400 2934; x_wconf 90' lang='lat' dir='ltr'>et</span> <span class='ocrx_word' id='word_1_359' title='bbox 410 2877 601 2948; x_wconf 89' lang='lat' dir='ltr'>imaginatum</span> <span class='ocrx_word' id='word_1_360' title='bbox 614 2876 732 2931; x_wconf 87' lang='lat' dir='ltr'>calicem</span> <span class='ocrx_word' id='word_1_361' title='bbox 744 2875 782 2949; x_wconf 85' lang='lat' dir='ltr'>(a)</span> <span class='ocrx_word' id='word_1_362' title='bbox 791 2877 831 2932; x_wconf 86' lang='lat' dir='ltr'>ta·</span> <span class='ocrx_word' id='word_1_363' title='bbox 881 2878 1035 2948; x_wconf 86' lang='lat' dir='ltr'>conspectu</span> <span class='ocrx_word' id='word_1_364' title='bbox 1049 2876 1263 2932; x_wconf 90' lang='lat' dir='ltr'>incredulorum</span> <span class='ocrx_word' id='word_1_365' title='bbox 1277 2894 1329 2949; x_wconf 92' lang='lat' dir='ltr'>pro</span> <span class='ocrx_word' id='word_1_366' title='bbox 1343 2893 1445 2933; x_wconf 89' lang='lat' dir='ltr'>eoram</span> <span class='ocrx_word' id='word_1_367' title='bbox 1459 2877 1628 2934; x_wconf 89' lang='lat' dir='ltr'>defensione</span> <span class='ocrx_word' id='word_1_368' title='bbox 1641 2882 1698 2933; x_wconf 84' lang='lat' dir='ltr'>ter·</span> 
     </span>
     <span class='ocr_line' id='line_1_30' title="bbox 102 2969 1700 3045; baseline -0.001 -16"><span class='ocrx_word' id='word_1_369' title='bbox 102 2972 129 3029; x_wconf 78' lang='lat' dir='ltr'>i.</span> <span class='ocrx_word' id='word_1_370' title='bbox 150 3015 158 3027; x_wconf 97' lang='lat'>.</span> <span class='ocrx_word' id='word_1_371' title='bbox 179 3015 185 3027; x_wconf 91' lang='lat'>.</span> <span class='ocrx_word' id='word_1_372' title='bbox 206 3014 212 3027; x_wconf 95' lang='lat'>.</span> <span class='ocrx_word' id='word_1_373' title='bbox 231 2972 361 3040; x_wconf 85' lang='lat' dir='ltr'>Vincam,</span> <span class='ocrx_word' id='word_1_374' title='bbox 377 2987 465 3043; x_wconf 89' lang='lat' dir='ltr'>quam</span> <span class='ocrx_word' id='word_1_375' title='bbox 483 2970 671 3026; x_wconf 77' lang='lat' dir='ltr'>bebrimodus</span> <span class='ocrx_word' id='word_1_376' title='bbox 686 2971 764 3037; x_wconf 85' lang='lat' dir='ltr'>iacit,</span> <span class='ocrx_word' id='word_1_377' title='bbox 779 2970 830 3025; x_wconf 90' lang='lat' dir='ltr'>tihi</span> <span class='ocrx_word' id='word_1_378' title='bbox 881 2973 980 3026; x_wconf 86' lang='lat' dir='ltr'>menta</span> <span class='ocrx_word' id='word_1_379' title='bbox 989 2969 1130 3026; x_wconf 68' lang='lat' dir='ltr'>menania</span> <span class='ocrx_word' id='word_1_380' title='bbox 1139 2971 1329 3041; x_wconf 90' lang='lat' dir='ltr'>pertulerunt.</span> <span class='ocrx_word' id='word_1_381' title='bbox 1337 2971 1412 3026; x_wconf 92' lang='lat' dir='ltr'>Nihil</span> <span class='ocrx_word' id='word_1_382' title='bbox 1423 2975 1528 3043; x_wconf 79' lang='lat' dir='ltr'>prater</span> <span class='ocrx_word' id='word_1_383' title='bbox 1538 2972 1700 3045; x_wconf 88' lang='lat' dir='ltr'>Scripturas</span> 
     </span>
     <span class='ocr_line' id='line_1_31' title="bbox 102 3063 1698 3169; baseline -0.001 -47"><span class='ocrx_word' id='word_1_384' title='bbox 102 3082 135 3122; x_wconf 86' lang='lat' dir='ltr'>us</span> <span class='ocrx_word' id='word_1_385' title='bbox 146 3066 327 3138; x_wconf 87' lang='lat' dir='ltr'>derelinquo,</span> <span class='ocrx_word' id='word_1_386' title='bbox 341 3068 371 3120; x_wconf 93' lang='lat' dir='ltr'>ut</span> <span class='ocrx_word' id='word_1_387' title='bbox 381 3065 482 3121; x_wconf 89' lang='lat' dir='ltr'>diebus</span> <span class='ocrx_word' id='word_1_388' title='bbox 496 3064 574 3119; x_wconf 86' lang='lat' dir='ltr'>lestis</span> <span class='ocrx_word' id='word_1_389' title='bbox 587 3067 616 3119; x_wconf 87' lang='lat' dir='ltr'>et</span> <span class='ocrx_word' id='word_1_390' title='bbox 628 3063 764 3119; x_wconf 90' lang='lat' dir='ltr'>omnibus</span> <span class='ocrx_word' id='word_1_391' title='bbox 774 3064 829 3119; x_wconf 87' lang='lat' dir='ltr'>Do·</span> <span class='ocrx_word' id='word_1_392' title='bbox 841 3094 868 3169; x_wconf 78' lang='lat' dir='ltr'>C</span> <span class='ocrx_word' id='word_1_393' title='bbox 880 3063 1033 3120; x_wconf 87' lang='lat' dir='ltr'>canonicas</span> <span class='ocrx_word' id='word_1_394' title='bbox 1049 3063 1231 3137; x_wconf 90' lang='lat' dir='ltr'>recipientes,</span> <span class='ocrx_word' id='word_1_395' title='bbox 1249 3064 1304 3119; x_wconf 92' lang='lat' dir='ltr'>ista</span> <span class='ocrx_word' id='word_1_396' title='bbox 1320 3064 1446 3121; x_wconf 90' lang='lat' dir='ltr'>studiose</span> <span class='ocrx_word' id='word_1_397' title='bbox 1466 3065 1698 3138; x_wconf 86' lang='lat' dir='ltr'>conscripsimus,</span> 
     </span>
     <span class='ocr_line' id='line_1_32' title="bbox 102 3156 1700 3230; baseline 0 -15"><span class='ocrx_word' id='word_1_398' title='bbox 102 3159 236 3230; x_wconf 82' lang='lat' dir='ltr'>is,sacris</span> <span class='ocrx_word' id='word_1_399' title='bbox 246 3160 384 3215; x_wconf 88' lang='lat' dir='ltr'>altaribus</span> <span class='ocrx_word' id='word_1_400' title='bbox 394 3176 459 3214; x_wconf 92' lang='lat' dir='ltr'>mea</span> <span class='ocrx_word' id='word_1_401' title='bbox 468 3158 605 3214; x_wconf 81' lang='lat' dir='ltr'>efferatur</span> <span class='ocrx_word' id='word_1_402' title='bbox 616 3157 792 3230; x_wconf 86' lang='lat' dir='ltr'>oblatio(b)..</span> <span class='ocrx_word' id='word_1_403' title='bbox 804 3198 828 3213; x_wconf 91' lang='lat'>..</span> <span class='ocrx_word' id='word_1_404' title='bbox 881 3157 1067 3213; x_wconf 89' lang='lat' dir='ltr'>ostendentes</span> <span class='ocrx_word' id='word_1_405' title='bbox 1081 3156 1189 3230; x_wconf 88' lang='lat' dir='ltr'>dogma</span> <span class='ocrx_word' id='word_1_406' title='bbox 1202 3157 1375 3213; x_wconf 90' lang='lat' dir='ltr'>catholicum</span> <span class='ocrx_word' id='word_1_407' title='bbox 1390 3174 1442 3230; x_wconf 89' lang='lat' dir='ltr'>per</span> <span class='ocrx_word' id='word_1_408' title='bbox 1455 3159 1611 3216; x_wconf 89' lang='lat' dir='ltr'>catholicos</span> <span class='ocrx_word' id='word_1_409' title='bbox 1624 3177 1700 3215; x_wconf 89' lang='lat' dir='ltr'>mar·</span> 
     </span>
     <span class='ocr_line' id='line_1_33' title="bbox 102 3245 1698 3325; baseline -0.001 -16"><span class='ocrx_word' id='word_1_410' title='bbox 102 3268 135 3309; x_wconf 84' lang='lat' dir='ltr'>m</span> <span class='ocrx_word' id='word_1_411' title='bbox 150 3253 199 3322; x_wconf 94' lang='lat' dir='ltr'>do,</span> <span class='ocrx_word' id='word_1_412' title='bbox 215 3269 303 3325; x_wconf 90' lang='lat' dir='ltr'>quam</span> <span class='ocrx_word' id='word_1_413' title='bbox 318 3252 400 3325; x_wconf 90' lang='lat' dir='ltr'>posui</span> <span class='ocrx_word' id='word_1_414' title='bbox 411 3251 600 3321; x_wconf 71' lang='lat' dir='ltr'>Vindonissa,</span> <span class='ocrx_word' id='word_1_415' title='bbox 617 3252 669 3306; x_wconf 89' lang='lat' dir='ltr'>suh</span> <span class='ocrx_word' id='word_1_416' title='bbox 682 3269 717 3307; x_wconf 92' lang='lat' dir='ltr'>ea</span> <span class='ocrx_word' id='word_1_417' title='bbox 731 3251 830 3307; x_wconf 91' lang='lat' dir='ltr'>condi·</span> <span class='ocrx_word' id='word_1_418' title='bbox 882 3255 958 3324; x_wconf 77' lang='lat' dir='ltr'>tyros</span> <span class='ocrx_word' id='word_1_419' title='bbox 971 3251 1154 3307; x_wconf 89' lang='lat' dir='ltr'>custoditum.</span> <span class='ocrx_word' id='word_1_420' title='bbox 1169 3251 1338 3322; x_wconf 85' lang='lat' dir='ltr'>Exemplum</span> <span class='ocrx_word' id='word_1_421' title='bbox 1350 3245 1471 3323; x_wconf 89' lang='lat' dir='ltr'>posteris</span> <span class='ocrx_word' id='word_1_422' title='bbox 1484 3252 1596 3321; x_wconf 91' lang='lat' dir='ltr'>damus,</span> <span class='ocrx_word' id='word_1_423' title='bbox 1608 3253 1698 3308; x_wconf 76' lang='lat' dir='ltr'>aedili·</span> 
     </span>
     <span class='ocr_line' id='line_1_34' title="bbox 102 3344 1699 3418; baseline -0.004 -11"><span class='ocrx_word' id='word_1_424' title='bbox 102 3350 151 3407; x_wconf 78' lang='lat' dir='ltr'>‚ut</span> <span class='ocrx_word' id='word_1_425' title='bbox 167 3363 184 3402; x_wconf 88' lang='lat' dir='ltr'>a</span> <span class='ocrx_word' id='word_1_426' title='bbox 203 3347 333 3418; x_wconf 88' lang='lat' dir='ltr'>patribus</span> <span class='ocrx_word' id='word_1_427' title='bbox 348 3347 415 3415; x_wconf 92' lang='lat' dir='ltr'>suis,</span> <span class='ocrx_word' id='word_1_428' title='bbox 432 3345 565 3402; x_wconf 91' lang='lat' dir='ltr'>omnihus</span> <span class='ocrx_word' id='word_1_429' title='bbox 582 3345 683 3401; x_wconf 89' lang='lat' dir='ltr'>diebus</span> <span class='ocrx_word' id='word_1_430' title='bbox 700 3345 780 3401; x_wconf 83' lang='lat' dir='ltr'>lestis</span> <span class='ocrx_word' id='word_1_431' title='bbox 799 3361 832 3400; x_wconf 90' lang='lat' dir='ltr'>ac</span> <span class='ocrx_word' id='word_1_432' title='bbox 881 3345 1024 3401; x_wconf 82' lang='lat' dir='ltr'>cntionem</span> <span class='ocrx_word' id='word_1_433' title='bbox 1038 3344 1220 3400; x_wconf 89' lang='lat' dir='ltr'>credentibus</span> <span class='ocrx_word' id='word_1_434' title='bbox 1235 3345 1385 3413; x_wconf 83' lang='lat' dir='ltr'>tradimus,</span> <span class='ocrx_word' id='word_1_435' title='bbox 1400 3346 1492 3399; x_wconf 90' lang='lat' dir='ltr'>artem</span> <span class='ocrx_word' id='word_1_436' title='bbox 1507 3344 1575 3399; x_wconf 90' lang='lat' dir='ltr'>belli</span> <span class='ocrx_word' id='word_1_437' title='bbox 1594 3345 1699 3401; x_wconf 85' lang='lat' dir='ltr'>Christi</span> 
     </span>
     <span class='ocr_line' id='line_1_35' title="bbox 102 3438 1698 3512; baseline -0.003 -15"><span class='ocrx_word' id='word_1_438' title='bbox 102 3440 179 3509; x_wconf 85' lang='lat' dir='ltr'>uicis,</span> <span class='ocrx_word' id='word_1_439' title='bbox 195 3457 247 3512; x_wconf 91' lang='lat' dir='ltr'>pro</span> <span class='ocrx_word' id='word_1_440' title='bbox 263 3439 540 3496; x_wconf 88' lang='lat' dir='ltr'>commemoratione</span> <span class='ocrx_word' id='word_1_441' title='bbox 557 3456 622 3494; x_wconf 91' lang='lat' dir='ltr'>mea</span> <span class='ocrx_word' id='word_1_442' title='bbox 637 3440 724 3496; x_wconf 90' lang='lat' dir='ltr'>sacris</span> <span class='ocrx_word' id='word_1_443' title='bbox 737 3438 832 3495; x_wconf 88' lang='lat' dir='ltr'>altari·</span> <span class='ocrx_word' id='word_1_444' title='bbox 881 3438 1019 3494; x_wconf 90' lang='lat' dir='ltr'>militibus</span> <span class='ocrx_word' id='word_1_445' title='bbox 1029 3438 1273 3493; x_wconf 89' lang='lat' dir='ltr'>dcmonstramus.</span> <span class='ocrx_word' id='word_1_446' title='bbox 1288 3438 1406 3493; x_wconf 89' lang='lat' dir='ltr'>Constat</span> <span class='ocrx_word' id='word_1_447' title='bbox 1417 3453 1466 3492; x_wconf 90' lang='lat' dir='ltr'>eos</span> <span class='ocrx_word' id='word_1_448' title='bbox 1477 3438 1552 3492; x_wconf 92' lang='lat' dir='ltr'>nolle</span> <span class='ocrx_word' id='word_1_449' title='bbox 1566 3454 1698 3509; x_wconf 87' lang='lat' dir='ltr'>pugnare</span> 
     </span>
     <span class='ocr_line' id='line_1_36' title="bbox 102 3529 1696 3603; baseline -0.004 -11"><span class='ocrx_word' id='word_1_450' title='bbox 102 3533 220 3592; x_wconf 72' lang='lat' dir='ltr'>deretur</span> <span class='ocrx_word' id='word_1_451' title='bbox 234 3534 352 3590; x_wconf 91' lang='lat' dir='ltr'>oblatio.</span> <span class='ocrx_word' id='word_1_452' title='bbox 881 3533 905 3586; x_wconf 88' lang='lat' dir='ltr'>si</span> <span class='ocrx_word' id='word_1_453' title='bbox 917 3548 1033 3587; x_wconf 89' lang='lat' dir='ltr'>neeesse</span> <span class='ocrx_word' id='word_1_454' title='bbox 1046 3530 1091 3599; x_wconf 87' lang='lat' dir='ltr'>sit,</span> <span class='ocrx_word' id='word_1_455' title='bbox 1108 3529 1156 3602; x_wconf 92' lang='lat' dir='ltr'>qui</span> <span class='ocrx_word' id='word_1_456' title='bbox 1170 3532 1273 3585; x_wconf 89' lang='lat' dir='ltr'>nolunt</span> <span class='ocrx_word' id='word_1_457' title='bbox 1286 3531 1384 3602; x_wconf 90' lang='lat' dir='ltr'>legere</span> <span class='ocrx_word' id='word_1_458' title='bbox 1402 3533 1588 3602; x_wconf 80' lang='lat' dir='ltr'>pugnatores.</span> <span class='ocrx_word' id='word_1_459' title='bbox 1603 3533 1696 3603; x_wconf 91' lang='lat' dir='ltr'>tmpe-</span> 
     </span>
     <span class='ocr_line' id='line_1_37' title="bbox 182 3623 1697 3707; baseline -0.001 -25"><span class='ocrx_word' id='word_1_460' title='bbox 182 3652 226 3705; x_wconf 61' lang='lat' dir='ltr'>pq</span> <span class='ocrx_word' id='word_1_461' title='bbox 247 3666 407 3707; x_wconf 74' lang='lat' dir='ltr'>aneensem</span> <span class='ocrx_word' id='word_1_462' title='bbox 427 3664 662 3706; x_wconf 56' lang='lat' dir='ltr'><strong>mmmmm</strong></span> <span class='ocrx_word' id='word_1_463' title='bbox 881 3627 947 3680; x_wconf 92' lang='lat' dir='ltr'>rent</span> <span class='ocrx_word' id='word_1_464' title='bbox 963 3624 1110 3680; x_wconf 88' lang='lat' dir='ltr'>silentium</span> <span class='ocrx_word' id='word_1_465' title='bbox 1124 3623 1304 3692; x_wconf 85' lang='lat' dir='ltr'>infidelibus,</span> <span class='ocrx_word' id='word_1_466' title='bbox 1323 3626 1454 3696; x_wconf 88' lang='lat' dir='ltr'>spectent</span> <span class='ocrx_word' id='word_1_467' title='bbox 1470 3624 1582 3696; x_wconf 90' lang='lat' dir='ltr'>pugiles</span> <span class='ocrx_word' id='word_1_468' title='bbox 1597 3623 1697 3680; x_wconf 88' lang='lat' dir='ltr'>diaho-</span> 
     </span>
     <span class='ocr_line' id='line_1_38' title="bbox 102 3717 1698 3812; baseline -0.001 -37"><span class='ocrx_word' id='word_1_469' title='bbox 102 3746 200 3802; x_wconf 52' lang='grc' dir='ltr'>,ΜΘ</span> <span class='ocrx_word' id='word_1_470' title='bbox 229 3744 284 3799; x_wconf 66' lang='lat'>„073</span> <span class='ocrx_word' id='word_1_471' title='bbox 314 3745 426 3812; x_wconf 53' lang='lat' dir='ltr'>legenda</span> <span class='ocrx_word' id='word_1_472' title='bbox 458 3745 594 3799; x_wconf 51' lang='lat' dir='ltr'>nomime„</span> <span class='ocrx_word' id='word_1_473' title='bbox 619 3742 776 3797; x_wconf 58' lang='lat' dir='ltr'>psalmarum</span> <span class='ocrx_word' id='word_1_474' title='bbox 800 3742 830 3796; x_wconf 65' lang='lat' dir='ltr'>g„</span> <span class='ocrx_word' id='word_1_475' title='bbox 881 3720 949 3774; x_wconf 88' lang='lat' dir='ltr'>lices</span> <span class='ocrx_word' id='word_1_476' title='bbox 962 3717 1010 3790; x_wconf 91' lang='lat' dir='ltr'>qui</span> <span class='ocrx_word' id='word_1_477' title='bbox 1023 3718 1146 3773; x_wconf 90' lang='lat' dir='ltr'>athletas</span> <span class='ocrx_word' id='word_1_478' title='bbox 1157 3717 1273 3773; x_wconf 84' lang='lat' dir='ltr'>Domini</span> <span class='ocrx_word' id='word_1_479' title='bbox 1285 3720 1415 3789; x_wconf 87' lang='lat' dir='ltr'>spectare</span> <span class='ocrx_word' id='word_1_480' title='bbox 1428 3720 1629 3773; x_wconf 90' lang='lat' dir='ltr'>contemnunt.</span> <span class='ocrx_word' id='word_1_481' title='bbox 1641 3719 1698 3774; x_wconf 86' lang='lat' dir='ltr'>Nos</span> 
     </span>
     <span class='ocr_line' id='line_1_39' title="bbox 275 3810 1696 3886; baseline -0.002 -16"><span class='ocrx_word' id='word_1_482' title='bbox 275 3817 365 3870; x_wconf 84' lang='lat' dir='ltr'>missis</span> <span class='ocrx_word' id='word_1_483' title='bbox 383 3817 502 3886; x_wconf 70' lang='lat' dir='ltr'>plicatis</span> <span class='ocrx_word' id='word_1_484' title='bbox 526 3814 567 3885; x_wconf 88' lang='lat' dir='ltr'>(c).</span> <span class='ocrx_word' id='word_1_485' title='bbox 880 3812 991 3868; x_wconf 86' lang='lat' dir='ltr'>divinae</span> <span class='ocrx_word' id='word_1_486' title='bbox 1007 3811 1125 3866; x_wconf 83' lang='lat' dir='ltr'>virtutes</span> <span class='ocrx_word' id='word_1_487' title='bbox 1144 3810 1300 3883; x_wconf 87' lang='lat' dir='ltr'>loquimur,</span> <span class='ocrx_word' id='word_1_488' title='bbox 1317 3811 1478 3880; x_wconf 87' lang='lat' dir='ltr'>scribimus,</span> <span class='ocrx_word' id='word_1_489' title='bbox 1494 3811 1696 3883; x_wconf 84' lang='lat' dir='ltr'>praedicamus.</span> 
     </span>
     <span class='ocr_line' id='line_1_40' title="bbox 102 3904 1697 3977; baseline -0.003 -12"><span class='ocrx_word' id='word_1_490' title='bbox 102 3909 201 3966; x_wconf 80' lang='lat' dir='ltr'>tainica</span> <span class='ocrx_word' id='word_1_491' title='bbox 214 3909 244 3963; x_wconf 92' lang='lat' dir='ltr'>in</span> <span class='ocrx_word' id='word_1_492' title='bbox 257 3908 391 3963; x_wconf 90' lang='lat' dir='ltr'>Palmis..</span> <span class='ocrx_word' id='word_1_493' title='bbox 409 3951 415 3962; x_wconf 94' lang='lat'>.</span> <span class='ocrx_word' id='word_1_494' title='bbox 429 3949 435 3962; x_wconf 96' lang='lat'>.</span> <span class='ocrx_word' id='word_1_495' title='bbox 452 3950 458 3962; x_wconf 99' lang='lat'>.</span> <span class='ocrx_word' id='word_1_496' title='bbox 474 3906 644 3963; x_wconf 88' lang='lat' dir='ltr'>Sacerdotes</span> <span class='ocrx_word' id='word_1_497' title='bbox 656 3905 693 3961; x_wconf 91' lang='lat' dir='ltr'>ad</span> <span class='ocrx_word' id='word_1_498' title='bbox 705 3905 830 3977; x_wconf 87' lang='lat' dir='ltr'>privates</span> <span class='ocrx_word' id='word_1_499' title='bbox 879 3905 1054 3962; x_wconf 88' lang='lat' dir='ltr'>Prohiheant</span> <span class='ocrx_word' id='word_1_500' title='bbox 1067 3904 1175 3974; x_wconf 75' lang='lat' dir='ltr'>amuli,</span> <span class='ocrx_word' id='word_1_501' title='bbox 1191 3904 1338 3976; x_wconf 91' lang='lat' dir='ltr'>imperent</span> <span class='ocrx_word' id='word_1_502' title='bbox 1354 3905 1500 3961; x_wconf 86' lang='lat' dir='ltr'>silentium</span> <span class='ocrx_word' id='word_1_503' title='bbox 1514 3904 1617 3973; x_wconf 90' lang='lat' dir='ltr'>timidi,</span> <span class='ocrx_word' id='word_1_504' title='bbox 1632 3922 1697 3961; x_wconf 89' lang='lat' dir='ltr'>ver-</span> 
     </span>
     <span class='ocr_line' id='line_1_41' title="bbox 102 3998 1699 4071; baseline -0.003 -12"><span class='ocrx_word' id='word_1_505' title='bbox 102 4020 118 4059; x_wconf 86' lang='lat' dir='ltr'>s</span> <span class='ocrx_word' id='word_1_506' title='bbox 135 4019 225 4058; x_wconf 90' lang='lat' dir='ltr'>unam</span> <span class='ocrx_word' id='word_1_507' title='bbox 248 4004 360 4057; x_wconf 89' lang='lat' dir='ltr'>tantum</span> <span class='ocrx_word' id='word_1_508' title='bbox 385 4002 540 4057; x_wconf 90' lang='lat' dir='ltr'>Collectam</span> <span class='ocrx_word' id='word_1_509' title='bbox 565 4000 676 4065; x_wconf 88' lang='lat' dir='ltr'>dicent;</span> <span class='ocrx_word' id='word_1_510' title='bbox 700 4001 828 4071; x_wconf 88' lang='lat' dir='ltr'>Evange-</span> <span class='ocrx_word' id='word_1_511' title='bbox 879 4000 982 4055; x_wconf 89' lang='lat' dir='ltr'>herent</span> <span class='ocrx_word' id='word_1_512' title='bbox 994 4001 1215 4054; x_wconf 88' lang='lat' dir='ltr'>contemnentes</span> <span class='ocrx_word' id='word_1_513' title='bbox 1231 4015 1238 4054; x_wconf 73' lang='grc' dir='ltr'><strong>ε</strong></span> <span class='ocrx_word' id='word_1_514' title='bbox 1253 3998 1384 4071; x_wconf 90' lang='lat' dir='ltr'>legentes</span> <span class='ocrx_word' id='word_1_515' title='bbox 1398 3998 1559 4071; x_wconf 89' lang='lat' dir='ltr'>increpent,</span> <span class='ocrx_word' id='word_1_516' title='bbox 1575 3998 1699 4054; x_wconf 89' lang='lat' dir='ltr'>libenter</span> 
     </span>
     <span class='ocr_line' id='line_1_42' title="bbox 102 4089 1699 4167; baseline -0.005 -14"><span class='ocrx_word' id='word_1_517' title='bbox 102 4095 194 4153; x_wconf 85' lang='lat' dir='ltr'>:Cum</span> <span class='ocrx_word' id='word_1_518' title='bbox 209 4098 475 4167; x_wconf 59' lang='lat' dir='ltr'>appropinquassem</span> <span class='ocrx_word' id='word_1_519' title='bbox 494 4094 658 4166; x_wconf 88' lang='lat' dir='ltr'>passionem</span> <span class='ocrx_word' id='word_1_520' title='bbox 677 4094 771 4147; x_wconf 88' lang='lat' dir='ltr'>nullus</span> <span class='ocrx_word' id='word_1_521' title='bbox 788 4094 829 4147; x_wconf 90' lang='lat' dir='ltr'>le·</span> <span class='ocrx_word' id='word_1_522' title='bbox 879 4093 941 4148; x_wconf 82' lang='lat' dir='ltr'>hoec</span> <span class='ocrx_word' id='word_1_523' title='bbox 951 4089 1102 4148; x_wconf 87' lang='lat' dir='ltr'>audientes</span> <span class='ocrx_word' id='word_1_524' title='bbox 1111 4096 1255 4161; x_wconf 86' lang='lat' dir='ltr'>accusent;</span> <span class='ocrx_word' id='word_1_525' title='bbox 1267 4091 1363 4165; x_wconf 83' lang='lat'>468</span> <span class='ocrx_word' id='word_1_526' title='bbox 1375 4092 1517 4164; x_wconf 87' lang='lat' dir='ltr'>gloriosos</span> <span class='ocrx_word' id='word_1_527' title='bbox 1528 4091 1699 4146; x_wconf 88' lang='lat' dir='ltr'>saeientmi·</span> 
     </span>
     <span class='ocr_line' id='line_1_43' title="bbox 102 4184 1697 4261; baseline -0.006 -13"><span class='ocrx_word' id='word_1_528' title='bbox 102 4190 141 4247; x_wconf 79' lang='lat' dir='ltr'>isi</span> <span class='ocrx_word' id='word_1_529' title='bbox 154 4191 258 4247; x_wconf 89' lang='lat' dir='ltr'>fratres</span> <span class='ocrx_word' id='word_1_530' title='bbox 271 4190 320 4261; x_wconf 89' lang='lat' dir='ltr'>qni</span> <span class='ocrx_word' id='word_1_531' title='bbox 333 4190 364 4244; x_wconf 88' lang='lat' dir='ltr'>in</span> <span class='ocrx_word' id='word_1_532' title='bbox 379 4188 480 4245; x_wconf 83' lang='lat' dir='ltr'>formis</span> <span class='ocrx_word' id='word_1_533' title='bbox 493 4190 620 4243; x_wconf 90' lang='lat' dir='ltr'>cantant.</span> <span class='ocrx_word' id='word_1_534' title='bbox 635 4188 829 4258; x_wconf 62' lang='lat' dir='ltr'>(Monoecus,</span> <span class='ocrx_word' id='word_1_535' title='bbox 879 4186 944 4241; x_wconf 91' lang='lat' dir='ltr'>lites</span> <span class='ocrx_word' id='word_1_536' title='bbox 964 4186 1083 4242; x_wconf 89' lang='lat' dir='ltr'>vulnera</span> <span class='ocrx_word' id='word_1_537' title='bbox 1102 4202 1155 4257; x_wconf 92' lang='lat' dir='ltr'>pro</span> <span class='ocrx_word' id='word_1_538' title='bbox 1175 4186 1359 4260; x_wconf 90' lang='lat' dir='ltr'>imperatoris</span> <span class='ocrx_word' id='word_1_539' title='bbox 1379 4184 1463 4240; x_wconf 92' lang='lat' dir='ltr'>laude</span> <span class='ocrx_word' id='word_1_540' title='bbox 1486 4188 1626 4255; x_wconf 89' lang='lat' dir='ltr'>suscepta,</span> <span class='ocrx_word' id='word_1_541' title='bbox 1644 4201 1697 4255; x_wconf 92' lang='lat' dir='ltr'>pro</span> 
     </span>
     <span class='ocr_line' id='line_1_44' title="bbox 102 4278 1694 4354; baseline -0.004 -15"><span class='ocrx_word' id='word_1_542' title='bbox 102 4288 158 4340; x_wconf 77' lang='lat' dir='ltr'>ret.</span> <span class='ocrx_word' id='word_1_543' title='bbox 170 4300 223 4354; x_wconf 85' lang='lat' dir='ltr'>pro</span> <span class='ocrx_word' id='word_1_544' title='bbox 235 4283 294 4338; x_wconf 83' lang='lat' dir='ltr'>ord.</span> <span class='ocrx_word' id='word_1_545' title='bbox 309 4285 397 4338; x_wconf 81' lang='lat' dir='ltr'>sancti</span> <span class='ocrx_word' id='word_1_546' title='bbox 407 4283 519 4345; x_wconf 74' lang='lat' dir='ltr'>bened..</span> <span class='ocrx_word' id='word_1_547' title='bbox 529 4297 597 4352; x_wconf 78' lang='lat' dir='ltr'>paq.</span> <span class='ocrx_word' id='word_1_548' title='bbox 613 4281 687 4351; x_wconf 77' lang='grc'>260.)</span> <span class='ocrx_word' id='word_1_549' title='bbox 879 4280 960 4351; x_wconf 79' lang='lat' dir='ltr'>cujus</span> <span class='ocrx_word' id='word_1_550' title='bbox 968 4296 1067 4335; x_wconf 90' lang='lat' dir='ltr'>amore</span> <span class='ocrx_word' id='word_1_551' title='bbox 1078 4280 1167 4335; x_wconf 88' lang='lat' dir='ltr'>etiam</span> <span class='ocrx_word' id='word_1_552' title='bbox 1178 4280 1290 4335; x_wconf 90' lang='lat' dir='ltr'>animas</span> <span class='ocrx_word' id='word_1_553' title='bbox 1298 4295 1407 4350; x_wconf 90' lang='lat' dir='ltr'>ponere</span> <span class='ocrx_word' id='word_1_554' title='bbox 1418 4278 1543 4333; x_wconf 88' lang='lat' dir='ltr'>libenter</span> <span class='ocrx_word' id='word_1_555' title='bbox 1551 4280 1694 4350; x_wconf 88' lang='lat' dir='ltr'>optamus.</span> 
     </span>
     <span class='ocr_line' id='line_1_45' title="bbox 102 4371 1698 4445; baseline -0.006 -12"><span class='ocrx_word' id='word_1_556' title='bbox 102 4377 190 4434; x_wconf 85' lang='lat' dir='ltr'>tamis</span> <span class='ocrx_word' id='word_1_557' title='bbox 198 4378 362 4432; x_wconf 88' lang='lat' dir='ltr'>Palmarum</span> <span class='ocrx_word' id='word_1_558' title='bbox 371 4375 407 4430; x_wconf 91' lang='lat' dir='ltr'>ad</span> <span class='ocrx_word' id='word_1_559' title='bbox 416 4374 617 4430; x_wconf 89' lang='lat' dir='ltr'>matutinalem</span> <span class='ocrx_word' id='word_1_560' title='bbox 628 4373 747 4428; x_wconf 89' lang='lat' dir='ltr'>missam</span> <span class='ocrx_word' id='word_1_561' title='bbox 759 4389 830 4428; x_wconf 90' lang='lat' dir='ltr'>uon·</span> <span class='ocrx_word' id='word_1_562' title='bbox 878 4373 1101 4445; x_wconf 89' lang='lat' dir='ltr'>Triumphorum</span> <span class='ocrx_word' id='word_1_563' title='bbox 1112 4372 1218 4428; x_wconf 89' lang='lat' dir='ltr'>Christi</span> <span class='ocrx_word' id='word_1_564' title='bbox 1228 4389 1260 4427; x_wconf 89' lang='lat' dir='ltr'>ac</span> <span class='ocrx_word' id='word_1_565' title='bbox 1272 4371 1458 4427; x_wconf 90' lang='lat' dir='ltr'>victoriarum</span> <span class='ocrx_word' id='word_1_566' title='bbox 1471 4371 1584 4425; x_wconf 89' lang='lat' dir='ltr'>labores</span> <span class='ocrx_word' id='word_1_567' title='bbox 1594 4371 1698 4425; x_wconf 83' lang='lat' dir='ltr'>exerci-</span> 
     </span>
     <span class='ocr_line' id='line_1_46' title="bbox 102 4463 1696 4540; baseline -0.006 -13"><span class='ocrx_word' id='word_1_568' title='bbox 102 4486 139 4527; x_wconf 84' lang='lat' dir='ltr'>ua</span> <span class='ocrx_word' id='word_1_569' title='bbox 148 4470 274 4527; x_wconf 88' lang='lat' dir='ltr'>Collecta</span> <span class='ocrx_word' id='word_1_570' title='bbox 283 4474 326 4525; x_wconf 88' lang='lat' dir='ltr'>est</span> <span class='ocrx_word' id='word_1_571' title='bbox 336 4469 473 4536; x_wconf 74' lang='lat' dir='ltr'>dicenda,</span> <span class='ocrx_word' id='word_1_572' title='bbox 485 4485 539 4522; x_wconf 88' lang='lat' dir='ltr'>nec</span> <span class='ocrx_word' id='word_1_573' title='bbox 548 4467 643 4540; x_wconf 91' lang='lat' dir='ltr'>passio</span> <span class='ocrx_word' id='word_1_574' title='bbox 654 4466 768 4539; x_wconf 88' lang='lat' dir='ltr'>legitur,</span> <span class='ocrx_word' id='word_1_575' title='bbox 778 4464 868 4537; x_wconf 79' lang='lat' dir='ltr'>sedl)</span> <span class='ocrx_word' id='word_1_576' title='bbox 880 4466 955 4522; x_wconf 88' lang='lat' dir='ltr'>tibus</span> <span class='ocrx_word' id='word_1_577' title='bbox 968 4465 1004 4521; x_wconf 92' lang='lat' dir='ltr'>dc</span> <span class='ocrx_word' id='word_1_578' title='bbox 1023 4465 1140 4521; x_wconf 90' lang='lat' dir='ltr'>occultis</span> <span class='ocrx_word' id='word_1_579' title='bbox 1156 4465 1226 4520; x_wconf 85' lang='lat' dir='ltr'>foris</span> <span class='ocrx_word' id='word_1_580' title='bbox 1245 4463 1430 4536; x_wconf 78' lang='lat' dir='ltr'>proferimus</span> <span class='ocrx_word' id='word_1_581' title='bbox 1445 4463 1558 4521; x_wconf 88' lang='lat' dir='ltr'>Scimus</span> <span class='ocrx_word' id='word_1_582' title='bbox 1574 4480 1696 4536; x_wconf 88' lang='lat' dir='ltr'>pugnes,</span> 
     </span>
     <span class='ocr_line' id='line_1_47' title="bbox 102 4556 1699 4631; baseline -0.005 -11"><span class='ocrx_word' id='word_1_583' title='bbox 102 4566 191 4621; x_wconf 74' lang='lat' dir='ltr'>lutum</span> <span class='ocrx_word' id='word_1_584' title='bbox 207 4564 291 4619; x_wconf 92' lang='lat' dir='ltr'>lectio</span> <span class='ocrx_word' id='word_1_585' title='bbox 307 4562 397 4618; x_wconf 89' lang='lat' dir='ltr'>sancti</span> <span class='ocrx_word' id='word_1_586' title='bbox 413 4561 560 4631; x_wconf 86' lang='lat' dir='ltr'>Evangelii</span> <span class='ocrx_word' id='word_1_587' title='bbox 575 4578 582 4616; x_wconf 76' lang='grc' dir='ltr'>ε</span> <span class='ocrx_word' id='word_1_588' title='bbox 597 4562 663 4616; x_wconf 86' lang='lat' dir='ltr'>Cum</span> <span class='ocrx_word' id='word_1_589' title='bbox 678 4562 831 4631; x_wconf 80' lang='lat' dir='ltr'>appropin-</span> <span class='ocrx_word' id='word_1_590' title='bbox 883 4575 954 4631; x_wconf 89' lang='lat' dir='ltr'>quas</span> <span class='ocrx_word' id='word_1_591' title='bbox 963 4558 1004 4614; x_wconf 90' lang='lat' dir='ltr'>illi</span> <span class='ocrx_word' id='word_1_592' title='bbox 1015 4557 1166 4614; x_wconf 80' lang='lat' dir='ltr'>visibiliter</span> <span class='ocrx_word' id='word_1_593' title='bbox 1177 4557 1252 4630; x_wconf 91' lang='lat' dir='ltr'>passi</span> <span class='ocrx_word' id='word_1_594' title='bbox 1266 4557 1332 4625; x_wconf 89' lang='lat' dir='ltr'>sint,</span> <span class='ocrx_word' id='word_1_595' title='bbox 1342 4556 1522 4613; x_wconf 81' lang='lat' dir='ltr'>invisibiliter</span> <span class='ocrx_word' id='word_1_596' title='bbox 1534 4557 1617 4613; x_wconf 91' lang='lat' dir='ltr'>nohis</span> <span class='ocrx_word' id='word_1_597' title='bbox 1628 4557 1699 4612; x_wconf 85' lang='lat' dir='ltr'>exci-</span> 
     </span>
     <span class='ocr_line' id='line_1_48' title="bbox 102 4651 1700 4725; baseline -0.006 -10"><span class='ocrx_word' id='word_1_598' title='bbox 102 4660 209 4715; x_wconf 84' lang='lat' dir='ltr'>tlesus.</span> <span class='ocrx_word' id='word_1_599' title='bbox 229 4657 312 4723; x_wconf 82' lang='lat' dir='ltr'>Quod</span> <span class='ocrx_word' id='word_1_600' title='bbox 329 4657 418 4712; x_wconf 88' lang='lat' dir='ltr'>etiam</span> <span class='ocrx_word' id='word_1_601' title='bbox 433 4656 542 4711; x_wconf 90' lang='lat' dir='ltr'>cunctis</span> <span class='ocrx_word' id='word_1_602' title='bbox 559 4653 768 4722; x_wconf 89' lang='lat' dir='ltr'>sacerdotibus,</span> <span class='ocrx_word' id='word_1_603' title='bbox 784 4655 833 4724; x_wconf 89' lang='lat' dir='ltr'>qui</span> <span class='ocrx_word' id='word_1_604' title='bbox 883 4652 938 4708; x_wconf 90' lang='lat' dir='ltr'>tari</span> <span class='ocrx_word' id='word_1_605' title='bbox 948 4651 1087 4725; x_wconf 92' lang='lat' dir='ltr'>quotidie,</span> <span class='ocrx_word' id='word_1_606' title='bbox 1095 4653 1123 4706; x_wconf 93' lang='lat' dir='ltr'>et</span> <span class='ocrx_word' id='word_1_607' title='bbox 1132 4652 1322 4723; x_wconf 88' lang='lat' dir='ltr'>neglegenter</span> <span class='ocrx_word' id='word_1_608' title='bbox 1330 4654 1494 4723; x_wconf 90' lang='lat' dir='ltr'>pugnantes</span> <span class='ocrx_word' id='word_1_609' title='bbox 1502 4651 1596 4708; x_wconf 89' lang='lat' dir='ltr'>acrius</span> <span class='ocrx_word' id='word_1_610' title='bbox 1604 4651 1700 4706; x_wconf 90' lang='lat' dir='ltr'>vulne·</span> 
     </span>
     <span class='ocr_line' id='line_1_49' title="bbox 102 4743 1699 4821; baseline -0.004 -14"><span class='ocrx_word' id='word_1_611' title='bbox 102 4768 136 4808; x_wconf 86' lang='lat' dir='ltr'>as</span> <span class='ocrx_word' id='word_1_612' title='bbox 149 4751 253 4807; x_wconf 89' lang='lat' dir='ltr'>missas</span> <span class='ocrx_word' id='word_1_613' title='bbox 266 4751 454 4817; x_wconf 89' lang='lat' dir='ltr'>cantaverint,</span> <span class='ocrx_word' id='word_1_614' title='bbox 470 4748 644 4821; x_wconf 76' lang='lat' dir='ltr'>praecipitur,</span> <span class='ocrx_word' id='word_1_615' title='bbox 661 4750 693 4802; x_wconf 89' lang='lat' dir='ltr'>ut</span> <span class='ocrx_word' id='word_1_616' title='bbox 706 4746 763 4803; x_wconf 89' lang='lat' dir='ltr'>sint</span> <span class='ocrx_word' id='word_1_617' title='bbox 780 4763 833 4819; x_wconf 87' lang='lat' dir='ltr'>pa·</span> <span class='ocrx_word' id='word_1_618' title='bbox 882 4745 1032 4817; x_wconf 87' lang='lat' dir='ltr'>rari.Ergo</span> <span class='ocrx_word' id='word_1_619' title='bbox 1043 4747 1075 4799; x_wconf 96' lang='lat' dir='ltr'>ut</span> <span class='ocrx_word' id='word_1_620' title='bbox 1084 4760 1166 4800; x_wconf 89' lang='lat' dir='ltr'>arma</span> <span class='ocrx_word' id='word_1_621' title='bbox 1178 4747 1347 4816; x_wconf 87' lang='lat' dir='ltr'>pertractes,</span> <span class='ocrx_word' id='word_1_622' title='bbox 1359 4744 1484 4801; x_wconf 89' lang='lat' dir='ltr'>adtende</span> <span class='ocrx_word' id='word_1_623' title='bbox 1494 4746 1651 4813; x_wconf 89' lang='lat' dir='ltr'>bellantes;</span> <span class='ocrx_word' id='word_1_624' title='bbox 1662 4743 1699 4800; x_wconf 92' lang='lat' dir='ltr'>da</span> 
     </span>
     <span class='ocr_line' id='line_1_50' title="bbox 102 4837 1584 4917; baseline -0.004 -17"><span class='ocrx_word' id='word_1_625' title='bbox 102 4844 116 4900; x_wconf 89' lang='lat' dir='ltr'>d</span> <span class='ocrx_word' id='word_1_626' title='bbox 129 4845 201 4901; x_wconf 90' lang='lat' dir='ltr'>duas</span> <span class='ocrx_word' id='word_1_627' title='bbox 212 4844 410 4917; x_wconf 89' lang='lat' dir='ltr'>processiones</span> <span class='ocrx_word' id='word_1_628' title='bbox 422 4859 485 4914; x_wconf 82' lang='lat' dir='ltr'>quae</span> <span class='ocrx_word' id='word_1_629' title='bbox 499 4842 548 4897; x_wconf 89' lang='lat' dir='ltr'>illo</span> <span class='ocrx_word' id='word_1_630' title='bbox 560 4841 607 4897; x_wconf 91' lang='lat' dir='ltr'>die</span> <span class='ocrx_word' id='word_1_631' title='bbox 622 4843 689 4895; x_wconf 89' lang='lat' dir='ltr'>sunt</span> <span class='ocrx_word' id='word_1_632' title='bbox 698 4841 832 4912; x_wconf 73' lang='lat' dir='ltr'>agendae.</span> <span class='ocrx_word' id='word_1_633' title='bbox 883 4840 1013 4894; x_wconf 90' lang='lat' dir='ltr'>mentem</span> <span class='ocrx_word' id='word_1_634' title='bbox 1025 4837 1134 4906; x_wconf 89' lang='lat' dir='ltr'>studiis,</span> <span class='ocrx_word' id='word_1_635' title='bbox 1149 4839 1181 4893; x_wconf 91' lang='lat' dir='ltr'>ut</span> <span class='ocrx_word' id='word_1_636' title='bbox 1192 4837 1282 4893; x_wconf 91' lang='lat' dir='ltr'>hostis</span> <span class='ocrx_word' id='word_1_637' title='bbox 1294 4837 1412 4911; x_wconf 90' lang='lat' dir='ltr'>incipiat</span> <span class='ocrx_word' id='word_1_638' title='bbox 1426 4842 1455 4894; x_wconf 87' lang='lat' dir='ltr'>te</span> <span class='ocrx_word' id='word_1_639' title='bbox 1469 4838 1584 4894; x_wconf 90' lang='lat' dir='ltr'>timere.</span> 
     </span>
     <span class='ocr_line' id='line_1_51' title="bbox 102 4931 1698 5007; baseline -0.003 -12"><span class='ocrx_word' id='word_1_640' title='bbox 102 4940 179 5004; x_wconf 68' lang='lat' dir='ltr'>deus,</span> <span class='ocrx_word' id='word_1_641' title='bbox 191 4941 223 4993; x_wconf 83' lang='lat' dir='ltr'>in</span> <span class='ocrx_word' id='word_1_642' title='bbox 236 4940 282 4993; x_wconf 86' lang='lat' dir='ltr'>tib.</span> <span class='ocrx_word' id='word_1_643' title='bbox 296 4955 305 4993; x_wconf 88' lang='lat'>1</span> <span class='ocrx_word' id='word_1_644' title='bbox 319 4937 484 4994; x_wconf 74' lang='lat' dir='ltr'>consuetud.</span> <span class='ocrx_word' id='word_1_645' title='bbox 499 4936 635 4999; x_wconf 74' lang='lat' dir='ltr'>Cluniae..</span> <span class='ocrx_word' id='word_1_646' title='bbox 654 4950 715 5006; x_wconf 84' lang='lat' dir='ltr'>cop.</span> <span class='ocrx_word' id='word_1_647' title='bbox 734 4935 789 5007; x_wconf 74' lang='lat' dir='ltr'>et.)</span> <span class='ocrx_word' id='word_1_648' title='bbox 918 4936 944 4988; x_wconf 80' lang='lat'>2.</span> <span class='ocrx_word' id='word_1_649' title='bbox 957 4931 1141 4988; x_wconf 80' lang='lat' dir='ltr'>Beatissimae</span> <span class='ocrx_word' id='word_1_650' title='bbox 1151 4935 1293 5004; x_wconf 81' lang='lat' dir='ltr'>martyres</span> <span class='ocrx_word' id='word_1_651' title='bbox 1308 4931 1452 5000; x_wconf 87' lang='lat' dir='ltr'>Cantium,</span> <span class='ocrx_word' id='word_1_652' title='bbox 1466 4933 1650 5003; x_wconf 87' lang='lat' dir='ltr'>Cantianum,</span> <span class='ocrx_word' id='word_1_653' title='bbox 1668 4937 1698 4990; x_wconf 93' lang='lat' dir='ltr'>et</span> 
     </span>
     <span class='ocr_line' id='line_1_52' title="bbox 102 5024 1697 5101; baseline -0.003 -13"><span class='ocrx_word' id='word_1_654' title='bbox 102 5033 169 5089; x_wconf 80' lang='lat' dir='ltr'>cndu</span> <span class='ocrx_word' id='word_1_655' title='bbox 185 5033 292 5087; x_wconf 89' lang='lat' dir='ltr'>erimus</span> <span class='ocrx_word' id='word_1_656' title='bbox 305 5031 379 5087; x_wconf 90' lang='lat' dir='ltr'>circa</span> <span class='ocrx_word' id='word_1_657' title='bbox 390 5031 481 5085; x_wconf 85' lang='lat' dir='ltr'>finem</span> <span class='ocrx_word' id='word_1_658' title='bbox 492 5030 623 5097; x_wconf 86' lang='lat' dir='ltr'>Tractus,</span> <span class='ocrx_word' id='word_1_659' title='bbox 640 5028 758 5084; x_wconf 90' lang='lat' dir='ltr'>sacrista</span> <span class='ocrx_word' id='word_1_660' title='bbox 770 5029 832 5101; x_wconf 89' lang='lat' dir='ltr'>pul·</span> <span class='ocrx_word' id='word_1_661' title='bbox 883 5024 1105 5095; x_wconf 89' lang='lat' dir='ltr'>Cantianellum,</span> <span class='ocrx_word' id='word_1_662' title='bbox 1120 5043 1137 5081; x_wconf 92' lang='lat' dir='ltr'>a</span> <span class='ocrx_word' id='word_1_663' title='bbox 1150 5026 1310 5098; x_wconf 74' lang='lat' dir='ltr'>paedagogo</span> <span class='ocrx_word' id='word_1_664' title='bbox 1325 5042 1376 5080; x_wconf 90' lang='lat' dir='ltr'>suo</span> <span class='ocrx_word' id='word_1_665' title='bbox 1386 5028 1472 5081; x_wconf 88' lang='lat' dir='ltr'>Proto</span> <span class='ocrx_word' id='word_1_666' title='bbox 1486 5027 1567 5082; x_wconf 89' lang='lat' dir='ltr'>valde</span> <span class='ocrx_word' id='word_1_667' title='bbox 1577 5028 1635 5082; x_wconf 87' lang='lat' dir='ltr'>ilde</span> <span class='ocrx_word' id='word_1_668' title='bbox 1651 5044 1697 5083; x_wconf 85' lang='lat' dir='ltr'>ea-</span> 
     </span>
     <span class='ocr_line' id='line_1_53' title="bbox 102 5119 1697 5198; baseline -0.001 -18"><span class='ocrx_word' id='word_1_669' title='bbox 102 5142 183 5181; x_wconf 89' lang='lat' dir='ltr'>rnam</span> <span class='ocrx_word' id='word_1_670' title='bbox 192 5142 312 5198; x_wconf 87' lang='lat' dir='ltr'>parvam</span> <span class='ocrx_word' id='word_1_671' title='bbox 321 5140 493 5196; x_wconf 89' lang='lat' dir='ltr'>campanam</span> <span class='ocrx_word' id='word_1_672' title='bbox 503 5139 555 5194; x_wconf 90' lang='lat' dir='ltr'>pru</span> <span class='ocrx_word' id='word_1_673' title='bbox 564 5121 772 5195; x_wconf 88' lang='lat' dir='ltr'>congregando</span> <span class='ocrx_word' id='word_1_674' title='bbox 782 5121 832 5176; x_wconf 92' lang='lat' dir='ltr'>do·</span> <span class='ocrx_word' id='word_1_675' title='bbox 882 5120 989 5176; x_wconf 87' lang='lat' dir='ltr'>thelica</span> <span class='ocrx_word' id='word_1_676' title='bbox 1003 5119 1090 5176; x_wconf 82' lang='lat' dir='ltr'>fuisse</span> <span class='ocrx_word' id='word_1_677' title='bbox 1105 5120 1231 5176; x_wconf 87' lang='lat' dir='ltr'>eductos.</span> <span class='ocrx_word' id='word_1_678' title='bbox 1248 5119 1336 5190; x_wconf 91' lang='lat' dir='ltr'>..qui</span> <span class='ocrx_word' id='word_1_679' title='bbox 1351 5119 1387 5173; x_wconf 87' lang='lat' dir='ltr'>de</span> <span class='ocrx_word' id='word_1_680' title='bbox 1397 5135 1504 5190; x_wconf 89' lang='lat' dir='ltr'>genere</span> <span class='ocrx_word' id='word_1_681' title='bbox 1518 5121 1697 5191; x_wconf 81' lang='lat' dir='ltr'>Aniciorum,</span> 
     </span>
     <span class='ocr_line' id='line_1_54' title="bbox 102 5202 1700 5290; baseline -0.002 -16"><span class='ocrx_word' id='word_1_682' title='bbox 102 5236 110 5274; x_wconf 82' lang='lat' dir='ltr'>s</span> <span class='ocrx_word' id='word_1_683' title='bbox 123 5218 160 5275; x_wconf 89' lang='lat' dir='ltr'>ad</span> <span class='ocrx_word' id='word_1_684' title='bbox 174 5218 351 5274; x_wconf 91' lang='lat' dir='ltr'>audiendam</span> <span class='ocrx_word' id='word_1_685' title='bbox 364 5217 540 5290; x_wconf 85' lang='lat' dir='ltr'>passionem,</span> <span class='ocrx_word' id='word_1_686' title='bbox 552 5216 620 5288; x_wconf 89' lang='lat' dir='ltr'>quia</span> <span class='ocrx_word' id='word_1_687' title='bbox 635 5216 700 5287; x_wconf 91' lang='lat' dir='ltr'>ipsa</span> <span class='ocrx_word' id='word_1_688' title='bbox 715 5231 773 5270; x_wconf 92' lang='lat' dir='ltr'>non</span> <span class='ocrx_word' id='word_1_689' title='bbox 787 5214 833 5269; x_wconf 92' lang='lat' dir='ltr'>de·</span> <span class='ocrx_word' id='word_1_690' title='bbox 883 5215 937 5269; x_wconf 91' lang='lat' dir='ltr'>hoc</span> <span class='ocrx_word' id='word_1_691' title='bbox 949 5213 1070 5269; x_wconf 81' lang='lat' dir='ltr'>estdivae</span> <span class='ocrx_word' id='word_1_692' title='bbox 1078 5214 1227 5269; x_wconf 79' lang='lat' dir='ltr'>memoriae</span> <span class='ocrx_word' id='word_1_693' title='bbox 1236 5212 1331 5269; x_wconf 87' lang='lat' dir='ltr'>Carini</span> <span class='ocrx_word' id='word_1_694' title='bbox 1340 5202 1700 5285; x_wconf 88' lang='lat' dir='ltr'>imperatoris,n0scuntur</span> 
     </span>
     <span class='ocr_line' id='line_1_55' title="bbox 102 5305 1698 5386; baseline 0 -21"><span class='ocrx_word' id='word_1_695' title='bbox 102 5312 137 5386; x_wconf 66' lang='lat' dir='ltr'>igi</span> <span class='ocrx_word' id='word_1_696' title='bbox 151 5312 208 5368; x_wconf 90' lang='lat' dir='ltr'>nisi</span> <span class='ocrx_word' id='word_1_697' title='bbox 224 5312 253 5367; x_wconf 93' lang='lat' dir='ltr'>in</span> <span class='ocrx_word' id='word_1_698' title='bbox 273 5328 382 5384; x_wconf 91' lang='lat' dir='ltr'>magna</span> <span class='ocrx_word' id='word_1_699' title='bbox 400 5311 487 5366; x_wconf 90' lang='lat' dir='ltr'>missa</span> <span class='ocrx_word' id='word_1_700' title='bbox 506 5311 732 5382; x_wconf 84' lang='lat' dir='ltr'>(Consuetudines</span> <span class='ocrx_word' id='word_1_701' title='bbox 746 5311 835 5364; x_wconf 83' lang='lat' dir='ltr'>suncti</span> <span class='ocrx_word' id='word_1_702' title='bbox 883 5307 1037 5379; x_wconf 88' lang='lat' dir='ltr'>progeniti,</span> <span class='ocrx_word' id='word_1_703' title='bbox 1050 5311 1079 5362; x_wconf 92' lang='lat' dir='ltr'>et</span> <span class='ocrx_word' id='word_1_704' title='bbox 1090 5308 1165 5362; x_wconf 89' lang='lat' dir='ltr'>intra</span> <span class='ocrx_word' id='word_1_705' title='bbox 1175 5305 1276 5361; x_wconf 89' lang='lat' dir='ltr'>urbem</span> <span class='ocrx_word' id='word_1_706' title='bbox 1287 5306 1421 5376; x_wconf 86' lang='lat' dir='ltr'>Romam,</span> <span class='ocrx_word' id='word_1_707' title='bbox 1432 5307 1463 5363; x_wconf 93' lang='lat' dir='ltr'>in</span> <span class='ocrx_word' id='word_1_708' title='bbox 1474 5310 1698 5380; x_wconf 88' lang='lat' dir='ltr'>quartadecima</span> 
     </span>
     <span class='ocr_line' id='line_1_56' title="bbox 102 5422 1699 5501; baseline -0.003 -18"><span class='ocrx_word' id='word_1_709' title='bbox 102 5426 171 5484; x_wconf 75' lang='lat' dir='ltr'>tude</span> <span class='ocrx_word' id='word_1_710' title='bbox 187 5444 273 5501; x_wconf 85' lang='lat' dir='ltr'>pagg.</span> <span class='ocrx_word' id='word_1_711' title='bbox 289 5430 322 5483; x_wconf 84' lang='grc'>66</span> <span class='ocrx_word' id='word_1_712' title='bbox 339 5430 368 5482; x_wconf 91' lang='lat' dir='ltr'>et</span> <span class='ocrx_word' id='word_1_713' title='bbox 379 5430 423 5482; x_wconf 83' lang='grc'>93.</span> <span class='ocrx_word' id='word_1_714' title='bbox 883 5423 1018 5480; x_wconf 82' lang='lat' dir='ltr'>Christum</span> <span class='ocrx_word' id='word_1_715' title='bbox 1029 5425 1114 5478; x_wconf 84' lang='lat' dir='ltr'>Deum</span> <span class='ocrx_word' id='word_1_716' title='bbox 1122 5437 1215 5478; x_wconf 79' lang='lat' dir='ltr'>ceum</span> <span class='ocrx_word' id='word_1_717' title='bbox 1226 5422 1373 5478; x_wconf 84' lang='lat' dir='ltr'>colentibus</span> <span class='ocrx_word' id='word_1_718' title='bbox 1385 5425 1521 5492; x_wconf 59' lang='lat' dir='ltr'>matribus</span> <span class='ocrx_word' id='word_1_719' title='bbox 1529 5441 1582 5495; x_wconf 81' lang='lat' dir='ltr'>per</span> <span class='ocrx_word' id='word_1_720' title='bbox 1595 5440 1699 5480; x_wconf 83' lang='lat' dir='ltr'>omnem</span> 
     </span>
     <span class='ocr_line' id='line_1_57' title="bbox 102 5495 1699 5571; baseline -0.004 -17"><span class='ocrx_word' id='word_1_721' title='bbox 102 5499 172 5555; x_wconf 76' lang='lat' dir='ltr'>lirde</span> <span class='ocrx_word' id='word_1_722' title='bbox 186 5515 254 5571; x_wconf 87' lang='lat' dir='ltr'>pag.</span> <span class='ocrx_word' id='word_1_723' title='bbox 272 5499 331 5554; x_wconf 75' lang='lat' dir='ltr'>tat.</span> <span class='ocrx_word' id='word_1_724' title='bbox 882 5496 1003 5558; x_wconf 84' lang='lat' dir='ltr'>ltaliam,</span> <span class='ocrx_word' id='word_1_725' title='bbox 1026 5496 1057 5547; x_wconf 84' lang='lat' dir='ltr'>in</span> <span class='ocrx_word' id='word_1_726' title='bbox 1073 5495 1186 5548; x_wconf 79' lang='lat' dir='ltr'>Domino</span> <span class='ocrx_word' id='word_1_727' title='bbox 1204 5509 1307 5549; x_wconf 79' lang='lat' dir='ltr'>emnem</span> <span class='ocrx_word' id='word_1_728' title='bbox 1328 5496 1453 5551; x_wconf 87' lang='lat' dir='ltr'>satutem.</span> <span class='ocrx_word' id='word_1_729' title='bbox 1476 5496 1573 5553; x_wconf 84' lang='lat' dir='ltr'>Omnia</span> <span class='ocrx_word' id='word_1_730' title='bbox 1596 5510 1656 5564; x_wconf 77' lang='lat' dir='ltr'>qua</span> <span class='ocrx_word' id='word_1_731' title='bbox 1680 5509 1699 5547; x_wconf 87' lang='lat' dir='ltr'>o</span> 
     </span>
     <span class='ocr_line' id='line_1_58' title="bbox 102 5564 1698 5642; baseline -0.006 -15"><span class='ocrx_word' id='word_1_732' title='bbox 102 5569 168 5627; x_wconf 79' lang='lat' dir='ltr'>tide</span> <span class='ocrx_word' id='word_1_733' title='bbox 183 5586 251 5642; x_wconf 86' lang='lat' dir='ltr'>pag.</span> <span class='ocrx_word' id='word_1_734' title='bbox 270 5572 330 5627; x_wconf 74' lang='lat'>127.</span> <span class='ocrx_word' id='word_1_735' title='bbox 882 5567 1000 5628; x_wconf 84' lang='lat' dir='ltr'>Sanctis,</span> <span class='ocrx_word' id='word_1_736' title='bbox 1017 5580 1108 5635; x_wconf 91' lang='lat' dir='ltr'>usque</span> <span class='ocrx_word' id='word_1_737' title='bbox 1126 5564 1163 5619; x_wconf 93' lang='lat' dir='ltr'>ad</span> <span class='ocrx_word' id='word_1_738' title='bbox 1179 5568 1348 5636; x_wconf 88' lang='lat' dir='ltr'>sequentem</span> <span class='ocrx_word' id='word_1_739' title='bbox 1364 5583 1488 5635; x_wconf 88' lang='lat' dir='ltr'>versum,</span> <span class='ocrx_word' id='word_1_740' title='bbox 1502 5566 1650 5623; x_wconf 75' lang='lat' dir='ltr'>Scribimus</span> <span class='ocrx_word' id='word_1_741' title='bbox 1666 5568 1698 5618; x_wconf 89' lang='lat' dir='ltr'>ut</span> 
     </span>
     <span class='ocr_line' id='line_1_59' title="bbox 102 5631 1698 5767; baseline -0.005 -70"><span class='ocrx_word' id='word_1_742' title='bbox 102 5641 176 5697; x_wconf 78' lang='lat' dir='ltr'>Vide</span> <span class='ocrx_word' id='word_1_743' title='bbox 190 5657 258 5767; x_wconf 60' lang='lat' dir='ltr'>flag.</span> <span class='ocrx_word' id='word_1_744' title='bbox 276 5643 336 5696; x_wconf 75' lang='lat'>386.</span> <span class='ocrx_word' id='word_1_745' title='bbox 882 5638 913 5689; x_wconf 84' lang='lat' dir='ltr'>in</span> <span class='ocrx_word' id='word_1_746' title='bbox 929 5637 1011 5705; x_wconf 76' lang='lat' dir='ltr'>gestis</span> <span class='ocrx_word' id='word_1_747' title='bbox 1024 5637 1186 5701; x_wconf 81' lang='lat' dir='ltr'>invenimus,</span> <span class='ocrx_word' id='word_1_748' title='bbox 1201 5640 1267 5705; x_wconf 72' lang='lat' dir='ltr'>etc,</span> <span class='ocrx_word' id='word_1_749' title='bbox 1284 5638 1388 5709; x_wconf 90' lang='lat' dir='ltr'>quibus</span> <span class='ocrx_word' id='word_1_750' title='bbox 1406 5637 1527 5705; x_wconf 91' lang='lat' dir='ltr'>omissis,</span> <span class='ocrx_word' id='word_1_751' title='bbox 1543 5631 1698 5690; x_wconf 87' lang='lat' dir='ltr'>resumitur</span> 
     </span>
    </p>
   </div>
   <div class='ocr_carea' id='block_1_3' title="bbox 102 5706 1411 5855">
    <p class='ocr_par' dir='ltr' id='par_1_3' title="bbox 102 5706 1411 5855">
     <span class='ocr_line' id='line_1_60' title="bbox 102 5706 1411 5785; baseline -0.002 -16"><span class='ocrx_word' id='word_1_752' title='bbox 102 5713 186 5769; x_wconf 73' lang='lat' dir='ltr'>lusio</span> <span class='ocrx_word' id='word_1_753' title='bbox 212 5709 533 5782; x_wconf 78' lang='lat' dir='ltr'>ecapudllemhritium</span> <span class='ocrx_word' id='word_1_754' title='bbox 540 5706 833 5765; x_wconf 73' lang='lat' dir='ltr'>Anthrosictrihuitur</span> <span class='ocrx_word' id='word_1_755' title='bbox 884 5707 1001 5765; x_wconf 87' lang='lat' dir='ltr'>lectio-a</span> <span class='ocrx_word' id='word_1_756' title='bbox 1016 5707 1148 5780; x_wconf 85' lang='lat' dir='ltr'>sequenti</span> <span class='ocrx_word' id='word_1_757' title='bbox 1160 5724 1282 5766; x_wconf 86' lang='lat' dir='ltr'>numere</span> <span class='ocrx_word' id='word_1_758' title='bbox 1299 5714 1411 5785; x_wconf 88' lang='lat' dir='ltr'>quarto.</span> 
     </span>
     <span class='ocr_line' id='line_1_61' title="bbox 102 5779 830 5855; baseline -0.007 -14"><span class='ocrx_word' id='word_1_759' title='bbox 102 5800 141 5843; x_wconf 87' lang='lat' dir='ltr'>cc</span> <span class='ocrx_word' id='word_1_760' title='bbox 154 5783 260 5842; x_wconf 87' lang='lat' dir='ltr'>initio:</span> <span class='ocrx_word' id='word_1_761' title='bbox 277 5784 375 5843; x_wconf 79' lang='lat' dir='ltr'>secus</span> <span class='ocrx_word' id='word_1_762' title='bbox 390 5779 490 5839; x_wconf 81' lang='lat' dir='ltr'>Christi</span> <span class='ocrx_word' id='word_1_763' title='bbox 507 5781 666 5838; x_wconf 81' lang='lat' dir='ltr'>Ambrosius</span> <span class='ocrx_word' id='word_1_764' title='bbox 682 5779 830 5855; x_wconf 66' lang='lat' dir='ltr'>epicopus,</span> 
     </span>
    </p>
   </div>
   <div class='ocr_carea' id='block_1_4' title="bbox 0 0 1945 6148">
    <p class='ocr_par' dir='ltr' id='par_1_4' title="bbox 0 0 1945 6148">
     <span class='ocr_line' id='line_1_62' title="bbox 0 0 1945 6148; baseline 0 0"><span class='ocrx_word' id='word_1_765' title='bbox 0 0 1945 6148; x_wconf 95' lang='lat' dir='ltr'> </span> 
     </span>
    </p>
   </div>
  </div>
 </body>
</html>
