3884 6150
54 257 109 311 265
598 261 641 318 DE
659 261 816 320 muncia
833 261 1019 321 astucius
1037 260 1136 322 LlBEll
1154 267 1199 322 lii.
1687 276 1739 330 roo

54 362 122 418 viris
147 363 193 419 via
217 364 354 436 vestitur3
379 366 486 422 Victori
513 384 585 424 novo
608 371 732 442 populus
757 375 874 444 prestat
883 371 989 458 Alidei
1002 372 1149 430 devotione
1161 374 1291 445 conlatis,
1304 379 1413 432 mutue
1434 377 1555 436 invicem
1575 379 1741 438 soDicitudi·

54 456 247 529 triumphum.
261 459 358 531 Surgit
365 464 441 515 totus
454 461 600 518 clamorin
613 462 713 530 lande;
728 481 810 522 voces
819 467 875 523 cia·
925 467 969 522 nis
982 472 1046 524 rota
1067 485 1241 541 promamus,
1258 470 1400 526 aDomini
1421 470 1524 545 pietate
1543 479 1690 546 poscentes
1709 480 1740 532 ut

55 550 199 607 manlium
220 556 370 624 penetrant
383 555 533 627 tempium,
549 557 694 614 dicentes:
711 560 877 617 Benedictus
926 561 1010 616 corda
1029 563 1158 619 omnium
1178 564 1347 621 oilerentum
1367 566 1403 620 ad
1425 566 1547 623 hostiam
1564 567 1741 626 rationabilis

56 644 105 715 qui
117 644 197 700 venit
210 645 240 700 in
254 646 368 702 nomine
381 646 506 704 Domini.
516 650 594 722 Ecce,
609 651 795 721 Hierusalem,
810 671 876 727 qna·
926 659 955 710 et
968 657 1143 728 complacitae
1153 657 1205 713 sibi
1216 659 1442 715 sanctificationis
1451 661 1595 730 emundet,
1610 667 1639 717 et
1648 663 1742 735 quies·

56 735 121 792 liter
135 737 190 793 tibi
204 739 263 794 ilex
285 743 351 794 tuus
368 741 468 797 sedens
486 759 573 815 super
586 745 697 801 asinum
712 754 876 804 mansuetus

57 829 181 886 advenit.
196 831 303 887 Adveni
316 849 396 904 ergo,
411 851 556 907 rogamus,
566 840 594 893 et
605 837 636 894 in
648 838 776 896 medium
788 841 877 902 nostri

57 923 181 994 adsiste;
201 929 230 981 et
251 926 368 998 quinos
385 933 453 984 tunc
466 931 603 1003 reparasti
619 949 672 1005 per
686 950 809 1006 crucem,
824 951 877 1008 per

57 1016 143 1073 isium
159 1018 338 1076 immolatum
353 1038 456 1094 panem
469 1029 497 1079 et
510 1026 680 1097 sangninem
695 1027 801 1085 iterum
814 1028 875 1102 lap·

58 1126 102 1166 sos
122 1127 233 1184 repara,
256 1119 289 1169 ut
305 1119 333 1170 te
347 1114 479 1172 advenire
492 1117 521 1173 in
535 1119 638 1174 nostris
658 1121 791 1177 cordibus
810 1138 875 1178 sen·

60 1204 174 1273 tientes,
187 1221 320 1262 exeamus
334 1208 447 1264 obviam
464 1211 516 1279 tui,
535 1214 564 1267 et
586 1228 652 1268 cum
672 1214 802 1286 supernis
822 1214 877 1272 illis

59 1297 211 1355 virtutibus
223 1300 380 1357 clamemus
394 1303 518 1360 dicentes
533 1322 540 1361 :
556 1305 683 1362 Sanctus.

371 1405 433 1455 Post
450 1405 567 1456 Sanctus.

93 1485 160 1540 ilaec
172 1492 214 1542 est
233 1488 294 1544 sine
312 1488 369 1546 line
382 1489 511 1561 felicitas,
525 1491 586 1547 hac
599 1497 641 1547 est
657 1492 803 1549 beatitudo
816 1494 877 1550 sine

59 1578 194 1647 termino,
215 1580 254 1635 sic
277 1582 334 1638 Deo
351 1582 546 1640 indesinenter
567 1585 687 1656 haerere,
708 1590 742 1642 ut
761 1586 820 1659 ipse
842 1587 879 1643 sit

60 1687 133 1743 spes,
148 1671 210 1744 ipse
229 1674 265 1728 sit
279 1676 400 1746 requies.
421 1675 453 1731 ln
474 1677 536 1749 ipso
557 1678 657 1750 vigilet
674 1679 831 1751 negotium,
847 1681 877 1734 in

926 748 1050 804 centium
1064 750 1176 806 animas
1190 751 1221 807 in
1235 752 1299 807 sinu
1310 753 1583 811 lhmhaecouocara
1595 755 1740 829 dignetur,

927 845 955 898 et
968 843 998 897 in
1012 849 1092 916 parte
1105 845 1207 918 primae
1222 846 1435 903 resurrectionis
1454 847 1594 905 admittat.
1613 849 1666 906 Per
1684 850 1739 905 Do·

926 936 1037 993 minum
1052 943 1191 995 nostrum.

1187 1031 1313 1084 Colleciio
1332 1033 1365 1084 ad
1379 1048 1481 1098 pacem.
1525 1077 1534 1091 ,

963 1115 1045 1186 Deus,
1063 1114 1111 1188 qui
1127 1120 1305 1189 assumptum
1320 1115 1466 1172 hominem
1479 1123 1626 1174 evecturus
1639 1118 1675 1175 ad
1687 1135 1742 1176 cae-

927 1210 978 1277 ios,
998 1209 1073 1265 inter
1092 1207 1235 1282 praecipua
1257 1210 1456 1266 mandatorum
1478 1214 1594 1267 tuorum
1614 1211 1743 1286 patribus

927 1303 1033 1359 nostris
1052 1304 1187 1376 apostolis
1207 1320 1306 1377 pacem
1328 1303 1476 1378 reliquisti,
1492 1304 1585 1361 tribue
1604 1305 1686 1362 nobis
1704 1307 1744 1363 fa·

927 1397 1011 1452 mulis
1024 1396 1081 1452 tuis
1093 1396 1275 1453 secutoribus
1287 1398 1525 1471 eommdem,per
1535 1398 1680 1463 exterioris
1693 1399 1744 1456 ho·

929 1489 1012 1544 minis
1023 1489 1161 1559 osculum,
1174 1490 1316 1546 interioris
1326 1491 1451 1547 hominis
1461 1507 1572 1565 pacem.
1582 1492 1661 1557 Quod
1671 1492 1742 1565 ipse.

1204 1583 1348 1635 immolatio
1370 1584 1465 1635 missin.
1720 1622 1725 1631 .

964 1661 1061 1738 238
1079 1664 1204 1735 Dignum
1216 1669 1245 1719 et
1253 1665 1363 1735 justum
1377 1670 1420 1720 est
1431 1681 1483 1737 per
1493 1667 1588 1722 iesum
1598 1665 1742 1723 Christum

58 1764 120 1836 ipso
132 1766 224 1821 otium
233 1768 423 1841 conquiescat.
439 1769 482 1827 Sic
494 1771 679 1826 nobiscibum
692 1771 878 1844 prebendam
888 1772 916 1844 Β
928 1757 1031 1813 filium
1046 1763 1127 1812 tunm
1143 1757 1297 1812 D⁰mi¹¹¹¹¹1¹
1311 1763 1451 1814 ¹¹⁰³ifflffl·
1461 1759 1514 1823 0⁰i
1528 1775 1644 1815 ³¹¹0f¹¹¹¹¹
1658 1759 1744 1833 Pedes

58 1858 101 1914 vei
116 1859 264 1931 poculum,
281 1865 313 1915 nt
326 1862 462 1934 quicquid
474 1864 669 1936 praefiguravit
681 1864 712 1920 in
725 1865 877 1938 mysteriis,

59 1951 160 2008 reddat
173 1952 204 2008 in
217 1954 351 2026 premiis,
362 1972 413 2028 per
428 1956 572 2014 Christum
583 1957 736 2014 Dominum
748 1964 878 2016 nostrum

59 2044 112 2110 our
127 2045 204 2118 prid.

376 2119 439 2170 Post
450 2123 561 2172 secreta.

93 2203 197 2276 Aspice
215 2203 245 2257 in
259 2203 328 2259 eaelo
341 2203 422 2259 vultu
435 2209 496 2273 tuo,
510 2205 556 2278 pie
567 2206 725 2278 miserator,
738 2207 800 2264 heo
817 2225 878 2265 mu-

58 2312 137 2367 nera,
153 2295 203 2369 qui
216 2313 329 2369 semper
337 2314 367 2353 es
380 2315 539 2371 propensus
552 2301 588 2356 ad
601 2301 689 2370 dona3
702 2305 730 2357 et
741 2301 803 2374 ipsa
812 2319 879 2359 con-

57 2390 245 2462 templatione
270 2389 363 2445 oblaia
395 2392 550 2449 sanctifices
573 2394 696 2449 naturali
721 2394 877 2466 majestate,

57 2487 197 2557 perpetue
218 2489 330 2540 sanctus
350 2500 390 2556 es,
413 2488 442 2542 et
460 2490 555 2542 sancta
578 2487 700 2559 largiris.
719 2488 800 2553 Quod
817 2489 878 2562 ipse

57 2583 155 2651 praest.

263 2651 329 2699 Ante
341 2648 485 2700 orationem
497 2649 669 2702 Dominicam.

97 2731 194 2808 237
211 2733 423 2789 venerabilibus
436 2734 581 2791 informati
594 2738 755 2811 preceptis,
771 2737 879 2794 incitati
912 2755 914 2760 ·

56 2843 179 2884 munere
205 2826 328 2898 pietatis,
353 2828 403 2899 qui
427 2828 519 2883 liariae
540 2829 634 2885 Dentis
657 2833 797 2904 lacrymas
820 2847 878 2887 non

57 2919 180 2995 spernis,
194 2920 296 2976 lazaro
308 2920 459 2992 dignanter
473 2928 696 2994 cognomentum
712 2923 808 2980 fratris
821 2925 876 2980 im·

58 3015 153 3088 ponis,
167 3013 297 3070 Ecclesia
310 3013 420 3070 soboles
432 3016 557 3088 appellas
574 3034 623 3073 ore
644 3018 743 3091 gratiae
760 3019 877 3075 cohere-

59 3108 120 3177 des,
134 3108 187 3165 tibi
200 3107 340 3180 supplices
352 3108 517 3181 clamamus,
532 3116 560 3167 et
574 3111 694 3168 dicimus
708 3129 715 3168 ι
730 3115 822 3169 Pater.

270 3211 333 3261 Posi
344 3211 488 3262 orationem
499 3212 671 3264 Dominicam.

96 3297 213 3363 Exerce,
223 3295 366 3366 liberator,
375 3296 405 3352 in
413 3297 495 3353 uobis
502 3298 691 3373 jurisproprii
704 3299 878 3389 facultatem,

59 3390 111 3464 qui
123 3390 219 3445 lazari
236 3390 381 3461 virtutem,
402 3391 494 3447 itariae
507 3392 653 3464 pietatem,
667 3394 782 3450 hiarthoe
797 3393 878 3450 labo·

61 3500 124 3540 rem
144 3500 320 3554 remuneras,
340 3483 464 3541 favorem
484 3485 574 3559 piebis
598 3487 713 3558 excitas,
736 3492 764 3543 et
788 3488 879 3543 Petris

62 3594 128 3633 voce
142 3577 261 3634 concina
283 3577 416 3649 gloriaris
430 3578 609 3652 omnipotens
623 3581 706 3636 Deus.
719 3580 773 3646 Qui
794 3581 825 3636 in
846 3581 877 3637 Τ.

887 3149 915 3225 C

227 3689 336 3745 iiiiVili.
358 3706 437 3748 mssa
456 3708 483 3748 riv
503 3707 585 3750 corvi
604 3706 711 3750 norim.

97 3789 320 3860 Sacrosanctam,
341 3788 443 3845 fratres
462 3789 646 3862 dilectissimi,
675 3789 812 3846 hodierna
833 3788 878 3846 die

64 3874 229 3938 inchoanda
241 3882 355 3938 Pascha
365 3882 592 3954 sollemnitatem,
600 3900 632 3939 ac
646 3882 821 3939 salutiferam
832 3882 880 3938 do

65 3973 176 4031 minicae
188 3975 389 4031 immolationis
406 3975 530 4048 effigiem
543 3976 573 4033 in
592 3977 729 4033 sacrificio
749 3973 878 4048 spiritaii,

67 4068 175 4124 Christo
195 4068 340 4140 offerente,
355 4070 539 4140 transfusam,
553 4086 611 4125 non
621 4071 683 4143 jem
695 4071 725 4125 in
740 4068 878 4125 amaritu-

66 4161 129 4218 dine
142 4163 244 4235 azymi,
258 4178 352 4235 neque
364 4163 394 4218 in
408 4163 549 4219 fermento
564 4163 663 4220 veteris
676 4164 792 4220 malitie
805 4163 879 4219 cele·

66 4250 188 4327 lirantes,
202 4254 252 4311 sed
265 4253 294 4311 in
307 4272 379 4311 nova
392 4259 421 4313 et
432 4254 542 4313 sincera
554 4256 762 4330 consparsione,
775 4255 878 4312 imma·

68 4349 170 4405 culatm
189 4350 275 4405 sacris
288 4350 425 4406 aitamhus
447 4350 552 4407 hostias
567 4351 726 4422 offerentes,
748 4349 879 4422 omnipo·

68 4447 173 4500 entem
186 4443 276 4500 Deum
288 4459 341 4516 per
361 4445 541 4518 unigenitum
563 4445 665 4501 lilium
684 4460 769 4501 suum
788 4443 881 4499 Domi·

928 1850 1132 1923 discipulomm
1144 1850 1232 1906 linteo
1243 1852 1411 1923 praecinctus
1421 1851 1520 1920 abluit,
1535 1858 1563 1908 et
1575 1853 1745 1910 humilitatis

928 1945 1090 2016 exemplum
1096 1944 1266 2000 transiturus
1272 1945 1379 2000 eisdem
1392 1945 1427 2000 de
1437 1945 1544 2000 mundo
1552 1945 1742 2018 reliquitlia·

929 2037 1129 2111 gisterquippe
1136 2038 1298 2095 verissimus
1308 2038 1539 2110 factisinformat,
1546 2056 1617 2112 quos
1626 2039 1743 2096 monitis

928 2132 1099 2187 salutaribus
1111 2132 1276 2204 frequenter
1287 2131 1471 2188 instruxerat.
1485 2133 1539 2189 Sed
1556 2133 1626 2206 quid
1637 2133 1743 2190 mirum

928 2225 952 2281 si
966 2225 1117 2298 praecinxit
1130 2242 1160 2281 se
1174 2225 1274 2296 linteo,
1295 2225 1346 2298 qui
1364 2226 1487 2282 formam
1507 2226 1580 2282 servi
1591 2227 1742 2300 accipiens,

927 2319 1029 2375 habitu
1042 2324 1085 2375 est
1096 2320 1228 2374 inventus
1240 2323 1272 2375 ut
1280 2319 1387 2375 homo?
1399 2324 1448 2375 aut
1459 2319 1528 2392 quid
1541 2320 1648 2377 mirum
1660 2321 1682 2375 si
1693 2320 1745 2376 mi·

928 2412 965 2468 sit
976 2429 1080 2485 aquam
1095 2412 1124 2468 in
1136 2413 1257 2485 pelvem,
1271 2418 1304 2468 ut
1316 2413 1421 2469 lavaret
1433 2413 1519 2485 pedes
1528 2412 1743 2486 discipulorum,

928 2505 978 2579 qui
989 2505 1019 2562 iu
1032 2510 1110 2562 terra
1122 2507 1291 2579 sanguinem
1298 2506 1381 2577 fudit,
1391 2512 1424 2562 ut
1434 2506 1644 2563 immunditiam
1656 2507 1745 2564 dilue·

927 2605 972 2656 ret
978 2600 1177 2672 peccatorum?
1186 2601 1234 2656 ille
1241 2600 1336 2673 itaque
1345 2600 1433 2656 linteo
1441 2616 1497 2672 quo
1506 2603 1567 2656 erat
1573 2600 1743 2673 praecinctus

927 2694 1014 2766 pedes
1026 2709 1097 2766 quos
1108 2693 1215 2749 laverat
1226 2693 1318 2760 tersit,
1328 2693 1378 2765 qui
1392 2709 1475 2749 carne
1488 2709 1545 2765 qua
1557 2698 1618 2749 erat
1627 2693 1744 2750 indutus

928 2785 1165 2858 evangelistarum
1175 2784 1488 2858 vestigiaconiirmavit.
1496 2786 1575 2842 Lavit
1583 2802 1652 2859 ergo
1657 2787 1744 2858 pedes

928 2880 1131 2953 discipulomm
1138 2879 1275 2935 Dominus
1282 2896 1291 2950 3
1303 2896 1428 2952 quornm
1437 2884 1532 2936 autem
1545 2880 1631 2952 pedes
1639 2880 1743 2936 extrin-

928 2991 1009 3031 secus
1020 2973 1161 3042 abluebat,
1171 2973 1297 3046 ipsomm
1307 2972 1416 3029 animas
1429 2973 1613 3046 indulgentiae
1623 2975 1744 3047 hyssopo

928 3066 1745 3141 intrinsecuserpiabat.0admirabileaseramentumgran·

928 3162 963 3217 de
979 3160 1163 3234 mysterium!
1179 3160 1319 3217 Turbatur
1337 3163 1435 3217 Petrus
1447 3177 1564 3217 cernens
1582 3161 1745 3233 exemplum

927 3259 1013 3311 tantae
1026 3254 1195 3311 humilitatis
1208 3253 1238 3310 in
1251 3270 1316 3326 rege
1328 3257 1413 3310 tante
1423 3253 1590 3325 mejestatis3
1607 3254 1746 3310 tremiscit

927 3348 1212 3422 pevenshumanitas,
1224 3347 1291 3421 quia
1301 3347 1336 3402 ad
1346 3348 1406 3419 ejus
1416 3347 1533 3420 vestigia
1542 3363 1602 3402 sese
1610 3347 1745 3403 inclinare

929 3441 1064 3515 dignatur
1077 3441 1222 3497 Divinitas.
1234 3440 1289 3496 Sed
1300 3439 1355 3495 nisi
1364 3441 1435 3495 Deus
1449 3439 1638 3495 adhominem
1652 3439 1745 3496 hurni-

928 3535 1011 3591 liatus
1018 3535 1212 3602 inclinaretur,
1224 3533 1260 3589 ad
1269 3534 1360 3588 Deum
1370 3533 1573 3589 homocreatus
1585 3549 1744 3609 numquam

928 3628 1079 3685 levaretur.
1108 3630 1147 3684 Ex
1176 3631 1244 3683 tunc
1269 3625 1347 3683 enim
1368 3626 1455 3683 homo
1477 3626 1633 3683 viventium
1655 3632 1745 3684 terras

929 3722 1013 3795 coepit
1025 3721 1169 3795 adpetere,
1188 3737 1224 3777 ex
1238 3737 1293 3792 quo
1308 3721 1382 3776 Deus
1396 3719 1427 3777 in
1439 3719 1554 3792 regione
1567 3720 1744 3793 mortalium,

928 3815 1113 3872 humanitatis
1134 3819 1176 3871 est
1189 3814 1322 3888 dignatus
1335 3815 1434 3871 lumen
1452 3814 1612 3873 ostendere.
1631 3819 1704 3873 Ante
1718 3833 1744 3872 o.

1242 3909 1305 3959 Post
1318 3909 1436 3960 Sanctus.

965 3994 1034 4049 Vere
1052 3997 1164 4048 sanctus
1180 3995 1209 4047 et
1221 3990 1316 4063 justus
1335 4008 1375 4062 es,
1393 3990 1522 4062 Domine,
1539 4007 1604 4048 vore
1623 4007 1745 4065 maguus

929 4091 958 4144 et
973 4087 1038 4159 pius
1054 4103 1094 4154 es,
1109 4084 1158 4158 qui
1171 4085 1275 4141 Filium
1287 4089 1370 4141 tuum
1382 4085 1538 4141 Dominum
1551 4089 1682 4140 nostrum
1697 4084 1744 4143 Je-

929 4196 993 4237 sum
1004 4179 1148 4236 Christum
1157 4179 1238 4235 nobis
1251 4179 1350 4236 iumen
1363 4179 1398 4234 ad
1410 4184 1501 4235 terras
1510 4194 1545 4234 ex
1558 4193 1671 4233 summa
1683 4178 1745 4235 coeii

929 4271 992 4336 arce
1017 4277 1119 4335 misisti
1142 4277 1318 4350 captivorum
1345 4291 1498 4349 corporum
1522 4274 1743 4348 redemptorem.

930 4373 991 4447 lpse
1004 4373 1081 4430 enim
1094 4389 1123 4444 q·
1244 4441 1306 4491 Posi
1317 4442 1425 4490 secreta.

66 4552 134 4592 num
159 4541 293 4594 nostmm
318 4539 414 4594 iesum
439 4539 582 4595 Christum
608 4540 809 4611 deprecemur;
830 4527 919 4611 quil)
963 4528 1062 4597 A8¹1¹ss
1075 4522 1135 4593 ⁰012
1156 4521 1206 4594 qui
1227 4520 1301 4576 &³15³
1319 4523 1434 4592 P⁰0⁰³i⁸
1457 4521 1567 4591 mundis
1587 4521 1695 4595 re⁸iii<³<³
1713 4522 1745 4580 1¹¹

66 4629 125 4687 hm
138 4631 169 4686 in
184 4631 255 4687 ,Μή
272 4632 397 4704 corporis
412 4636 439 4688 01
453 4633 599 4706 sanguinis
616 4634 660 4689 ,ui
675 4633 816 4689 ohlflfi0ne
834 4631 881 4688 he.
929 4636 991 4690 nos,
1007 4623 1036 4674 et
1047 4617 1181 4674 miserere
1202 4615 1294 4686 nobis,
1310 4613 1402 4669 factus
1414 4613 1497 4670 nobis
1509 4613 1569 4687 ipse
1588 4613 1681 4672 hostia
1694 4617 1744 4690 qui

66 4724 196 4782 nedioere
208 4731 237 4781 et
248 4724 420 4782 sanctificare
441 4726 637 4799 dignatusest,
651 4726 880 4784 itaoiierentium
930 4713 1070 4782 Μῦθΐᾶθὸ,
1087 4711 1147 4783 iPSe
1168 4708 1321 4784 premium
1340 4707 1390 4780 (lui
1411 4708 1600 4781 RedemPiffl’i
1623 4725 1640 4764 Β
1663 4709 1746 4767 Μὴ

930 4807 1062 4862 omnibus
1074 4821 1145 4878 quos
1158 4802 1315 4874 redemisti,
1330 4802 1517 4872 custodisti.

64 4817 240 4875 famulorum
252 4835 369 4875 suorum
380 4836 499 4877 munera
509 4821 775 4892 oblatabenedioat;
790 4825 822 4877 ut
831 4836 882 4893 per

64 4912 293 4970 inlustrationem
307 4912 427 4986 Spiritus
444 4915 543 4986 sancti,
557 4915 749 4972 deferentibus
763 4914 880 4987 nuntiis,

64 5004 136 5063 odor
148 5006 291 5063 suavitatis
304 5007 444 5064 ascendat.
458 5010 513 5066 Per
524 5009 679 5066 Dominum
691 5013 821 5066 nostmm
834 5010 880 5065 ie·

64 5115 128 5156 snm
139 5099 283 5157 Christum
299 5101 349 5157 Pii.

341 5203 466 5254 Collectio
480 5203 605 5270 seqnitur.

101 5286 176 5344 Deus
189 5285 453 5361 sanctificationum,
468 5292 497 5345 et
509 5290 645 5346 Dominus
659 5287 815 5346 caelestium
829 5287 882 5343 vir·

64 5385 171 5452 summ,
193 5380 294 5438 exandi
314 5397 411 5454 preces
431 5375 551 5452 nostras,
565 5389 594 5440 et
614 5383 791 5440 benedictam
810 5380 882 5437 hano

64 5475 190 5550 plebem,
201 5474 315 5530 Domini
327 5476 418 5531 nostri
429 5478 494 5532 iesu
507 5476 610 5532 Christi
624 5477 802 5550 redemptam
816 5491 882 5531 san·

66 5569 165 5644 guina,
180 5567 215 5625 de
228 5568 294 5627 sede
307 5574 411 5644 macta,
425 5569 622 5628 inaccessibilis
634 5570 756 5643 claritas,
771 5568 881 5628 exaudi

65 5661 122 5722 Per
133 5667 215 5720 soret.

381 5728 442 5785 Post
452 5733 569 5786 nomina.

103 5820 228 5879 Diversis
239 5819 432 5878 oblationibus
450 5821 534 5877 sacris
555 5820 699 5893 dumus,
714 5835 772 5879 uns
789 5827 886 5883 umen

231 5917 371 5985 Person.
394 5915 512 5984 lxxii.

1136 4899 1201 4950 Anto
1216 4897 1361 4948 orationem
1373 4895 1545 4947 Dominicam.

965 4981 1025 5038 Vivi
1037 4979 1120 5053 panis
1131 4979 1267 5036 alimenta
1278 4983 1307 5035 et
1319 4979 1391 5035 sacri
1403 4975 1549 5050 sanguinis
1562 4974 1635 5032 dona
1650 4992 1745 5051 sump-

930 5076 998 5148 turi,
1020 5073 1164 5132 Dominica
1188 5090 1272 5148 prece
1295 5076 1405 5129 mentes
1428 5075 1457 5128 et
1475 5070 1560 5127 eorda
1586 5069 1744 5131 firmemus.

931 5175 1070 5246 Agnoscat
1083 5169 1241 5226 ditissimus
1255 5167 1316 5223 l'ilii
1328 5167 1373 5223 sui
1392 5181 1504 5235 vocem3
1523 5168 1552 5221 et
1567 5165 1652 5222 verba
1663 5167 1745 5226 Chri·

931 5267 967 5322 sti
980 5267 1015 5322 ad
1027 5280 1108 5322 aures
1121 5266 1256 5320 Paternas
1269 5261 1415 5318 concordis
1429 5259 1527 5334 populi
1538 5259 1645 5317 clamor
1655 5262 1745 5319 adtol-

931 5360 972 5417 lat
986 5359 1097 5418 etdicat
1112 5375 1119 5414 ι
1132 5359 1225 5413 Pater.

1134 5452 1197 5502 Post
1213 5450 1358 5501 orationem
1372 5448 1544 5501 Dominicam.

968 5535 1077 5604 hibera,
1096 5533 1223 5601 Domine,
1239 5530 1328 5586 libera
1348 5546 1402 5586 nos
1421 5529 1458 5585 ab
1477 5530 1558 5587 omni
1576 5527 1663 5597 malo,
1685 5535 1749 5588 ets

933 5627 1091 5687 fortissimis
1116 5624 1283 5683 adversariis
1304 5623 1415 5682 diabolo
1434 5627 1464 5680 et
1481 5627 1585 5692 morte,
1611 5635 1654 5691 ea,
1683 5636 1749 5695 qna

934 5722 1042 5783 cunetis
1054 5721 1155 5781 tortior
1168 5726 1220 5793 est,
1229 5719 1342 5778 virtutis
1354 5724 1383 5778 et
1394 5717 1518 5775 dexteru
1531 5723 1588 5777 tnss
1600 5715 1752 5789 pmtectio·

934 5837 972 5879 ue
986 5816 1119 5879 defende.
1224 5901 1226 5905 Ι

1577 5915 1604 5978 D
