3884 6150
123 253 176 307 9:57
307 249 489 307 JUSTlele
508 253 653 309 EDICTUM
672 256 715 310 Ab
734 255 855 321 UsslQUE
874 248 1096 310 constituros
1114 251 1291 309 episcopos
1309 252 1350 307 ET
1368 250 1608 306 examinatius.
1741 252 1794 307 958

123 362 254 413 nostram
269 358 499 431 indignationem
512 362 704 434 experientur.
721 362 840 432 Oportet
849 360 936 432 igitur
946 375 976 446 Α
985 361 1217 433 pensitationem,
1226 359 1390 432 ingentibus
1403 360 1544 430 praterea
1555 355 1668 428 injuriis
1676 360 1794 427 propter

122 451 337 522 provinciarum
346 453 480 524 praesides
488 454 682 511 tantaanobis
689 458 829 527 potestate
838 455 936 527 digna·
985 454 1161 510 venditiones
1175 453 1387 526 provinciarum
1403 468 1436 506 ex
1447 451 1600 523 praesidum
1613 450 1714 522 rapina
1727 467 1792 522 snp-

121 547 179 611 tos,
192 545 232 600 ita
246 563 276 600 se
292 546 322 601 in
342 547 460 618 agendis
481 548 567 602 rebus
591 564 702 619 gerere,
722 552 754 602 nt
774 548 877 620 (quoad
891 552 934 603 ta·
985 547 1196 621 primebantur,
1211 564 1259 602 eas
1274 564 1326 618 per
1338 546 1494 616 subjectam
1508 546 1602 615 legem
1616 544 1716 600 tollere
1730 560 1794 615 pro-

122 638 934 712 menjustitia,etlegespermittunt)abomnibusformi·
986 640 1155 714 paravimus,
1181 657 1231 696 vos
1263 644 1359 695 autem
1384 639 1414 693 in
1437 642 1590 709 utramque
1619 637 1795 692 dormientes

121 731 381 788 deutur:scientes
390 734 467 805 quod
481 733 503 788 si
517 735 591 789 male
606 740 635 791 et
648 738 753 806 praeter
766 734 936 806 dignitatem
986 751 1096 802 aurem,
1124 734 1195 789 nihil
1219 733 1302 789 nobis
1327 731 1507 787 renuntietis.
1536 730 1722 802 sicquidem
1747 731 1795 785 do·
1893 733 1894 737 ’

122 840 140 877 a
152 824 236 879 nobis
249 826 409 881 commissae
424 827 463 882 eis
475 829 625 899 potestatis
635 827 741 883 tradita
756 827 936 882 administra·
985 828 1065 883 mino
1084 830 1142 884 Deo
1162 831 1336 894 consecrata,
1349 843 1398 881 vos
1413 829 1510 880 autem
1525 824 1667 880 rationem
1690 823 1717 878 ei
1730 824 1796 877 red·

122 917 204 971 tione
215 921 341 987 utantur,
350 920 501 976 antedictis
509 922 696 994 subjacebunt
705 920 849 993 suppliciis
861 937 867 976 :
880 937 936 975 sus
987 921 1059 977 detis
1073 922 1108 977 de
1120 921 1226 993 injuria
1240 921 1302 976 aliis
1316 920 1404 988 illata,
1418 920 1442 974 si
1455 935 1506 992 per
1520 919 1594 973 banc
1605 917 1794 984 occasionem,

122 1009 250 1066 tinentes
261 1012 367 1068 scilicet
378 1030 412 1069 ea
425 1015 495 1070 dum
508 1015 601 1070 adhuc
614 1015 643 1069 iu
655 1014 749 1069 officio
763 1017 837 1082 snut,
849 1013 937 1084 majo·
987 1015 1065 1086 quod
1078 1015 1113 1069 de
1128 1015 1171 1068 his
1184 1032 1241 1070 nou
1256 1015 1441 1079 instruamur,
1456 1011 1618 1067 nocumenti
1634 1009 1742 1081 aliquid
1751 1025 1796 1063 vc·

121 1105 204 1161 ribus
219 1108 308 1162 etiam
321 1108 451 1162 tentandi
466 1108 599 1179 perieulis
612 1125 646 1163 eo
660 1108 798 1179 deposito.
811 1109 938 1179 Denega·
987 1108 1050 1163 stris
1065 1108 1125 1162 istis
1138 1108 1302 1162 hominibus
1315 1108 1466 1178 irrogetur.
1483 1107 1544 1160 lmo
1560 1121 1619 1173 vos,
1634 1103 1721 1174 quiin
1733 1103 1796 1156 loco

123 1217 189 1254 mus
203 1201 281 1254 enim
296 1201 349 1255 illis
361 1217 432 1271 quas
442 1204 576 1256 rexerunt
591 1201 759 1273 provincias,
772 1200 849 1271 prius
860 1217 938 1254 excc·
987 1205 1142 1273 praesentes
1155 1201 1231 1268 estis,
1245 1205 1274 1256 et
1292 1205 1350 1255 tam
1365 1216 1416 1272 pro
1431 1199 1509 1254 vobis
1520 1215 1606 1270 qnam
1621 1213 1673 1269 pro
1687 1195 1796 1250 caeteris

124 1293 216 1346 dendi
228 1294 384 1374 licentiam,
393 1311 480 1366 quam
491 1294 868 1366 legitimumquiuquaginta
878 1293 936 1348 die·
988 1295 1150 1364 decertatis,
1160 1292 1608 1365 oportetcertioresnosreddere,
1618 1293 1647 1345 et
1657 1289 1692 1344 de
1703 1289 1737 1344 iis
1747 1287 1796 1358 qui

124 1403 190 1440 rum
197 1387 320 1457 spatium
326 1389 514 1458 compleatur,
522 1387 733 1442 siveoccasione
744 1387 937 1456 revocatoriae,
987 1394 1063 1443 recte
1076 1404 1105 1442 se
1120 1388 1149 1442 iu
1163 1387 1412 1442 administratione
1426 1390 1539 1456 gerunt,
1554 1389 1583 1438 ct
1594 1384 1643 1454 qui
1656 1384 1731 1437 hanc
1744 1398 1796 1436 no-

124 1478 183 1533 sive
204 1481 322 1534 obtentu
341 1480 427 1551 fugae,
442 1480 499 1535 sive
518 1483 574 1536 alia
591 1496 761 1551 quacunque
778 1480 813 1535 de
830 1495 936 1534 cansa:
988 1485 1076 1535 stram
1086 1480 1181 1552 legem
1192 1479 1450 1551 transgrediuntur,
1460 1482 1492 1532 ut
1501 1481 1622 1547 utroque
1629 1476 1756 1546 cognito,
1768 1475 1798 1529 in
1909 1467 1910 1470 ’

123 1572 289 1640 scientibus,
304 1573 382 1643 quod
397 1573 453 1626 sive
469 1576 509 1642 (ut
523 1578 589 1628 ante
606 1572 737 1644 diximus)
749 1573 778 1626 in
793 1573 848 1627 hac
862 1573 939 1626 alma
989 1575 1042 1629 bos
1056 1573 1173 1645 quidem
1183 1573 1452 1639 animadvertamus,
1467 1571 1521 1626 illis
1536 1586 1603 1625 vero
1614 1568 1740 1639 aliquam
1752 1584 1795 1620 re·

124 1665 206 1730 nrbe,
220 1665 277 1719 sive
297 1666 364 1720 alibi
383 1667 512 1721 locorum
532 1668 690 1733 vorsentur,
708 1665 744 1720 ad
761 1666 938 1736 provinciam
988 1666 1115 1721 feramus
1126 1667 1260 1737 gratiam.
1274 1666 1363 1721 Simul
1376 1683 1408 1720 ac
1421 1682 1487 1719 vero
1501 1665 1545 1718 lox
1567 1662 1679 1735 publico
1693 1677 1798 1732 propo-

126 1757 224 1812 denno
245 1758 366 1826 reducti,
386 1776 473 1830 qnam
496 1764 639 1826 rexerunt,
663 1775 760 1830 pesnas
787 1758 937 1829 excipient,
949 1741 978 1813 Β
989 1760 1052 1826 sita,
1070 1763 1099 1815 et
1115 1759 1246 1814 omnibns
1259 1759 1410 1813 manifesta
1425 1759 1500 1812 facta
1517 1760 1570 1823 est,
1584 1760 1652 1810 tunc
1669 1757 1799 1824 suscepta

125 1866 198 1920 quas
207 1851 400 1921 praediximus.
409 1852 612 1921 Jusjuraudum
621 1868 687 1907 vero
699 1851 817 1918 dabunt,
825 1851 870 1905 bic
882 1851 941 1921 qni-
989 1854 1065 1908 intra
1080 1855 1288 1907 sacrosanctam
1305 1852 1477 1906 recondatur
1495 1849 1644 1905 ecclesiam
1658 1866 1715 1902 una
1733 1864 1798 1902 cum
1840 1835 1845 1839 ’

126 1943 194 1998 dem
208 1944 365 1998 secuudum
375 1945 499 2000 formam
511 1944 639 2015 superius
656 1960 830 2018 expressam.
842 1943 870 1999 Si
881 1943 941 2015 qui·
990 1946 1076 2001 saeris
1091 1945 1173 2013 vasis,
1190 1944 1327 1999 nimirum
1341 1962 1405 1999 cum
1423 1947 1452 1998 et
1466 1944 1526 2014 ipsa
1547 1944 1604 1997 Deo
1618 1941 1759 2007 dedicata,
1772 1943 1801 1993 et

124 2037 180 2090 bus
192 2052 268 2104 vero,
283 2036 359 2107 quod
370 2037 400 2091 in
410 2037 564 2108 provinciis
574 2037 706 2105 existant,
714 2036 938 2092 administratio·
990 2040 1027 2094 ad
1039 2039 1160 2093 salntem
1170 2038 1221 2092 snb
1232 2038 1294 2109 ipso
1305 2038 1523 2092 constitutorum
1534 2034 1684 2091 hominum
1695 2032 1800 2104 scripta

124 2130 171 2183 nis
195 2129 339 2184 codicillos
360 2129 437 2183 mitti
458 2130 607 2201 placuerit,
620 2128 822 2200 jusjurandum
842 2145 940 2184 coram
991 2133 1036 2186 sit.
1050 2131 1136 2186 Multo
1150 2134 1247 2185 autem
1261 2130 1425 2202 specimine,
1440 2133 1470 2183 et
1484 2128 1575 2199 magis
1591 2145 1624 2182 ex
1637 2143 1690 2181 usu
1705 2125 1797 2180 homi-

125 2222 176 2276 Dei
191 2221 387 2276 amantissimo
402 2222 535 2294 episcopo
555 2222 721 2294 metropolis
735 2221 854 2292 ejusque
873 2222 940 2277 civi·
992 2241 1071 2288 unm,
1089 2224 1137 2295 qui
1153 2240 1204 2295 per
1218 2240 1252 2278 ea
1266 2223 1328 2279 loca
1343 2225 1418 2291 sunt,
1433 2221 1552 2290 facietis,
1569 2221 1592 2275 si
1607 2237 1671 2275 eam
1686 2219 1799 2285 tabulis,

125 2314 194 2368 tatis
208 2315 382 2385 primoribus
392 2315 536 2380 subibunt,
553 2314 634 2369 etita
649 2331 747 2370 rerum
762 2313 942 2369 administra·
991 2320 1039 2372 ant
1052 2317 1193 2389 lapidibus
1206 2317 1386 2388 insculptam,
1401 2316 1431 2370 in
1445 2315 1601 2386 porticibus
1615 2315 1802 2369 sacrosanctae

127 2407 240 2462 tionem
264 2407 427 2480 suscipient,
445 2406 614 2462 celsitudine
635 2407 766 2463 videlicet
783 2411 833 2462 tua
847 2407 940 2479 provi·
992 2411 1118 2466 eeclesiae
1128 2410 1326 2482 praescribatis,
1336 2413 1500 2482 promptam
1508 2405 1766 2477 omnibnslegeudi
1774 2408 1803 2459 et

127 2482 272 2570 dente,'nt
284 2501 340 2554 sive
360 2500 387 2554 in
407 2501 503 2570 ampla
517 2500 570 2555 hac
585 2501 651 2554 urbe
665 2501 865 2571 magistratum
880 2500 943 2571 quis
992 2503 1113 2575 parandi
1122 2520 1156 2559 ea
1167 2520 1230 2575 qnae
1243 2503 1351 2559 sancita
1365 2506 1440 2570 sunt,
1452 2503 1618 2557 facultatem
1630 2498 1801 2571 praebentes.

127 2593 272 2664 suscipiat,
286 2593 343 2647 sive
358 2611 374 2647 a
389 2593 558 2648 celsitudine
569 2596 619 2647 tua
632 2594 692 2664 ejus
707 2592 830 2648 codicilli
840 2594 869 2647 iu
880 2609 943 2664 pro
993 2598 1064 2652 Cum
1077 2613 1144 2651 vcro
1156 2595 1191 2651 de
1203 2596 1356 2667 presidum
1369 2595 1529 2650 sinceritate
1541 2597 1653 2648 tantam
1662 2593 1692 2646 in
1704 2592 1802 2647 animo

127 2686 252 2740 vinciam
264 2686 436 2741 mittantur:
453 2687 486 2753 is,
503 2686 551 2756 qui
565 2685 690 2757 suscipit,
700 2686 864 2740 cantionem
877 2687 943 2741 fisco
993 2689 1213 2763 sollicitudiuem
1233 2689 1420 2760 reposuimus,
1438 2687 1623 2742 manifestum
1646 2689 1688 2739 est
1711 2685 1802 2738 multo

128 2778 164 2832 de
178 2777 292 2833 tributis
302 2779 363 2834 sine
372 2778 643 2850 querelaexigendis
652 2781 778 2850 praestet,
791 2779 943 2851 proutipsc
993 2799 1045 2838 nos
1053 2782 1148 2837 minus
1156 2781 1344 2852 permissuros
1352 2781 1497 2836 civitatum
1506 2778 1715 2845 defensoribus,
1724 2777 1803 2830 utvel

127 2887 246 2942 prorsus
260 2871 402 2926 statueris.
418 2872 537 2926 Feratnr
551 2875 648 2926 autem
665 2871 748 2926 nobis
767 2872 827 2925 haec
845 2873 888 2926 lex
908 2871 943 2926 de
993 2874 1101 2946 aliquid
1114 2874 1264 2945 accipiant,
1274 2874 1318 2928 vel
1332 2873 1411 2928 dent.
1425 2873 1538 2929 Dabunt
1552 2871 1630 2927 enim
1641 2886 1693 2943 pro
1703 2868 1803 2941 praebi·

128 2964 264 3019 omnibns
278 2965 327 3036 qni
338 2965 399 3035 jam
415 2965 481 3018 inde
495 2981 625 3036 expresse
640 2982 657 3019 a
671 2965 753 3019 nobis
765 2964 944 3020 nominanda
993 2968 1028 3022 tis
1040 2968 1091 3023 sibi
1102 2968 1203 3024 inforo
1214 2966 1484 3038 gloriosissimorum
1494 2965 1696 3038 praefectorum
1703 2962 1806 3034 jussio·

129 3056 226 3112 officia
239 3057 363 3128 gratuita
375 3057 543 3128 percipient.
557 3057 705 3112 Praeterita
717 3057 862 3127 enimJam
877 3060 943 3111 autc
994 3061 1224 3132 nibussiquidem
1233 3061 1424 3132 majoressiut
1433 3059 1690 3129 civitates,tantum
1699 3056 1805 3112 solidos

128 3149 231 3220 positis
244 3149 411 3220 subjaceant
422 3150 543 3220 legibus,
559 3150 638 3204 nulla
652 3150 835 3204 definitarum
847 3150 875 3204 in
889 3107 981 3203 hacC
994 3157 1131 3226 quatuor;
1142 3153 1165 3208 si
1175 3154 1536 3223 minores‚solidostres‚et
1545 3155 1684 3224 praterea
1693 3149 1805 3205 nihilis

129 3242 943 3313 nostralegepoeuarumimminentciisquiusqueadlxuc
994 3248 1110 3303 nemine
1126 3250 1224 3303 autem
1237 3247 1395 3320 quidpiam,
1410 3247 1433 3301 si
1446 3247 1555 3301 reditus
1570 3244 1625 3300 illis
1643 3261 1675 3298 ex
1690 3242 1803 3315 publico
1858 3236 1862 3244 ’

129 3334 226 3389 officia
236 3333 445 3401 administrant,
457 3335 510 3388 nisi
523 3336 595 3390 forte
606 3338 634 3389 et
644 3334 697 3406 ipsi
707 3339 772 3406 post
781 3335 865 3405 hujus
873 3335 944 3405 legis
993 3342 1162 3396 constitutus
1176 3341 1240 3410 erit,
1255 3345 1305 3395 aut
1319 3341 1341 3394 si
1354 3340 1425 3394 nihil
1448 3357 1482 3394 cx
1504 3338 1615 3410 publico
1635 3335 1803 3409 percipiant,

128 3427 355 3483 insinuationem
363 3428 489 3497 rapuisse
496 3427 602 3498 aliquid
612 3427 872 3498 deprehendantur.
880 3428 944 3482 llaec
994 3435 1068 3488 ultra
1082 3450 1117 3488 ea
1135 3450 1197 3504 quae
1217 3449 1297 3488 sacra
1312 3436 1409 3487 nostra
1424 3430 1626 3487 constitutione
1641 3429 1717 3500 ipsos
1732 3428 1806 3482 ferre

127 3520 219 3592 igitur
227 3520 326 3574 omnia
335 3519 499 3590 perdiscens
509 3520 646 3575 celsitudo
655 3523 712 3587 tua,
720 3523 751 3573 ut
758 3519 832 3590 apud
844 3535 944 3574 omnes
995 3526 1099 3580 debere
1114 3542 1279 3596 expressum
1299 3530 1342 3580 est
1354 3524 1503 3594 accipient.
1516 3523 1629 3593 Alioqui
1643 3522 1665 3576 si
1680 3521 1747 3592 quid
1760 3520 1804 3574 vel

128 3613 182 3667 sub
192 3630 221 3666 se
232 3613 399 3667 constitutas
408 3613 669 3683 gentesmanifesta
682 3612 945 3682 fiant,prccuretcx
993 3617 1058 3688 ipsi,
1071 3619 1114 3672 vel
1133 3618 1259 3689 ipsorum
1281 3618 1321 3686 (ut
1341 3617 1452 3687 vocant)
1478 3596 1654 3680 chartularii,
1668 3615 1710 3667 vel
1727 3612 1803 3683 qnis-

126 3705 945 3776 moredestinatisadomnesprovinciarnmrectoresprae·
994 3711 1071 3781 piam
1085 3728 1185 3766 eornm
1201 3710 1249 3781 qui
1268 3711 1343 3765 eirca
1363 3711 1439 3781 ipsos
1455 3713 1521 3763 sunt
1542 3707 1683 3778 accepisse
1701 3706 1802 3776 depre-

127 3798 228 3870 ceptis,
251 3802 282 3852 ut
306 3801 435 3852 nostrum
459 3797 533 3852 eirca
559 3797 686 3852 subditos
710 3797 835 3851 studium
852 3798 943 3868 deque
993 3803 1158 3859 hendentur
1170 3804 1200 3859 in
1217 3803 1409 3875 quadruplum
1426 3802 1452 3857 ei
1468 3802 1546 3874 quod
1560 3802 1733 3873 aeceperunt
1745 3815 1803 3853 res-

129 3890 264 3946 creandis
278 3891 444 3962 praesidibus
466 3890 640 3946 sententiam
658 3894 857 3961 agnoscentes,
878 3890 942 3962 ipsi,
993 3896 1107 3968 tituent,
1123 3913 1213 3969 neque
1227 3913 1286 3953 non
1302 3914 1337 3952 ea
1353 3895 1545 3952 sollicitudine
1563 3894 1757 3966 depellentnr;
1777 3896 1807 3948 et

128 3984 223 4038 sciant
237 3987 345 4055 quanta
356 3983 386 4037 in
398 3984 461 4039 illos
476 3984 614 4039 beneficia
628 3983 842 4053 contulerimus,
854 3984 945 4055 quint
993 3994 1133 4062 praterea
1146 3994 1287 4063 perpetuo
1301 3990 1398 4045 exsilio
1408 3989 1531 4058 multati,
1543 3993 1578 4065 ¹et
1591 4004 1711 4061 corpore
1723 3986 1805 4042 casti·

128 4076 252 4131 meliore
267 4077 518 4144 fortunautantur,
531 4095 566 4133 ne
577 4077 658 4148 regio
673 4075 789 4149 quidem
799 4077 944 4132 famulicio
994 4083 1063 4155 greti,
1082 4086 1177 4143 locum
1193 4084 1302 4139 dabunt
1316 4083 1483 4139 melioribus
1496 4083 1572 4150 viris,
1587 4082 1636 4154 qui
1653 4098 1705 4153 pro
1725 4080 1808 4135 malis

127 4169 353 4241 pepercerimus.
365 4170 714 4242 bat.xvultalend.ltpril.
724 4170 941 4244 Constantinop.
994 4192 1059 4231 eam
1069 4176 1291 4232 sollicitudiuem
1306 4177 1421 4232 obeant.

128 4262 266 4318 Belisario
279 4279 306 4317 v·
323 4279 347 4318 c·
363 4279 421 4318 00⁵·
1028 4270 1112 4325 Eritis
1122 4272 1220 4325 autem
1232 4286 1282 4325 vos
1295 4285 1409 4341 quoque
1420 4268 1505 4338 hujus
1516 4266 1559 4320 rei
1569 4264 1711 4330 custodes,
1722 4262 1808 4318 simul

992 4361 1157 4417 inhibentes
1178 4378 1212 4416 ea
1232 4378 1296 4433 quae
1312 4367 1413 4416 contra
1425 4361 1487 4415 haec
1501 4360 1583 4426 frunt,
1599 4357 1683 4413 simul
1699 4356 1736 4410 ad
1754 4357 1819 4420 hos¹
1905 4352 1907 4354 ’

466 4431 615 4487 EDICTUM
952 4455 1160 4542 Dreferentes,
1176 4456 1207 4508 ut
1220 4469 1315 4525 neque
1332 4453 1440 4524 aliquid
1460 4452 1599 4524 ejusmodi
1615 4449 1807 4505 admissorum

130 4570 237 4639 Ubique
250 4571 366 4625 gemm
379 4573 530 4627 compitum
543 4572 590 4626 03,-
605 4571 798 4625 amantissimi,
809 4569 944 4640 ammi,
993 4549 1090 4615 lateat,
1097 4564 1190 4619 neque
1198 4546 1315 4603 latendo
1326 4544 1750 4618 relinquaturimpnnitnm,sed
1759 4560 1808 4598 un-

166 4643 264 4711 scopis,
276 4640 710 4712 reliniostsstmtsquepetrtorctts
721 4642 908 4711 conscriptum.
995 4640 1080 4712 dique
1091 4641 1211 4696 subditis
1221 4640 1327 4696 uostris
1339 4639 1468 4712 equitas,
1478 4644 1508 4696 et
1515 4639 1626 4712 justitia
1633 4638 1807 4695 reflorescat.

995 4733 1052 4790 Sed
1074 4738 1103 4790 et
1119 4734 1169 4806 qui
1184 4734 1342 4789 etiamnum
1358 4733 1387 4788 in
1403 4733 1503 4789 officiis
1516 4736 1591 4801 sunt,
1607 4732 1630 4788 si
1644 4735 1709 4804 post
1722 4731 1809 4802 hujus

165 4825 272 4880 Curam
290 4825 424 4895 gerentes
442 4821 555 4877 traditae
570 4821 652 4876 nobis
666 4838 683 4876 a
698 4822 756 4877 Deo
769 4821 944 4893 reipublicae,
995 4827 1066 4899 legis
1087 4827 1312 4882 insinuationem
1326 4845 1385 4883 uon
1399 4828 1479 4882 omni
1493 4827 1594 4898 rapina
1607 4824 1807 4896 abstinuerint,

127 4915 273 4986 simulque
287 4919 317 4971 nt
331 4914 437 4970 subditi
451 4915 539 4970 nostri
555 4931 587 4969 ex
603 4914 684 4969 omui
699 4919 779 4985 parte
794 4931 858 4970 cum
865 4915 946 4987 justi·
995 4921 1087 4976 sciant
1096 4921 1184 4976 etiam
1195 4921 1248 4993 ipsi
1259 4938 1288 4976 se
1297 4921 1457 4976 constitutis
1466 4920 1496 4974 in
1506 4918 1732 4990 baclegepoenis
1742 4918 1808 4973 snb-

127 5008 269 5064 navitam
279 5007 395 5081 degant,
405 5007 561 5076 studentes,
571 5006 729 5078 subiectam
739 5008 834 5080 legem
844 5009 946 5063 descri-
991 5014 1142 5085 jiciendos.
1157 5013 1301 5086 Scriptum
1316 5018 1358 5069 est
1373 5014 1457 5069 edicti
1470 5013 1634 5085 exemplum
1647 5011 1807 5066 Constanti·

126 5101 249 5175 psimus.
264 5102 356 5167 Quam
369 5101 488 5173 quidem
503 5104 531 5154 et
541 5099 684 5154 sanctitati
698 5105 764 5167 tuae,
777 5103 806 5153 et
818 5117 945 5172 peream
996 5107 1170 5178 nopolitanis
1178 5107 1207 5162 in
1219 5109 1279 5163 hee
1289 5108 1373 5163 verba
1384 5124 1391 5162 ι
1403 5107 1547 5171 Quantam
1557 5105 1587 5159 iu
1597 5105 1695 5160 animo
1705 5105 1808 5161 sollici-

127 5194 275 5263 omnibus,
282 5194 367 5266 quiin
373 5193 655 5265 provinciatuasunt,
663 5192 945 5249 manifestamfaeerc
995 5200 1126 5255 tudinem
1137 5201 1172 5256 de
1185 5201 1322 5256 universis
1332 5199 1452 5254 subditis
1460 5199 1650 5271 reposuimus,
1662 5199 1810 5255 satisindi·

126 5288 281 5360 pulchrum
295 5287 435 5342 duximus.
447 5288 512 5342 Tuae
527 5286 615 5357 igitur
624 5284 771 5356 religionis
787 5290 815 5341 et
824 5285 946 5357 reliquo-
995 5297 1040 5349 cat
1050 5294 1094 5348 lex
1104 5310 1196 5366 nuper
1206 5311 1223 5349 a
1233 5293 1314 5349 nobis
1329 5292 1431 5365 posita,
1443 5309 1532 5364 quam
1543 5293 1579 5349 ad
1590 5293 1809 5364 gloriosissimos

127 5396 196 5435 rum
214 5381 413 5452 episcoporum
432 5379 520 5435 fuerit
537 5379 592 5433 ista
610 5377 772 5445 observare,
787 5381 816 5432 et
833 5378 857 5433 si
875 5379 945 5452 quid
995 5383 1109 5437 nostros
1120 5382 1271 5453 prefectos
1281 5381 1510 5454 conscripsimus.
1519 5381 1576 5438 Sed
1586 5382 1759 5438 conveniens
1766 5381 1809 5433 est

127 5472 269 5546 presides
288 5473 546 5546 transgrediantur,
563 5471 599 5526 ad
621 5488 672 5526 uos
688 5472 806 5538 referre,
824 5488 860 5526 ne
875 5472 945 5543 quid
994 5478 1027 5530 ut
1041 5478 1070 5530 et
1084 5491 1133 5530 vos
1144 5474 1355 5548 providentiam
1369 5479 1508 5545 nostram,
1519 5493 1604 5549 quam
1618 5476 1692 5530 cirea
1706 5487 1809 5528 omnes
1873 5474 1878 5483 '

128 5582 234 5622 eorum
253 5583 317 5639 quae
330 5567 462 5640 religiose
478 5565 561 5621 simul
574 5570 602 5620 et
612 5565 690 5636 juste
707 5581 724 5619 a
742 5563 823 5619 uobis
838 5566 945 5621 sancita
996 5567 1128 5622 homines
1136 5569 1273 5639 gerimus,
1281 5569 1425 5640 cognitam
1437 5575 1465 5625 et
1476 5571 1657 5641 perspectam
1668 5563 1806 5619 habeatis.

128 5662 207 5728 snut,
223 5660 405 5732 despiciatur.
422 5662 493 5717 Nam
513 5659 534 5714 si
552 5675 603 5713 nos
617 5656 733 5728 quidem
751 5656 879 5713 subditos
893 5675 944 5714 no·
995 5661 1089 5730 anue
1103 5660 1138 5714 de
1152 5677 1183 5715 re
1199 5662 1293 5732 legem
1309 5662 1401 5734 ipsam
1415 5663 1444 5716 in
1463 5663 1556 5717 forma
1570 5659 1726 5713 edictorum
1740 5674 1806 5728 pro·

128 5758 205 5809 stros
226 5753 364 5823 miserati,
387 5755 465 5828 quod
485 5755 558 5809 ultra
577 5750 757 5823 publicorum
771 5751 944 5809 tributorum
995 5753 1152 5826 posuimus,
1164 5750 1749 5814 ntvosborninolleoetServatoriuostro
1762 5752 1806 5809 le-
