3884 6150
140 271 209 330 ιοιι
561 232 928 337 ιιιτιιιιιιιιιιονιιιι
946 248 1113 338 suumn.
1133 281 1287 339 novenas
1304 269 1412 337 cxciv.
1750 273 1818 337 toea
1872 361 1875 367 Ι

136 379 167 435 in
179 383 588 462 svpnmapaceetrectalegum
595 381 794 441 moderatione
805 385 956 458 vigebunt?
966 397 996 472 Α
1268 386 1427 444 NOVELLA
1445 385 1550 442 cxnv.
1616 397 1619 411 ¹

136 475 225 529 Terra
246 492 361 547 quoque
375 476 457 532 nobis
468 477 591 533 tractum
603 478 687 545 ieret,
703 484 732 534 et
746 481 867 535 celerius
876 480 953 535 bona
1291 485 1328 538 De
1340 482 1527 536 samaritanis.

136 585 189 622 sua
201 568 277 634 edet,
288 586 342 641 per
359 571 409 625 Dei
429 570 663 626 benevolentiam
685 573 818 644 precibus
835 573 952 628 illorum
1038 577 1073 631 Ut
1082 575 1201 646 impiam
1211 574 1462 630 Samaritanorum
1469 572 1603 628 haeresim
1611 572 1724 629 etomni
1733 573 1818 629 ratio·

135 661 299 717 universam
315 663 521 734 rempublicam
534 665 564 719 in
575 682 665 719 unum
675 666 883 737 colligentibus.
898 667 952 723 Sed
1003 686 1039 724 ne
1055 671 1200 724 carentem
1211 668 1316 724 horum
1326 666 1473 722 vesaniam
1490 666 1526 721 ad
1537 666 1688 721 meliorem
1702 667 1817 739 frugem

136 758 165 808 et
175 755 492 811 communishominum
504 758 597 828 ligura
604 759 797 814 venerabilior
806 760 870 826 erit,
877 777 952 832 qure-
1002 760 1233 833 perduceremus,
1246 776 1408 831 nequenon
1419 760 1544 831 ipsarum
1554 759 1730 830 animasque
1747 759 1819 815 deti·

135 851 259 918 rentquc
275 848 352 919 qnod
364 851 546 921 praestantius
556 855 608 920 est,
623 852 739 907 illorum
747 854 901 924 puritatem
910 871 953 909 re·
1003 851 1821 923 nenturmorboliberaremus,saepennmerotampientis·

134 940 228 995 veriti.
243 940 323 996 Unde
335 959 393 997 una
406 944 456 998 fiet
469 945 652 1016 conspiratio,
667 946 801 1000 omnihus
817 947 901 1002 simul
914 947 952 1002 ad
1001 946 1522 1018 simusprincepspaternosterqnam
1537 945 1624 1000 etiam
1631 961 1683 1000 nos
1693 944 1748 1016 ipsi
1757 948 1815 999 stu·

134 1033 191 1088 hoc
205 1037 450 1104 concurrentibus,
463 1041 491 1091 et
504 1037 607 1109 (quoad
623 1038 684 1094 lieri
699 1039 803 1111 potest)
814 1041 949 1096 extermi·
1002 1040 1218 1096 diohabuimns.
1226 1039 1283 1094 Sed
1292 1039 1320 1093 in
1332 1039 1476 1111 plerisque
1486 1039 1591 1093 horum
1602 1055 1659 1093 non
1670 1039 1816 1110 potuimus

133 1131 204 1182 nata
215 1128 294 1182 omni
304 1129 587 1187 malitiamelioribns
596 1133 843 1205 sanctioribusque
851 1135 952 1190 studiis
1000 1133 1070 1188 idio
1081 1132 1353 1204 quodlongostndio
1368 1132 1552 1187 incubuimus
1564 1131 1676 1187 attactui
1689 1132 1814 1187 tradere.

135 1220 315 1288 introductis,
327 1226 355 1276 ct
364 1223 534 1295 dignitatem
544 1226 727 1281 habentibus.
738 1227 821 1291 Quod
833 1229 950 1299 quidem
1000 1227 1396 1282 Evaseranteuimiutantam
1407 1226 1646 1281 nonnullieorum
1659 1225 1814 1293 vesaniam,

133 1330 200 1368 curu
211 1314 416 1383 desideremus,
424 1317 533 1372 baurim
545 1319 621 1373 haud
631 1319 805 1390 dnbieopns,
815 1322 952 1391 quemad·
1001 1325 1032 1375 ιιι
1047 1320 1092 1375 vel
1107 1319 1225 1375 salutari
1238 1319 1380 1390 baptismo
1398 1318 1517 1390 dignati,
1538 1317 1633 1373 denuo
1655 1319 1691 1373 ad
1706 1319 1735 1374 id
1747 1319 1817 1374 mali

133 1406 256 1462 modum
272 1425 439 1478 persuasum
455 1411 605 1478 habemus,
617 1413 790 1483 perficimus.
802 1415 948 1486 illudquo-
1001 1413 1077 1468 unde
1088 1411 1429 1477 discesserautrcdierint,
1442 1417 1470 1466 el
1480 1411 1653 1466 eademcum
1664 1412 1816 1468 Samarita-

134 1516 190 1571 qne
202 1501 336 1555 omnibus
346 1503 489 1558 observavi
502 1504 743 1573 modisvolnmus,
756 1511 785 1560 nt
795 1507 818 1560 si
833 1507 896 1578 quis
908 1525 950 1561 re·
1000 1506 1044 1561 nis
1054 1507 1159 1562 habere
1173 1506 1203 1560 in
1216 1505 1317 1577 pretio,
1333 1504 1435 1559 eodem
1445 1521 1510 1559 cum
1523 1504 1592 1575 ipsis
1603 1504 1704 1575 agitari
1718 1506 1815 1561 surore

133 1594 407 1650 verendissimorum
421 1597 631 1652 monachorum
653 1598 682 1652 in
704 1615 834 1671 caupona
855 1600 950 1672 aliqua
999 1600 1214 1672 dignoscantur.
1230 1599 1404 1655 Praeclarum
1414 1597 1501 1667 igitur
1511 1597 1594 1652 nohis
1609 1597 1699 1652 visum
1714 1602 1757 1651 est
1771 1615 1816 1652 ve-
1841 1587 1845 1595 ’

133 1686 271 1742 diversari
284 1688 423 1756 videatur,
438 1690 512 1745 illico
524 1690 547 1745 is
557 1690 687 1746 tradatur
695 1692 841 1748 civitatum
852 1694 950 1748 delen·
999 1699 1090 1748 terem
1106 1693 1221 1747 illamet
1232 1691 1310 1762 prins
1328 1695 1426 1746 contra
1445 1691 1521 1761 ipsos
1536 1691 1712 1762 propositam
1729 1692 1815 1762 putris

132 1780 254 1849 sonibus,
271 1786 320 1836 ant
329 1782 376 1837 hic
387 1783 495 1853 jndicio
510 1764 684 1839 excellentiae
698 1789 764 1854 tuae,
780 1787 947 1858 castigetur·
959 1767 987 1838 Β
1000 1786 1089 1840 nostri
1099 1786 1194 1856 legem
1203 1801 1353 1840 renovare.
1362 1789 1400 1838 Ac
1410 1785 1712 1855 proptereasancimns
1722 1791 1752 1840 ut
1762 1785 1816 1854 ipsi

133 1890 190 1944 que
200 1874 356 1942 convictus,
365 1876 528 1947 certiorque
538 1894 573 1932 ea
583 1878 618 1933 de
631 1895 661 1933 re
673 1879 810 1933 reddatur
820 1880 947 1946 antistes,
999 1896 1092 1950 neque
1104 1896 1137 1932 ex
1147 1877 1313 1938 testamenti
1326 1877 1440 1944 tabulis,
1458 1894 1552 1949 neque
1564 1877 1673 1950 absque
1681 1877 1814 1933 iishaere·

132 1971 166 2021 ut
184 1983 251 2021 eum
268 1969 317 2038 qni
333 1969 394 2024 hac
409 1968 538 2041 deliquit,
553 1975 582 2025 et
596 1974 708 2042 turpem
721 1972 809 2027 vitam
825 1989 890 2027 cum
900 1990 948 2027 an·
998 1973 1049 2027 des
1059 1973 1138 2037 liant,
1151 1973 1279 2041 legatave
1289 1970 1412 2042 capiant,
1423 1974 1473 2025 aut
1483 1970 1645 2025 donationis
1655 1971 1738 2025 titulo
1752 1988 1814 2026 rem

133 2059 226 2131 getico
245 2060 300 2116 hoc
322 2065 397 2116 statu
415 2064 598 2133 permutavit,
619 2065 742 2135 expellat
760 2066 946 2121 monasterio.
998 2064 1348 2136 aliqnamnanciscantnr.
1359 2063 1416 2119 Sed
1428 2080 1521 2135 neque
1536 2064 1815 2130 Samaritani,autin

130 2154 247 2208 Duabus
261 2154 339 2209 enim
349 2155 529 2225 potissimum
546 2155 574 2210 in
586 2157 671 2212 rebus
690 2174 806 2229 operam
833 2163 863 2215 et
881 2159 946 2214 dili·
999 2159 1160 2214 nniversum
1174 2158 1311 2224 haeretici,
1323 2158 1406 2229 quive
1421 2161 1529 2212 rectam
1544 2174 1572 2210 se
1586 2157 1814 2212 Christianorum

132 2247 260 2316 gentiam
276 2253 543 2319 reponercoporlet
557 2251 724 2318 monachae,
740 2256 771 2305 ut
794 2256 845 2306 aut
863 2253 949 2307 sacris
998 2253 1085 2307 fidem
1095 2252 1232 2323 amplecti
1244 2251 1393 2318 simulant,
1407 2267 1472 2306 cnm
1482 2267 1579 2305 revera
1593 2266 1687 2321 neque
1700 2251 1740 2305 ita
1751 2268 1815 2306 seu·

131 2343 232 2395 vacent
246 2339 407 2410 Scripturis,
418 2347 467 2397 ant
477 2359 549 2414 quas
561 2343 727 2399 manuarias
736 2360 838 2400 vocare
856 2346 949 2402 solent
998 2345 1081 2412 liant,
1095 2361 1189 2416 neque
1203 2344 1269 2399 huic
1278 2346 1472 2399 consentanea
1487 2344 1600 2410 incunt,
1616 2344 1652 2398 ad
1667 2344 1816 2399 haeredita·

131 2438 208 2488 artes
218 2435 374 2490 monachos
390 2435 523 2491 decentes
542 2437 718 2492 meditentur
729 2444 946 2510 exerceantque.
998 2443 1057 2492 tem
1066 2438 1102 2493 ah
1113 2437 1247 2492 intestato
1259 2437 1360 2503 vocati,
1375 2436 1585 2491 successionem
1596 2436 1731 2491 habeant.
1744 2437 1814 2492 ltem

131 2526 947 2603 Siquidemmensinertiotiodeditahaudsenequidquim
998 2547 1091 2602 neque
1109 2533 1282 2585 testamenta
1301 2530 1491 2592 conscribant.
1509 2545 1603 2600 nequa
1617 2529 1713 2600 legata
1729 2531 1815 2584 reliu-

130 2619 272 2676 bonarnm
284 2621 438 2691 pepererit.
446 2624 538 2693 Atque
549 2623 623 2677 hunc
634 2624 728 2693 lcgem
738 2623 774 2678 de
783 2625 826 2678 his
840 2642 946 2696 propo·
998 2629 1098 2695 quant,
1110 2627 1160 2678 ant
1169 2623 1289 2689 donent,
1301 2623 1354 2677 uisi
1369 2622 1419 2693 qni
1430 2639 1464 2677 ea
1474 2622 1635 2693 percepturi
1648 2625 1723 2687 sunl,
1736 2625 1817 2676 etre-

130 2712 236 2778 nimns‚
253 2716 312 2768 tam
325 2713 497 2786 inhaeregia
509 2717 664 2770 valituram
674 2717 837 2788 urbequam
847 2719 876 2773 in
888 2735 949 2774 om·
997 2721 1041 2771 cte
1057 2717 1092 2770 de
1109 2717 1166 2771 fide
1182 2716 1318 2784 sentiant,
1334 2719 1363 2770 et
1373 2714 1474 2769 fideles
1489 2715 1695 2785 sintoperihus.
1710 2716 1781 2769 Nam
1792 2714 1816 2769 si

131 2805 368 2877 nibusgentibus.
378 2808 451 2862 Nam
462 2810 491 2862 et
501 2808 537 2863 ad
550 2825 786 2882 unumquemque
797 2811 948 2883 religiosis·
997 2826 1085 2865 neruo
1104 2810 1207 2864 horum
1220 2809 1265 2874 sit,
1276 2808 1414 2877 jubemus
1429 2813 1459 2862 nt
1471 2813 1535 2878 post
1548 2808 1676 2878 ipsorum
1691 2813 1815 2862 mortem

131 2899 236 2953 simum
255 2899 448 2970 patriarcham
462 2918 514 2973 pro
538 2903 648 2973 majore
668 2904 779 2958 cautela
797 2907 948 2977 etcompe·
997 2903 1100 2957 horum
1111 2903 1188 2958 hona
1203 2902 1239 2957 ad
1255 2901 1479 2957 sacratissimum
1490 2901 1652 2971 pertineant
1668 2900 1813 2955 aerarium.

131 2995 210 3047 lente
223 2994 350 3048 custodia
359 3010 424 3049 earn
436 2996 671 3051 transmittemus.
682 2997 788 3050 liivero
797 2997 833 3052 ad
847 3002 948 3054 metro·
997 2997 1077 3051 Unde
1099 2999 1129 3050 et
1147 3012 1226 3050 sacra
1246 2995 1294 3049 illa
1308 2995 1414 3061 forma,
1430 3010 1482 3065 per
1491 2994 1703 3064 indulgentiam
1717 2993 1785 3064 ipsis
1799 3011 1816 3048 a

129 3085 947 3158 politanassubipsisconstitutoseamcmiltent.lllianlem
999 3092 1079 3160 patre
1096 3092 1194 3144 nostro
1213 3104 1356 3154 concessa,
1382 3103 1456 3157 quaa,
1476 3086 1547 3157 legis
1567 3088 1658 3141 vicem
1672 3085 1815 3153 obtinens,

130 3179 545 3251 omnibusaliisimpertientur
555 3183 947 3257 episcopis‚etperepiscopos
998 3181 1118 3251 largitur
1130 3181 1208 3252 ipsis,
1220 3184 1251 3235 ut
1263 3179 1463 3236 haereditatem
1477 3179 1585 3251 pariter
1595 3179 1673 3234 adire
1688 3183 1716 3234 et
1726 3184 1817 3234 trans-

129 3273 948 3347 haecreverendissimismonachiseorumqncantistitibus
998 3274 1121 3341 mittere,
1142 3274 1211 3329 item
1232 3273 1332 3343 legatis
1348 3272 1486 3327 honorari
1500 3277 1530 3326 et
1541 3272 1637 3340 legata
1652 3271 1815 3343 relinquere

129 3365 285 3421 manifesta
299 3367 358 3422 flet.
372 3369 461 3423 Porro
475 3369 559 3439 hujus
569 3370 610 3423 rei
627 3369 853 3424 observationem
867 3387 946 3426 com·
998 3367 1116 3437 possint,
1133 3369 1161 3420 in
1180 3368 1326 3435 posterum
1342 3365 1464 3430 vacabit,
1476 3380 1570 3433 neque
1589 3380 1706 3434 prorsus
1728 3364 1816 3418 ullam

129 3458 272 3514 mittimus
285 3476 343 3515 nun
354 3463 465 3516 tautum
487 3462 623 3532 cujusque
642 3462 801 3517 mansionis
816 3464 948 3518 solitaria
997 3457 1383 3512 li1·1nitaten1habebit.Nam
1399 3457 1421 3510 si
1435 3456 1520 3526 hujus
1532 3473 1562 3509 se
1578 3456 1729 3510 clementia
1739 3455 1814 3510 indi·

129 3552 254 3623 praesnli,
268 3569 361 3623 neque
373 3555 466 3609 solum
479 3555 527 3608 Dei
539 3555 744 3609 amantissimis
752 3556 880 3611 locorum
891 3557 948 3627 epi·
997 3568 1070 3622 gnos
1080 3568 1141 3606 esse
1152 3550 1352 3621 perhibuerint
1362 3549 1410 3620 qui
1419 3548 1662 3605 Samaritanorum
1670 3548 1816 3618 agitantur

129 3646 233 3716 scopis,
240 3649 290 3700 ant
298 3647 763 3719 religiosissimismetropolitanis,
775 3654 824 3702 ant
832 3650 948 3704 sanctis·
996 3644 1121 3711 vesania,
1135 3644 1284 3698 nemiuem
1299 3642 1388 3697 alium
1404 3659 1489 3712 quam
1502 3642 1609 3712 seipsos
1628 3643 1813 3707 accusabunt,

129 3738 209 3793 simis
219 3738 398 3809 patriarchis,
411 3741 460 3795 sed
471 3745 500 3795 et
519 3741 564 3795 hic
578 3742 695 3813 quidem
713 3743 865 3813 pratentis,
880 3748 912 3797 ιιι
924 3742 946 3797 si
997 3736 1332 3808 cumabcnignitatellei
1342 3733 1816 3791 etServatorisnostrilesnChristi

129 3847 176 3888 res
191 3831 407 3888 vehementiore
432 3833 527 3905 aliqua
542 3835 790 3890 animadversione
807 3835 945 3906 indigeat,
997 3830 1084 3885 alieni
1098 3829 1163 3885 sint.
1179 3829 1374 3884 Liberalitates
1385 3832 1482 3884 antem
1496 3828 1532 3882 ab
1545 3828 1734 3898 imperatoria
1746 3827 1816 3884 olim

129 3924 164 3979 de
180 3924 236 3980 hoc
246 3941 263 3979 a
272 3925 323 3981 Dei
334 3927 539 3982 amantissimis
554 3927 621 3982 viris
633 3927 736 3994 edocti,
750 3928 778 3982 id
789 3944 945 3999 exseqnau·
995 3924 1147 3994 majestate
1157 3923 1224 3994 ipsis
1231 3938 1383 3978 concessas
1391 3922 1528 3977 amittunt
1542 3921 1572 3976 in
1587 3922 1652 3989 hoc,
1665 3925 1695 3977 ut
1709 3921 1745 3976 ad
1757 3938 1816 3977 me-

131 4023 180 4072 tnr
191 4034 198 4072 :
211 4018 240 4072 in
250 4019 404 4089 provinciis
416 4037 484 4075 vero
495 4021 610 4075 illarum
620 4021 799 4091 presidibus,
811 4024 946 4077 attamen
995 4017 1098 4072 liorem
1105 4021 1231 4072 mcutlsm
1242 4016 1441 4084 redeant,uon
1453 4021 1483 4070 nt
1490 4019 1629 4087 perpetuo
1640 4016 1670 4069 iu
1681 4032 1816 4085 perversa

130 4110 200 4181 quid
215 4111 289 4167 facto
304 4129 376 4183 opus
389 4113 433 4179 sit,
448 4112 527 4184 prius
544 4114 625 4168 ailei
636 4114 840 4170 amantissimis
850 4115 944 4186 perdi·
996 4111 1050 4165 hac
1071 4109 1206 4182 opinione
1229 4126 1280 4163 sna
1300 4113 1500 4180 permaneant.
1512 4107 1672 4178 Excipimns
1686 4111 1782 4161 anum
1797 4124 1815 4162 a

128 4210 211 4259 scant
221 4204 369 4276 episcopis.
381 4208 415 4260 Et
425 4224 540 4278 prorsus
552 4211 610 4262 tam
619 4224 671 4278 per
679 4211 947 4280 sacrataspemonas
996 4203 1208 4275 praesentelege
1220 4203 1348 4267 rusticos,
1362 4202 1409 4271 qui
1420 4200 1667 4255 Samaritanorum
1675 4198 1815 4270 opinioni·

129 4314 217 4369 quam
230 4299 413 4369 magistratus
431 4316 465 4354 ea
479 4317 542 4370 quae
558 4302 646 4355 Deum
662 4305 839 4355 concernunt
850 4301 945 4356 incar·
996 4296 1332 4361 bushonoremhabenl;
1344 4293 1431 4364 idque
1442 4309 1499 4347 non
1510 4293 1637 4362 ipsorum
1649 4292 1750 4363 gratia,
1763 4292 1814 4347 sed

129 4394 215 4462 rupta
227 4390 362 4458 exisluut;
377 4394 406 4446 et
417 4410 475 4464 pra*
488 4394 599 4447 caeteris
611 4393 743 4448 omnibus
757 4410 808 4465 per
817 4395 948 4463 majesta·
996 4392 1114 4459 propter
1131 4386 1366 4441 constitutionem
1382 4384 1556 4455 praediorum
1567 4400 1631 4455 qnae
1643 4384 1679 4438 ab
1692 4383 1760 4453 ipsis
1770 4400 1815 4438 co·

129 4488 190 4538 tem
219 4484 448 4555 imperatoriam,
484 4490 583 4558 utpote
604 4503 671 4541 cum
693 4486 764 4540 nihil
784 4485 944 4540 divinarum
954 4492 984 4565 Ι)
995 4482 1102 4546 luntur,
1116 4485 1289 4551 propterque
1299 4478 1409 4533 reditus
1421 4477 1565 4532 attributa
1577 4493 1642 4547 quae
1655 4477 1759 4532 exinde
1773 4476 1816 4530 in·

127 4593 236 4644 rerum,
252 4582 281 4632 et
299 4594 363 4648 quae
379 4579 520 4634 custodire
535 4579 645 4649 justum
661 4584 712 4647 est,
729 4595 745 4633 a
760 4579 842 4634 nobis
858 4579 948 4651 negli·
999 4575 1132 4629 feruutur
1147 4572 1272 4644 publico,
1287 4575 1320 4626 nt
1333 4572 1382 4643 qni
1395 4570 1555 4625 rusticitate
1568 4570 1750 4626 seducantur.
1767 4571 1814 4626 His

128 4672 224 4740 gatnr,
247 4670 298 4725 sed
311 4687 363 4742 per
378 4673 478 4727 omnia
493 4672 658 4727 studeamus
671 4677 701 4727 nl
715 4673 877 4727 communis
890 4673 944 4727 rei·
997 4667 1102 4723 etenim
1109 4665 1402 4738 permittimusnttam
1412 4663 1815 4735 ascendentesquemdescen·

126 4761 249 4832 publica
264 4766 394 4819 statuser
405 4765 502 4836 magni
514 4766 563 4820 Dei
575 4769 603 4820 et
614 4766 771 4821 Servaturis
783 4766 946 4822 nastrilcsu
996 4761 1106 4826 dentes,
1123 4764 1152 4814 et
1165 4777 1198 4813 ex
1212 4764 1373 4814 transverso
1389 4762 1526 4830 cognatos
1546 4774 1612 4812 snos
1628 4757 1758 4812 haeredes
1771 4758 1812 4812 le·

125 4854 231 4912 Christi
244 4873 314 4928 erga
324 4857 457 4913 homines
468 4874 566 4913 amore
577 4859 700 4914 fructum
714 4860 827 4913 auferat
843 4876 894 4930 per
903 4876 947 4913 re·
995 4853 1156 4925 gatariosve
1171 4852 1305 4919 scribant,
1322 4851 1436 4907 tametsi
1454 4851 1702 4907 Samaritanorum
1715 4866 1813 4905 errore

125 4949 399 5005 verendissimornm
415 4951 540 5006 virorum
556 4951 730 5022 puritatem:
752 4969 839 5023 quam
850 4956 944 5007 custo·
994 4947 1187 5012 detineantur,
1204 4950 1344 5000 attamen
1358 4943 1664 5011 tundosrectecolant,
1682 4959 1740 5014 quo
1752 4961 1816 4999 ma·

126 5041 206 5096 dicut
221 5048 249 5097 et
261 5044 366 5103 clerici.
383 5046 413 5099 et
426 5045 568 5111 monachi,
583 5050 612 5100 et
627 5045 763 5116 episcopi,
778 5050 836 5099 tam
852 5047 943 5116 maj0-
996 5041 1039 5111 gis
1055 5045 1084 5094 et
1095 5040 1208 5094 uberior
1219 5036 1814 5109 exindcproventusadpraediorumdomi·
1903 5085 1904 5088 ,

125 5151 265 5206 resquam
273 5136 484 5205 minores,tum
495 5154 641 5193 sacrorum
650 5154 944 5193 memorescauonnm
995 5151 1046 5188 nos
1061 5134 1217 5203 deteratur,
1233 5137 1260 5187 ei
1280 5149 1331 5203 per
1345 5132 1421 5202 ipsos
1436 5131 1472 5185 ad
1489 5132 1598 5184 fiscum.
1619 5130 1675 5186 Sed
1702 5135 1732 5186 ct
1753 5133 1814 5188 sine

126 5231 189 5282 tum
200 5234 363 5284 nostrarum
374 5230 470 5300 legum
482 5235 512 5284 et
524 5231 760 5286 constitutionum
771 5231 806 5286 de
817 5231 872 5286 hoc
880 5249 945 5285 con-
993 5227 1174 5282 testamentis
1189 5225 1316 5298 predicti
1330 5226 1402 5279 alter
1423 5224 1460 5278 ad
1484 5224 1601 5279 alterius
1614 5225 1813 5281 hereditatem

124 5322 307 5392 scriptarum,
325 5340 397 5395 quas
406 5327 435 5378 et
445 5326 537 5379 valere
553 5330 582 5379 et
596 5329 672 5379 ratas
683 5341 744 5378 csse
758 5341 941 5395 perpracsen-
993 5317 1564 5392 pervenientproptereamdemcansam.
1574 5318 1812 5389 Quandoquidem

123 5418 185 5469 tem
198 5431 311 5487 qnoque
325 5416 420 5487 legem
436 5417 588 5471 sancimus.
606 5418 676 5482 011oe
686 5416 774 5487 igilur
788 5418 871 5472 nobis
881 5417 941 5489 pla·
993 5417 1022 5469 et
1032 5415 1054 5468 si
1069 5429 1155 5467 nemo
1165 5411 1449 5477 hornminveniatur,
1461 5410 1752 5467 nibilominustamen
1762 5425 1812 5464 vu·

123 5510 256 5576 cuerunt,
271 5514 300 5564 et
314 5527 367 5582 per
380 5511 454 5564 hanc
468 5527 579 5565 sacram
591 5510 773 5566 declarantur
787 5510 893 5581 legem,
909 5527 942 5565 ca
992 5507 1088 5562 lumns
1103 5510 1133 5560 nt
1147 5504 1248 5576 praedii
1262 5505 1396 5559 deminus
1418 5505 1446 5559 in
1461 5521 1517 5577 quo
1527 5505 1649 5560 rusticus
1662 5503 1813 5558 defunctus

122 5617 300 5671 cognoscens
309 5603 464 5673 gloriaturi,
473 5602 622 5658 effectniet
633 5603 681 5658 fini
697 5603 808 5657 tradere
818 5604 940 5658 studeto.
992 5606 1035 5655 eet
1050 5600 1085 5654 ab
1100 5600 1147 5654 illo
1161 5600 1258 5653 relicta
1271 5598 1374 5670 rapiat,
1384 5603 1413 5654 et
1425 5598 1483 5653 fisci
1496 5600 1588 5654 locum
1600 5599 1812 5665 tenentia-pole

122 5695 244 5751 liutmun
256 5696 371 5751 lirleud.
389 5696 485 5767 April..
500 5698 657 5761 Constant..
672 5696 847 5751 brionnae.
861 5714 939 5751 cons.
992 5695 1082 5765 quiet
1100 5710 1150 5764 pro
1164 5693 1212 5747 illo
1231 5693 1350 5763 puhlicis
1374 5692 1509 5747 satisfacit
1528 5689 1649 5745 tributis.
1670 5690 1812 5744 Praeterea

991 5787 1202 5844 Samaritaunm
1211 5787 1330 5842 omniuo
1340 5801 1434 5857 neque
1450 5784 1821 5852 militiamcaqessereeeu-
