3884 6150
183 260 216 314 35
857 244 994 305 hannul
1014 248 1194 304 bttslfflllsls
1831 253 1865 306 36

123 391 127 397 -
182 370 314 440 prompte
328 368 490 437 prestetur,
503 366 653 433 autequam
666 357 794 428 accipiat,
809 357 858 428 qui
879 355 995 428 prabet,
1008 356 1176 442 Asequitur
1191 374 1198 410 :
1215 360 1245 411 ut
1259 356 1313 410 nisi
1330 355 1393 428 quis
1405 354 1483 411 illam
1499 355 1529 409 in
1548 354 1626 410 omni
1643 371 1727 427 opere
1742 347 1797 412 sno¹
1808 358 1866 413 cir-

182 465 321 535 quantum
329 476 364 514 ex
375 475 408 515 eo
418 457 558 529 benignus
567 453 698 510 omnibus
705 455 754 505 aut
763 450 998 522 largientissimus
1048 454 1207 522 cumspecte
1228 450 1382 521 provideat,
1400 449 1474 505 nihil
1492 450 1546 506 Deo
1562 465 1597 505 ex
1614 451 1692 506 omni
1705 468 1790 523 opere
1804 453 1866 525 ejus

182 555 321 623 rideatur,
338 553 383 609 hic
398 553 447 625 qui
462 552 577 607 daturus
592 551 634 602 est
646 545 772 601 metitur.
787 544 864 601 Miles
877 545 998 616 denique
1048 544 1119 599 nihil
1137 544 1276 616 proximo,
1295 544 1366 599 nihil
1388 544 1511 616 denique
1533 544 1625 600 eidem
1644 544 1698 616 ipsi
1719 547 1864 618 proficiat3

182 649 243 722 ipse
258 647 378 719 sumptis
391 645 477 701 armis
489 641 583 714 pergit
596 641 631 695 ad
644 639 790 712 pralium3
806 639 875 694 dum
893 640 996 709 adhuc,
1048 639 1096 709 sed
1111 637 1187 692 rclut
1205 637 1301 693 infelix
1314 637 1498 708 mancipium,
1514 639 1566 693 sub
1580 639 1778 727 aura-domina
1792 657 1864 713 qna-

183 743 230 799 cui
251 743 331 798 cedat
350 738 474 806 victoria,
489 735 623 804 noscitur,
647 738 821 805 praesumpta
844 732 896 788 sibi
914 733 996 788 lorti·
1049 732 1151 788 tumris
1164 732 1341 801 laboraverit,
1358 736 1452 786 tamen
1465 749 1577 803 semper
1589 738 1632 788 est
1643 733 1765 789 nudum.

181 837 288 893 tudinis
306 831 483 903 arrogantia,
499 830 539 884 ita
557 828 712 900 typhosus,
733 827 813 899 quasi
830 827 890 899 jam
909 827 998 882 victor
1084 826 1127 881 Vl.
1143 825 1196 881 Sed
1214 825 1288 881 dicet
1305 824 1377 880 mihi
1397 824 1520 898 aliquis:
1536 827 1609 898 Ergo
1628 826 1699 881 nihil
1718 827 1861 898 charitati,

182 929 350 1002 ingreditur.
376 922 510 980 Praeludit
530 939 598 994 ergo
617 922 698 976 elatio
721 921 751 975 iu
770 920 949 992 quibusdam,
969 924 998 976 et
1047 919 1120 975 nibil
1135 920 1345 987 misericordiae,
1367 919 1439 974 nihil
1459 924 1601 991 postremo
1619 921 1695 993 quod
1714 922 1864 993 gessimus,

182 1014 998 1092 relutdurquoedamsuadetomuibus.lt'ecsolumnraguis
1047 1014 1205 1087 cuicunque
1225 1013 1407 1086 deputabitur
1427 1013 1567 1069 bonitati?
1586 1015 1727 1070 Audacter
1745 1015 1863 1072 dicam:

182 1117 231 1173 dat
250 1115 389 1182 animum,
407 1113 455 1167 sed
475 1117 504 1166 et
522 1110 625 1183 parvis.
645 1110 715 1163 Num
737 1108 767 1163 in
787 1108 885 1180 quovis
905 1098 1000 1180 operis
1046 1108 1129 1165 nihil.
1149 1108 1217 1175 Quia
1237 1108 1289 1162 soli
1307 1107 1438 1163 inanitati
1453 1124 1510 1163 snae
1528 1125 1600 1163 rana
1621 1108 1710 1180 gloria
1728 1108 1862 1181 vindicat,

182 1214 285 1265 conatu
305 1208 348 1264 rel
368 1206 512 1279 ponderis,
528 1202 656 1276 quamvis
673 1202 829 1257 invalidum
849 1219 916 1257 mox
934 1203 998 1256 lau·
1047 1202 1185 1276 quidquid
1198 1218 1255 1257 nou
1269 1201 1412 1271 bonitatis,
1426 1202 1474 1258 sed
1488 1202 1549 1274 ejus
1561 1202 1681 1274 imperio
1696 1207 1738 1258 est
1751 1203 1864 1277 periec-

181 1303 299 1373 daveris,
315 1301 380 1374 plus
392 1300 506 1355 valebit.
521 1298 548 1354 Si
567 1314 670 1369 pamm
687 1296 818 1368 ponderis
838 1300 998 1368 portantem
1047 1300 1119 1351 tum.
1137 1296 1221 1351 Multa
1239 1299 1305 1351 sunt
1324 1312 1388 1367 quae
1406 1296 1440 1352 de
1463 1297 1516 1351 hac
1535 1297 1702 1368 contagione
1716 1297 1864 1369 dicantur3

181 1397 262 1471 quasi
279 1396 433 1452 admiratus
451 1393 546 1462 fueris,
563 1392 663 1465 majori
683 1391 851 1446 succumbit.
867 1390 894 1446 Si
915 1391 998 1462 pigro
1047 1390 1095 1445 sed
1120 1390 1188 1461 quia
1214 1389 1275 1459 jam
1305 1389 1486 1445 multiformis
1511 1390 1649 1446 subtilitas
1680 1392 1742 1463 ejus
1771 1397 1866 1464 potest

182 1491 287 1548 dixeris
305 1490 371 1563 quia
384 1490 465 1544 velox
488 1491 540 1556 est,
553 1486 688 1541 contiuuo
710 1484 839 1540 evolabit.
855 1486 998 1539 Postremo
1047 1483 1168 1555 sapienti
1181 1483 1241 1537 rire
1254 1483 1298 1538 his
1316 1483 1413 1555 paucis
1428 1483 1543 1555 iudiciis
1562 1485 1717 1556 perlucere,
1731 1502 1808 1541 nunc
1827 1487 1864 1543 ad

182 1589 211 1643 et
222 1584 269 1641 eui
278 1584 430 1640 viresraua
444 1581 533 1654 gloria
545 1580 611 1636 darc
621 1596 679 1634 nou
691 1579 792 1651 potuit,
803 1578 846 1633 rel
858 1577 997 1649 impetum
1046 1576 1156 1648 reliqua
1178 1581 1329 1647 transeam,
1347 1582 1376 1632 et
1396 1577 1464 1650 quid
1482 1577 1558 1634 alind
1573 1580 1654 1652 pejus
1668 1597 1703 1636 ex
1717 1580 1771 1636 hoc
1789 1581 1866 1636 malo

182 1677 380 1735 commodavit.
391 1678 487 1748 ltaque
497 1691 565 1746 ergo
575 1674 706 1746 quaedam
713 1671 856 1743 precedit,
867 1671 997 1743 quaedam
1048 1676 1200 1743 generatur
1213 1671 1370 1744 expediam.

758 1989 1166 2097 OPUSCULUM
1198 1992 1288 2094 IV.

680 2182 807 2302 m:
858 2180 1373 2302 SUPERBIA.

217 2405 333 2472 lOualis
346 2405 451 2461 electus
462 2402 498 2460 sit
515 2403 647 2459 David'in
665 2403 770 2476 populo
791 2404 839 2459 uei
858 2406 1034 2489 prophetass
1046 2420 1081 2461 ex
1094 2420 1166 2459 vana
1179 2404 1278 2476 gloria.
1297 2404 1368 2458 Cum
1384 2402 1472 2458 semel
1490 2402 1611 2458 aliorum
1627 2402 1864 2458 assentationibus

181 2504 210 2557 et
223 2516 283 2569 rex,
299 2505 459 2572 quantaque
473 2498 672 2560 misericordia,
686 2514 805 2552 summae
819 2503 847 2553 et
867 2515 997 2555 mansue·
1046 2498 1189 2554 cousuevit
1200 2498 1297 2568 homa,
1310 2497 1386 2570 quod
1399 2513 1520 2568 magnus
1532 2497 1577 2566 sit,
1590 2513 1703 2552 necesse
1717 2501 1760 2552 est
1771 2496 1865 2551 uthoc

180 2595 287 2650 tudinis
299 2593 385 2648 luerit
396 2592 532 2664 praeditus
547 2591 694 2663 dignitate,
704 2598 774 2663 puto
787 2597 825 2659 te,
835 2592 997 2649 charissime
1046 2592 1099 2646 sibi
1109 2592 1205 2662 etipse
1219 2592 1385 2647 consentiat.
1397 2592 1488 2655 Quam
1497 2590 1640 2645 miseriam
1649 2590 1720 2646 illud
1734 2590 1810 2661 quod
1821 2594 1865 2645 est

181 2703 326 2743 sacrorum
334 2687 512 2741 voluminum
522 2685 690 2741 testimoniis
699 2686 854 2757 agnovisse.
869 2687 997 2742 intendat
1046 2685 1127 2757 pejus
1137 2686 1299 2757 assequitur
1314 2685 1399 2756 :quia
1412 2684 1551 2756 quidquid
1564 2685 1640 2756 apud
1654 2701 1683 2739 se
1696 2685 1780 2744 etiam
1795 2701 1863 2756 pro-

181 2796 250 2853 ergo
263 2780 414 2853 prudentia
428 2785 486 2844 tua,
501 2779 642 2852 quemodo
657 2780 704 2833 ille
719 2780 774 2834 Deo
784 2779 910 2852 placidus
926 2778 997 2852 [For-
1045 2779 1109 2851 prio
1122 2780 1283 2835 testimonio
1295 2779 1446 2847 roboravit,
1462 2779 1591 2849 quamvis
1610 2779 1710 2833 falsum
1731 2778 1767 2832 sit
1783 2777 1865 2832 nulla

180 2880 215 2944 te,
231 2873 358 2948 placitus]
370 2875 415 2929 rir
427 2873 719 2945 huncuequissimum
739 2889 818 2927 ranae
833 2873 929 2944 gloriar
942 2874 997 2946 spi·
1045 2871 1075 2927 id
1087 2873 1113 2927 ei
1131 2871 1227 2944 laeta,
1242 2872 1317 2946 earm]
1341 2871 1443 2944 poterit
1463 2877 1630 2946 extorquere
1650 2872 1759 2941 suasio;
1781 2876 1808 2926 el
1827 2873 1864 2927 ob

179 2969 278 3038 ritum,
292 2985 328 3022 ue
350 2967 403 3022 sibi
421 2967 596 3038 subreperet,
621 2966 791 3021 formidarit.
817 2967 996 3038 Conspieieus
1045 2966 1098 3021 hoc
1119 2967 1337 3021 inemendabilis
1356 2971 1454 3036 status,
1476 2964 1676 3039 spretis‘aliis,
1697 2982 1727 3020 se
1751 2970 1865 3020 tautum

180 3061 257 3116 enim
272 3062 366 3133 qualia
383 3065 411 3116 et
428 3065 533 3132 quanta
546 3059 620 3114 bona
638 3059 679 3114 illi
697 3059 821 3130 quotidie
840 3060 889 3114 liei
907 3061 996 3132 gratia
1045 3060 1169 3132 quotidie
1188 3061 1356 3130 admiratur,
1371 3061 1400 3115 id
1415 3061 1506 3115 solum
1524 3059 1775 3131 irreprehensibile
1795 3076 1862 3132 per·

180 3152 343 3226 largiretur,
354 3154 380 3210 id
390 3158 441 3221 est,
452 3153 629 3209 lotrictorias
639 3153 873 3225 alienigenarum,
887 3158 994 3209 tautam
1044 3154 1206 3226 tectumque
1223 3155 1363 3226 judicans,
1377 3155 1453 3227 quod
1471 3154 1531 3226 ipse
1551 3153 1686 3225 sapuerit.
1701 3155 1758 3208 Hoc
1775 3153 1866 3224 igitur

181 3248 342 3305 divitiarum
354 3247 539 3318 alssueutiam,
553 3246 705 3302 vindictam
724 3247 753 3301 in
773 3247 892 3316 emulis,
908 3249 994 3304 innu·
1045 3253 1114 3315 erat,
1130 3249 1206 3321 quod
1223 3265 1275 3304 rex
1293 3249 1388 3319 David,
1404 3265 1441 3304 ne
1460 3248 1501 3303 illi
1519 3248 1694 3319 subreperet,
1712 3247 1862 3315 exorabat3

179 3343 369 3399 merositalem
389 3342 420 3397 in
432 3341 548 3412 civibus,
564 3341 811 3396 mansuetudinem
829 3341 858 3396 in
870 3342 993 3413 judiciis,
1044 3357 1081 3398 ne
1098 3343 1170 3398 sorte
1189 3343 1283 3415 aliqua
1301 3343 1439 3411 suasione,
1453 3359 1524 3397 rana
1543 3342 1635 3398 laudis
1656 3342 1792 3411 inductio,
1806 3357 1865 3396 non

179 3443 320 3511 postremo
336 3436 516 3509 prophetiam
532 3434 653 3507 Spiritus
666 3435 755 3490 sancti
771 3435 801 3490 in
819 3436 995 3507 agnitionem
1044 3435 1098 3490 hoc
1112 3436 1214 3491 dirime
1227 3437 1335 3508 gratiae,
1346 3437 1395 3492 sed
1413 3453 1471 3493 suae
1484 3436 1626 3508 potestati,
1641 3435 1710 3508 quia
1722 3442 1781 3493 tam
1798 3452 1863 3491 ma·

178 3532 308 3589 omnium
320 3531 495 3598 futurorum
506 3534 602 3585 tamen
614 3546 650 3584 ue
663 3529 746 3584 illum
757 3529 787 3585 iu
798 3529 934 3585 histautis
946 3530 995 3585 bo·
1045 3545 1118 3602 gnus
1130 3535 1201 3600 erat,
1215 3531 1377 3587 ascriberet.

177 3625 223 3682 his
231 3626 326 3696 aliqua
334 3641 404 3678 vana
414 3624 503 3695 gloria
512 3639 597 3678 usum
606 3623 719 3678 inflaret
727 3623 820 3693 elatio,
832 3629 892 3679 orat
905 3625 994 3679 Deum
1080 3625 1124 3679 lll.
1137 3624 1208 3688 Quid
1223 3629 1318 3680 aotam
1337 3625 1476 3696 superbiae
1493 3624 1594 3696 spiritu
1610 3625 1723 3680 inflatos
1733 3625 1864 3681 honrines

178 3719 323 3787 attentius,
342 3718 437 3773 dicens
453 3735 460 3771 :
474 3718 535 3773 Noa
551 3719 643 3771 areatat
662 3718 729 3771 milet
742 3733 791 3787 pes
809 3718 950 3788 superbia,
969 3725 994 3774 et
1043 3716 1240 3790 subsequatur,
1248 3719 1467 3791 proximisidcm
1475 3719 1712 3791 prophetaverbis
1720 3718 1862 3789 adjunxit.

178 3827 276 3867 manus
283 3812 433 3880 peccatoris
444 3826 497 3864 aaa
507 3814 670 3865 aracoectrne.
686 3810 729 3864 lbi
738 3811 890 3866 ceciderunt
904 3828 993 3867 aranea
1004 3793 1031 3867 C
1043 3810 1114 3866 Cum
1130 3812 1207 3867 enim
1222 3811 1338 3869 dixisset
1358 3831 1365 3866 ε
1384 3816 1444 3871 Noa
1455 3816 1546 3869 veritat
1568 3814 1637 3868 mihi
1654 3829 1700 3884 pes
1717 3813 1862 3883 superbia,

179 3904 781 3976 qaioperauturiaiqnitutem3earpulsisuat,
793 3910 993 3974 aecpotuerunt
1043 3904 1177 3960 continuo
1197 3906 1306 3961 addidit
1324 3909 1382 3962 :Et
1399 3922 1496 3962 meaos
1514 3908 1662 3978 peccatoris
1680 3922 1735 3961 uon
1757 3911 1864 3962 moveat

178 4003 250 4055 stare
263 3998 317 4069 (Pa.
331 4014 412 4066 xxxv,
428 4000 471 4066 lt,
486 3998 537 4068 13).
548 3996 697 4052 Videamus
710 4013 778 4068 ergo
792 3997 860 4068 quid
874 4003 914 4053 est
928 3999 991 4070 hoc,
1043 4014 1094 4054 me.
1109 3997 1219 4054 Sciebat
1231 3999 1307 4054 enim
1321 4000 1387 4072 qnia
1399 4016 1514 4056 omnem
1527 4000 1688 4072 superbiam
1719 3999 1863 4055 mobilitas

178 4092 255 4166 quod
266 4091 337 4147 dixit
355 4109 362 4145 r
381 4093 442 4147 Non
455 4093 547 4146 veniat
559 4092 626 4146 ruiti
636 4106 685 4161 pes
698 4092 842 4162 superbie,
857 4097 882 4148 et
896 4109 993 4149 aranas
1043 4091 1137 4148 statim
1158 4093 1288 4164 sequitur
1307 4099 1496 4166 peccatorum.
1520 4096 1560 4150 lta
1580 4110 1611 4150 re
1633 4110 1700 4150 vera
1724 4099 1775 4149 est.
1791 4094 1861 4148 Nam

173 4189 324 4259 peccatoris
339 4202 393 4241 aon
405 4190 509 4240 moueat
522 4200 573 4240 mc.
593 4186 645 4239 Pes
658 4185 799 4257 siquidem
818 4185 847 4241 in
866 4187 991 4256 homine,
1042 4185 1170 4257 quisquis
1185 4187 1323 4259 superbiae
1345 4192 1457 4243 tumore
1478 4186 1575 4260 [Edit.,
1595 4188 1707 4257 timore,
1728 4186 1859 4260 mendose]

176 4286 317 4355 quantum
330 4279 404 4337 ratio
417 4279 534 4349 iudicat,
545 4278 674 4351 quamvis
687 4279 850 4335 extremitas
868 4282 993 4353 corporis
1042 4276 1221 4351 distenditur,
1236 4281 1267 4336 in
1278 4282 1332 4337 boe
1345 4282 1394 4337 Dei
1407 4282 1527 4354 gloriam
1545 4281 1674 4337 imitatur
1686 4282 1764 4353 quod
1777 4297 1862 4336 nemo

177 4375 223 4445 sit,
237 4381 332 4432 tamen
346 4374 426 4448 quasi
439 4373 659 4429 fundamentum
672 4373 787 4446 aliquod
800 4373 914 4429 initium
928 4391 991 4430 sur·
1042 4371 1130 4429 illisit
1144 4373 1243 4429 similis
1258 4394 1265 4430 ε
1281 4381 1418 4448 tanquam
1430 4392 1495 4432 rere
1515 4377 1661 4447 profanus,
1674 4375 1725 4446 qui
1739 4375 1775 4430 ad
1788 4375 1863 4447 inju-

88 4453 96 4461 ’
178 4469 270 4540 gentis
291 4475 380 4525 status
399 4474 456 4539 est,
472 4486 557 4543 aquo
570 4468 655 4524 etiam
668 4467 755 4524 veluti
776 4467 910 4524 fabricata
934 4470 991 4524 lor·
1041 4466 1172 4523 riamltei
1184 4471 1339 4542 consurgit,
1350 4470 1499 4527 derelictus
1510 4470 1600 4539 abeo,
1613 4470 1644 4525 in
1658 4469 1790 4524 manibus
1808 4475 1863 4524 tra-

176 4565 260 4617 matoe
272 4562 363 4616 carnis
376 4561 495 4617 altitudo
508 4562 664 4635 consurgit.
679 4563 759 4628 Quod
771 4579 839 4634 ergo
860 4562 899 4618 nit
913 4579 920 4618 t
934 4564 994 4623 Noa
1042 4560 1120 4618 ditur
1127 4568 1315 4635 peccatorum,
1324 4564 1355 4619 in
1368 4564 1500 4636 operibus
1511 4569 1626 4619 actuum
1634 4563 1861 4631 immundorum,

176 4657 268 4710 ueniat
280 4655 349 4710 mila·
357 4656 555 4726 persuperbioe,
571 4655 625 4711 tale
636 4662 688 4724 est,
703 4673 735 4711 ac
751 4656 774 4711 si
787 4656 914 4713 diceret:
932 4657 993 4712 Non
1042 4658 1072 4710 at
1093 4655 1289 4728 ignominiosis
1310 4658 1474 4731 passionum
1495 4657 1610 4729 flagitiis
1627 4657 1801 4726 incurvatus,
1817 4657 1861 4713 di·

177 4747 271 4804 veniat
282 4748 353 4803 mihi
366 4747 481 4803 initium
493 4748 643 4821 superbiae,
657 4748 747 4819 idest,
763 4765 834 4804 rana
842 4750 941 4821 gloria,
958 4767 994 4807 ex
1043 4754 1101 4806 scat
1114 4766 1143 4806 se
1156 4755 1262 4807 terram
1276 4768 1335 4808 esse
1350 4757 1378 4808 et
1390 4753 1526 4822 cinerem,
1537 4757 1565 4808 et
1576 4752 1653 4824 quod
1666 4751 1782 4808 inflatus
1791 4751 1821 4806 in
1832 4768 1862 4808 ss

177 4842 258 4914 cujus
282 4842 466 4898 fundamento
493 4841 607 4896 ruinosa
626 4841 675 4896 illa
697 4843 834 4913 Superbia
858 4844 993 4900 celsitudo
1043 4842 1137 4900 videre
1150 4861 1208 4901 non
1224 4847 1326 4919 potuit,
1340 4846 1506 4903 humiliatus
1519 4852 1663 4919 agnoscat.
1680 4846 1757 4903 Unde
1768 4849 1797 4900 et
1812 4847 1861 4902 Sa·

131 4958 136 4967 ¹
177 4936 353 5010 producitur.
365 4937 426 4992 Una
436 4937 514 4992 enim
527 4940 680 5008 generatur
689 4951 723 4991 ex
733 4936 830 5006 altera,
842 4943 870 4992 et
879 4940 995 5010 propin·
1042 4937 1138 4998 lomou
1151 4939 1190 4995 ait
1202 4956 1209 4994 :
1222 4941 1379 4998 Immundus
1393 4946 1432 4997 est
1446 4946 1510 4996 aate
1529 4944 1622 5006 Deam,
1643 4943 1692 5012 qai
1702 4940 1808 4998 ecnltct
1818 4954 1862 4996 cer

177 5030 270 5103 quitos
283 5047 381 5087 carum
395 5030 441 5086 rix
453 5046 609 5103 paucorum
622 5030 694 5085 forte
707 5030 873 5086 discretione
887 5047 993 5104 cogno·
1043 5047 1120 5088 saum
1134 5034 1268 5103 (Procerb.
1284 5052 1339 5102 nu,
1358 5037 1409 5104 l8;
1425 5052 1502 5103 xrru,
1521 5037 1574 5106 12).

178 5124 354 5180 scitur.Nam
368 5140 403 5180 en
417 5141 588 5197 quocunque
600 5124 675 5179 bono
687 5124 808 5179 nimium
822 5125 928 5182 fuerint
940 5127 992 5182 ho·
1079 5128 1121 5183 lV.
1144 5128 1216 5192 Quid
1233 5133 1329 5184 autem
1347 5134 1411 5200 post
1429 5130 1490 5184 haec
1510 5145 1561 5185 rex
1576 5128 1663 5184 David
1682 5134 1794 5184 secutus
1814 5127 1861 5198 sit,

176 5217 269 5280 mines
282 5218 403 5291 gloriati,
423 5219 476 5274 hoc
495 5219 629 5274 continuo
645 5218 835 5291 subsequitur,
849 5224 880 5275 ut
898 5175 1032 5293 ipsumD
1043 5220 1195 5277 videamus.
1219 5222 1269 5286 lbi,
1293 5222 1342 5290 ait,
1364 5223 1514 5278 ceciderunt
1537 5239 1626 5280 omues
1647 5225 1695 5292 qai
1715 5227 1864 5293 operantur

175 5315 294 5386 bonum,
313 5328 371 5369 non
391 5312 520 5386 largitori
540 5314 605 5384 Deo,
620 5313 670 5370 sed
691 5329 750 5370 suae
769 5313 896 5371 tribuant
916 5320 993 5388 pote·
1041 5317 1213 5387 iniquitatem
1236 5333 1244 5369 ε
1263 5317 1370 5387 repulsi
1382 5322 1455 5382 aaut,
1470 5334 1517 5374 aec
1529 5321 1677 5389 potuemat
1694 5322 1776 5372 stare.
1796 5316 1862 5371 Evi-

177 5408 253 5467 sau.
1042 5408 1142 5466 denter
1151 5411 1273 5467 ostendit
1291 5410 1358 5484 quia
1371 5411 1400 5466 in
1415 5411 1547 5485 superbia
1557 5411 1686 5466 omnium
1697 5410 1862 5482 iniquorum

212 5504 245 5560 ll.
261 5502 337 5558 Vana
357 5502 445 5576 gloria
466 5506 509 5559 est
528 5519 597 5575 ergo
613 5501 745 5558 humanis
766 5498 896 5559 laudibus
916 5501 992 5560 dele·
1041 5503 1133 5577 prima
1146 5504 1230 5560 ruina
1241 5509 1293 5563 est.
1308 5506 1443 5579 idemque
1461 5505 1546 5561 eham
1559 5506 1626 5560 alibi
1644 5504 1861 5576 scriptumest:

176 5598 247 5658 ctari
263 5616 270 5654 ε
288 5597 421 5670 superbia
433 5613 500 5653 vero
512 5601 564 5668 est,
576 5597 686 5654 bonum
697 5614 749 5670 pro
759 5615 815 5670 quo
825 5597 927 5671 aliquis
935 5598 994 5653 lan·
1040 5596 1152 5655 Initium
1161 5602 1266 5671 pcccati
1276 5602 1402 5674 superbio
1416 5600 1506 5672 (Ereti.
1520 5616 1549 5668 a,
1564 5601 1617 5673 l'a').
1633 5599 1714 5665 Quod
1728 5604 1760 5655 ut
1777 5614 1861 5672 aper-

177 5693 271 5767 dstur,
285 5691 342 5751 sibi
359 5692 414 5751 hoo
431 5691 577 5767 applicari,
596 5707 656 5750 uon
676 5692 744 5750 Deo.
758 5693 792 5750 Et
809 5709 882 5750 rana
903 5691 993 5766 gloria
1041 5690 1098 5750 tias
1118 5692 1340 5766 demonstretur,
1361 5694 1457 5771 angeli
1477 5693 1555 5752 illius
1574 5694 1662 5770 pu'mi
1678 5693 1863 5751 recordemur

176 5788 334 5871 quidemcx
344 5788 437 5848 altam
445 5786 774 5862 estimationsjnotritur,
785 5786 918 5867 superbia
927 5801 993 5846 roro
1042 5785 1171 5863 exitium,
1183 5789 1234 5865 qui
1243 5805 1295 5867 pro
1305 5789 1456 5867 splendore
1469 5788 1577 5850 decons
1590 5790 1635 5848 sul
1647 5788 1863 5848 Lucifernomi·
