3884 6150
129 216 179 268 839

870 211 1068 279 trucutentus

1762 227 1811 285 eto

128 323 191 375 ideo
205 321 254 393 qui
268 322 361 393 psallit
370 339 428 388 ore,
442 322 539 393 psallat
557 326 583 376 et
603 325 704 389 ‹rorde3
721 326 871 396 psallamus
884 330 942 400 spi·
955 345 984 414 Α
995 332 1059 385 licet
1076 331 1193 401 subjecti
1209 329 1338 387 invicem.
1352 329 1541 390 Audianthoc
1566 333 1706 406 episcopi,
1734 353 1810 406 pres-

134 416 202 481 ritu,
219 416 372 487 psallamus
387 421 414 470 et
430 422 534 470 mente.

165 510 273 565 [laurae
288 526 400 565 auarus
416 525 543 564 rasurae.
560 512 624 565 llaec
640 514 779 568 sententia
794 515 943 585 dupliciter

129 603 249 673 intelligi
262 608 360 672 potest,
374 603 425 656 hoc
439 609 480 657 cst
493 604 522 656 in
536 604 620 658 rebus
634 607 765 677 acceptia,
774 613 802 662 el
815 610 940 679 perditis,

129 695 260 748 sicuttob
272 695 312 747 ait
327 712 333 747 ι
349 697 477 749 Dominus
497 698 581 759 dedit,
596 701 723 753 Dominus
739 701 859 765 abstulit,
874 706 942 757 sicut

129 791 237 843 Domino
247 788 353 856 placuit
375 790 414 841 ita
425 791 530 853 frictum
543 796 591 849 est,
605 795 640 846 sit
660 809 753 847 cronaca
777 798 882 848 nomini
893 796 941 848 be·

128 881 271 934 aedictum.
285 881 332 933 Vel
346 880 374 933 in
400 883 541 952 prosperis
555 889 583 937 ct
595 884 729 940 adversis.
745 887 813 940 lliuc
828 887 857 941 in
871 889 942 958 psal-

127 989 174 1026 mo
188 973 298 1026 canitur
313 990 318 1027 :
343 976 501 1029 Benedicam
523 980 663 1031 Doraiaum
679 982 705 1032 iu
721 983 793 1033 omui
816 985 939 1050 taarrpme,

127 1083 230 1136 semper
255 1068 313 1122 latts
333 1069 391 1136 ejus
414 1071 443 1122 ia
458 1085 501 1123 ore
522 1085 588 1124 meo.
604 1071 713 1126 Aliter:
730 1073 751 1126 si
776 1073 863 1126 habes
877 1075 939 1127 olli-

127 1159 203 1212 cium
226 1160 363 1231 psallendi
378 1161 407 1213 in
430 1162 557 1230 ecclesia,
577 1179 633 1217 non
647 1168 799 1235 propterea
814 1170 841 1219 te
854 1168 941 1220 extol-

126 1253 183 1306 lere
199 1253 282 1306 debes
292 1270 377 1323 super
389 1258 513 1324 eceterae,
526 1256 576 1310 sed
586 1258 677 1328 inagis
692 1258 747 1312 ileo
762 1259 866 1328 gratias
876 1277 941 1329 age-

126 1360 167 1411 re,
182 1345 277 1400 dicens
298 1363 361 1400 crim
387 1348 535 1402 Psalmista
548 1366 554 1401 :
569 1353 628 1407 Nori
651 1351 736 1413 actis,
751 1354 871 1413 Domine,
886 1368 940 1406 aon

126 1439 211 1500 nobo,
224 1441 270 1494 sed
282 1444 384 1494 aaraioi
398 1447 442 1494 tuo
455 1443 491 1494 da
504 1443 629 1508 pluriam.
650 1444 707 1498 [leo
731 1461 762 1498 ar
787 1461 864 1499 rarat
880 1461 939 1499 sua-

125 1549 198 1588 aean
219 1549 327 1588 canaan
348 1551 373 1588 rs
393 1551 494 1588 arnone
514 1537 625 1590 Caarsrr
646 1553 652 1590 :
679 1538 736 1591 llco
762 1537 866 1591 scilicet
892 1539 937 1591 lici

127 1632 207 1699 Filio,
224 1632 350 1702 quicum
370 1638 443 1686 esset
456 1633 538 1699 Deus,
553 1633 639 1688 homo
654 1634 715 1687 lieri
738 1635 869 1704 dignatus
886 1637 937 1704 est,

993 426 1094 495 hylari,
1112 430 1141 479 et
1156 427 1318 498 omnesqui
1335 432 1460 498 presunt
1480 428 1510 483 in
1533 429 1668 496 Ecclesia,
1695 433 1726 482 ut
1743 430 1810 484 sicut

993 519 1087 571 caeteri
1102 519 1221 588 subjecti
1237 521 1367 588 sauleis,
1382 521 1478 592 etipsi
1502 522 1542 576 ita
1566 539 1618 593 per
1638 523 1810 578 charitatem

993 610 1049 663 suis
1060 612 1178 680 subjecti
1191 612 1256 675 sint,
1270 614 1404 668 hortante
1418 612 1504 686 leod,
1518 615 1808 687 orantelSalomone:

992 707 1142 774 Principem
1157 710 1180 760 te
1195 709 1362 769 corstituere,
1378 708 1435 760 noli
1445 714 1469 761 te
1482 709 1617 772 ectollare,
1634 709 1686 764 sed
1702 715 1757 764 esto
1774 713 1809 764 ia·

991 803 1031 850 ter
1043 800 1113 866 ipsos
1127 801 1195 852 sicut
1208 815 1278 852 arrius
1293 816 1327 853 ea
1338 803 1417 869 ipsis.
1437 801 1470 855 Et
1484 802 1587 855 Paulus
1602 803 1755 874 apostolus
1769 803 1807 857 di·

992 889 1044 943 cit:
1062 894 1126 947 Cum
1141 907 1221 945 essem
1233 892 1300 946 liber
1314 893 1348 945 ab
1364 894 1495 954 omuibus,
1509 897 1628 948 amnium
1645 912 1689 949 mc
1707 911 1807 950 serrum

990 985 1054 1049 scri,
1065 987 1093 1036 et
1108 984 1161 1037 hoc
1177 1001 1203 1039 rs
1223 1001 1324 1040 araone
1339 988 1461 1041 Caarsrr.
1484 986 1630 1041 Timentes
1649 1005 1688 1041 ne
1710 993 1807 1058 praeter

991 1077 1165 1130 voluntatem
1175 1078 1236 1147 ejus
1247 1079 1355 1149 aliquid
1366 1080 1513 1146 faciamus,
1525 1097 1561 1134 ne
1570 1083 1694 1152 propter
1702 1082 1807 1137 lavares

991 1169 1141 1223 hominum
1164 1171 1205 1223 vel
1225 1171 1339 1238 laudes;
1357 1189 1393 1226 ne
1405 1173 1517 1227 dicatur
1532 1173 1566 1226 dc
1581 1174 1666 1228 nobis
1683 1191 1690 1228 t
1706 1177 1809 1245 Recepe-

989 1267 1054 1315 ruat
1067 1264 1211 1317 mercedem
1223 1280 1319 1330 suara3
1334 1265 1383 1319 sed
1398 1268 1490 1320 totum
1511 1283 1562 1337 pro
1582 1282 1686 1321 amore
1708 1268 1808 1322 Christi

989 1355 1138 1422 faciamus,
1157 1360 1293 1410 monente
1306 1360 1443 1429 Apostolo
1461 1376 1467 1412 :
1484 1361 1545 1416 Siee
1557 1361 1745 1428 manducatis,
1758 1365 1809 1416 sice

991 1448 1090 1510 bibitis,
1103 1452 1158 1502 sior
1170 1451 1248 1503 rilirrd
1257 1451 1365 1519 aliquid
1376 1455 1480 1519 facitis,
1495 1456 1585 1507 amasia
1595 1456 1625 1507 ia
1637 1457 1749 1508 nomiae
1760 1459 1807 1510 lta·

989 1544 1056 1594 mirsi
1067 1545 1158 1607 placite.
1176 1543 1209 1595 Et
1230 1543 1355 1597 iterum:
1379 1544 1460 1599 Omne
1478 1545 1657 1615 quodcunque
1674 1549 1769 1612 facitis
1782 1551 1808 1602 ia

989 1635 1077 1696 cerba,
1097 1641 1145 1689 aut
1166 1639 1195 1688 m
1212 1651 1290 1705 opere
1306 1640 1396 1690 omnia
1414 1640 1443 1691 ia
1465 1641 1569 1693 tramine
1583 1642 1696 1693 Domini
1718 1643 1805 1706 facita.

126 1741 273 1778 assumens
283 1729 409 1779 nostram
416 1726 642 1796 humanitatem,
659 1713 1023 1783 etideoPat1·ivide·BEt
1037 1729 1089 1782 hoc
1103 1731 1147 1781 est
1161 1728 1238 1799 quod
1255 1729 1305 1796 ait,
1318 1732 1347 1783 ia
1361 1733 1453 1785 timore
1464 1731 1572 1786 Christi.

899 1978 1032 2102 ΧΠ.

125 2165 232 2233 lectio
258 2167 408 2251 Epistulae
429 2168 515 2232 beati
539 2167 629 2232 Pauli
650 2169 787 2250 apostoli
809 2169 849 2232 ad
871 2169 1029 2251 Ephesios
1043 2170 1096 2249 (vr,
1115 2171 1164 2250 to)
1182 2191 1189 2231 ε
1209 2169 1350 2247 Fratres,
1372 2171 1541 2235 decaetero
1561 2175 1804 2253 confortamini,

686 2258 717 2310 et
732 2252 765 2312 ia
779 2253 926 2331 potentia
941 2251 1074 2313 virtutis
1085 2250 1168 2330 ejus,
1184 2256 1243 2313 ete.

735 2385 945 2440 eudaemon
967 2385 1178 2440 Lt'CULEh'Tll.

161 2486 352 2540 Admonuerut
365 2483 442 2537 enim
455 2484 737 2554 superiusapostolus
751 2485 851 2538 Paulus
862 2501 937 2550 sear·
985 2489 1106 2553 fratrum
1116 2489 1277 2551 nostrorum,
1286 2487 1334 2553 qui
1346 2478 1491 2539 accusabat
1507 2486 1555 2539 illo
1569 2490 1803 2556 antecoaspeetum

126 2576 936 2645 sumriros,scorsumfeminas,dominasetservos,lili0s
987 2581 1036 2633 Dei
1060 2581 1154 2631 nostri.
1178 2579 1260 2631 iuxta
1281 2577 1451 2632 llebraicam
1481 2579 1635 2632 veritatem
1671 2579 1803 2634 deorsum

127 2678 154 2726 ct
168 2677 270 2742 patres,
288 2670 404 2724 dicens:
430 2671 498 2730 l'iri,
515 2671 621 2738 dilipite
639 2686 733 2725 aceres
747 2677 858 2739 castrus,
869 2675 938 2726 sicat
988 2672 1078 2725 lluons
1095 2672 1310 2741 interpretatur,
1332 2671 1379 2741 qui
1395 2688 1446 2726 nos
1462 2671 1645 2726 invisibiliter
1668 2673 1733 2726 telis
1752 2672 1803 2725 suis

54 2805 57 2814 .
126 2772 150 2821 et
164 2767 283 2822 Christus
293 2765 447 2817 Ecclesiam.
459 2764 585 2818 Mulieres
599 2767 666 2817 airis
678 2766 856 2820 saissabditae
867 2769 936 2831 siat3
988 2768 1136 2835 percutere
1151 2766 1219 2830 vult,
1237 2768 1335 2818 contra
1350 2781 1436 2835 quern
1460 2765 1613 2819 invisibilia
1634 2770 1703 2819 sunt
1728 2783 1804 2820 arma

125 2861 185 2928 filii,
199 2858 470 2927 oberlitepareatibus
476 2860 633 2926 peremnia.
650 2858 790 2912 llocauim
802 2859 937 2930 placitum
988 2858 1128 2912 sumenda
1145 2857 1180 2911 ad
1194 2857 1384 2912 resistendum
1402 2858 1437 2911 ei.

127 2959 168 3006 est
188 2952 216 3004 in
235 2951 481 3012 humiliatatus,
508 2952 591 3005 notite
605 2952 642 3004 ad
655 2953 827 3006 iracundiam
837 2968 935 3022 proro—
1023 2953 1149 3016 Otroauu
1167 2967 1246 3007 souis
1259 2967 1312 3007 aaa
1332 2968 1379 3007 asr
1397 2967 1576 3007 coaaacrano
1589 2969 1732 3009 insessas
1747 2969 1804 3010 cia·

127 3061 187 3099 care
201 3045 269 3112 salios
290 3048 398 3106 uestros,
413 3047 445 3096 ut
455 3060 512 3096 non
527 3044 628 3113 pusillo
642 3045 737 3097 aniuro
757 3045 835 3099 liant.
851 3047 935 3107 Serui,
989 3063 1041 3101 aaa
1057 3062 1087 3100 nr
1103 3061 1265 3101 assaturae.
1280 3046 1352 3100 Caro
1370 3048 1399 3099 ct
1413 3044 1530 3115 sanguis
1552 3046 1707 3117 aliquoties
1734 3048 1801 3114 sira,

127 3138 229 3192 obedite
242 3137 356 3190 dominis
381 3136 547 3199 comeatibus,
561 3152 613 3190 aare
628 3139 665 3190 ad
680 3139 785 3191 ocultam
798 3090 975 3193 scrutantesC
989 3139 1139 3210 aliquoties
1149 3143 1265 3210 peccata
1277 3139 1429 3209 significat,
1443 3138 1595 3208 aliquoties
1612 3142 1801 3210 parentalem,

126 3235 206 3304 quasi
223 3231 372 3285 homiuibus
384 3231 530 3299 placentes,
546 3230 594 3284 sad
608 3231 698 3301 magis
715 3231 783 3298 Deo,
804 3238 832 3286 et
846 3232 889 3286 his
905 3232 939 3287 si·
988 3232 1801 3304 aliquotiespropagationcmhumanigeneris,aliquoties

126 3327 214 3381 milia.
231 3324 336 3379 Deinde
350 3339 413 3377 vero
427 3339 524 3377 onrues
539 3324 569 3377 in
584 3341 674 3377 unum
697 3326 938 3395 comprehendens
988 3331 1184 3397 persecutores
1199 3326 1340 3391 homines,
1357 3325 1507 3395 dequibus
1528 3325 1582 3380 hoc
1599 3325 1630 3380 in
1658 3309 1725 3381 loco
1740 3326 1802 3381 dicit

126 3420 214 3474 dicit:
232 3420 269 3472 lla
289 3433 396 3472 (tarsae
416 3432 616 3472 cosrouaaursr
637 3435 663 3472 ra
684 3419 802 3474 Doarso.
819 3423 938 3474 hecate·
987 3420 1107 3474 Paulus:
1122 3420 1204 3474 Nobis
1217 3435 1269 3473 aon
1283 3424 1322 3473 est
1335 3420 1487 3473 colluctatio
1505 3419 1638 3474 adsersus
1657 3436 1759 3474 caraem
1777 3426 1800 3473 et

125 3531 166 3578 ro,
178 3513 206 3567 id
219 3518 260 3567 cst
276 3513 309 3567 de
323 3512 441 3582 reliquo.
454 3512 574 3566 Noverat
587 3512 663 3565 enim
678 3513 814 3582 scriptum
828 3532 835 3567 :
851 3515 936 3568 llata-
987 3516 1155 3581 sanquinem,
1177 3529 1225 3568 seo
1243 3528 1379 3568 insessas
1401 3528 1542 3568 rarscuas
1570 3529 1601 3568 aa
1627 3528 1800 3569 rorasrsras.

126 3609 212 3662 dietus
226 3608 300 3659 laonio
316 3608 363 3674 qai
376 3605 485 3673 confidit
497 3607 526 3658 ia
538 3606 651 3659 homine.
667 3607 699 3660 Et
712 3623 823 3659 rursum
834 3622 840 3659 :
855 3609 936 3662 Reae·
988 3607 1043 3662 Sed
1055 3607 1147 3677 magis
1159 3607 1218 3660 vult
1228 3608 1380 3660 ostendere
1391 3606 1467 3676 quod
1478 3605 1741 3676 ipsiperseculores
1751 3607 1803 3661 dia·

127 3702 212 3754 dictas
226 3701 268 3751 eir
283 3700 330 3767 qui
342 3697 451 3765 confidit
460 3700 489 3750 irs
502 3701 624 3752 Domino.
638 3700 671 3753 Et
686 3698 747 3752 ideo
763 3699 829 3753 dicit
844 3715 850 3752 :
869 3698 936 3754 Cott-
987 3700 1085 3755 bolum
1098 3700 1223 3754 habeant
1236 3704 1393 3766 auctorem,
1405 3703 1506 3753 contra
1518 3716 1608 3769 quem
1618 3717 1703 3754 arura
1715 3700 1801 3754 invisi·

125 3793 268 3860 sortamiai
290 3794 319 3844 ia
332 3793 452 3852 Domino,
467 3789 494 3843 id
513 3796 555 3844 ast
577 3790 647 3844 nihil
666 3792 700 3846 de
718 3793 815 3846 vestris
830 3792 937 3846 meritis
987 3794 1055 3848 bilia
1068 3793 1207 3848 sumenda
1217 3796 1293 3860 sunt,
1306 3793 1406 3863 utipso
1420 3793 1536 3848 exsticlo
1552 3793 1689 3847 homines
1704 3811 1761 3849 non
1772 3794 1802 3848 li·

126 3883 313 3957 praesumatis,
329 3888 357 3936 ct
369 3898 480 3952 semper
499 3883 528 3936 in
542 3883 660 3938 Domino
675 3885 846 3954 gloriamini,
855 3886 938 3956 juxta
988 3905 1127 3941 meamus.
1143 3889 1189 3940 Est
1202 3887 1280 3942 enim
1297 3887 1458 3941 colluctatio
1481 3885 1617 3939 adversus
1639 3904 1759 3942 carnem
1780 3890 1802 3941 et

127 3978 203 4050 quod
215 3978 289 4030 idern
305 3976 445 4047 apostolus
460 3975 547 4030 dicit:
562 3979 614 4043 (lati
628 3979 771 4046 ptoriatur,
786 3983 814 4032 iu
829 3983 937 4034 Domino
988 3982 1168 4051 sanguinem,
1179 3981 1295 4051 quando
1307 3979 1481 4050 concupiscit
1494 3995 1561 4034 caro
1578 3980 1800 4052 adsersusspiri-

126 4075 266 4143 plotietur.
282 4073 314 4126 El
326 4069 486 4123 Psalmisu:
499 4071 839 4135 Nortrtobis,llomiar,aon
852 4074 937 4136 uobis,
987 4079 1059 4128 turn.
1087 4074 1200 4129 Scilicet
1220 4091 1252 4127 cx
1276 4075 1329 4128 hoc
1348 4073 1479 4144 cxcnrplo
1500 4073 1640 4144 colligere
1657 4091 1801 4146 possumus

126 4168 173 4223 sed
198 4167 300 4220 nomini
314 4170 357 4219 tuo
371 4165 407 4218 da
426 4164 551 4230 pluriam.
573 4165 606 4219 Et
620 4181 655 4218 ne
670 4165 769 4236 aliquis
783 4171 893 4235 putaret
909 4167 937 4220 in
988 4168 1245 4240 quandoipsacaro
1255 4166 1573 4238 concupiscitadvcrsus
1590 4168 1739 4239 spiritum,
1750 4186 1800 4223 nou

125 4260 240 4316 nomine
255 4265 364 4314 tantum
377 4273 456 4328 spem
469 4273 574 4327 ponere
584 4257 696 4321 debere,
711 4259 772 4313 ideo
784 4260 914 4330 adjunxit
929 4277 935 4314 :
988 4262 1042 4315 nisi
1057 4261 1222 4315 instinctum
1232 4261 1351 4326 diaboli,
1365 4261 1500 4332 quoniam
1519 4277 1577 4316 non
1595 4265 1641 4315 est
1653 4263 1739 4317 nobis
1749 4262 1798 4318 col·

126 4357 163 4411 Er
173 4371 200 4409 ra
215 4367 471 4407 rorsaruvmruns
486 4367 557 4406 esus.
571 4353 609 4404 Ac
623 4351 645 4404 si
660 4352 787 4407 diceret:
804 4354 834 4406 ln
846 4353 937 4407 Clnis-
986 4355 1114 4421 luctatio,
1131 4358 1184 4409 etc.
1202 4355 1365 4425 Peragratis
1381 4354 1458 4408 eninr
1473 4353 1599 4425 legendo
1614 4356 1743 4410 seriebus
1755 4357 1801 4408 t'e·

124 4456 153 4504 to
166 4448 284 4503 Domine
298 4446 393 4518 ponite
415 4463 495 4517 spem
514 4450 647 4508 vestram,
664 4447 724 4500 siue
746 4462 802 4517 quo
825 4448 936 4501 nullum
946 4461 976 4533 D
988 4448 1055 4508 teris
1069 4466 1101 4503 ac
1116 4448 1185 4503 Novi
1199 4448 1383 4516 Testamenti,
1399 4463 1541 4518 nusquam
1554 4448 1688 4519 reperire
1703 4448 1799 4521 pateris

124 4545 232 4598 bonum
247 4557 306 4595 essa
321 4544 422 4611 potest,
439 4543 467 4593 el
485 4557 537 4610 per
550 4557 636 4610 quem
651 4540 747 4594 omnia
761 4540 833 4594 bona
849 4541 935 4612 largi-

124 4640 221 4704 untur,
248 4635 357 4688 dicente
378 4632 479 4687 Jacobo
492 4635 617 4703 apostolo
633 4650 639 4688 :
658 4634 738 4688 Omrte
756 4635 849 4689 datam
865 4638 936 4705 opti-

123 4748 196 4787 mum
211 4730 244 4784 da
257 4742 365 4784 sursum
379 4731 426 4781 est.
443 4728 551 4782 lauans
570 4743 622 4782 ros
640 4743 804 4783 Aauisraaau
824 4729 883 4797 Der,
904 4746 937 4784 er

124 4839 245 4882 rossms
274 4837 357 4878 erana
374 4836 512 4876 samaeus
541 4835 657 4876 mensus
686 4837 803 4878 asason.
827 4825 866 4878 Ex
891 4823 935 4877 his

124 4921 201 4974 enim
212 4934 275 4990 quae
290 4917 364 4971 infra
378 4915 523 4987 leguntur,
537 4919 565 4968 et
577 4914 611 4968 iis
620 4931 683 4985 quas
693 4915 739 4969 hic
749 4917 815 4971 dicit
827 4920 936 4987 aposto

124 5013 167 5067 lus
187 5012 299 5080 Paulus,
318 5016 409 5066 totum
426 5008 461 5063 de
473 5008 583 5062 Christo
598 5008 755 5080 intelligere
775 5027 933 5082 possiuuus.

124 5104 199 5160 Sicut
223 5104 299 5159 enim
315 5103 461 5174 cingulum
485 5101 595 5169 veritas,
613 5106 641 5155 et
655 5101 739 5156 lorica
757 5104 868 5173 justitia
882 5109 933 5174 est,

122 5197 192 5271 quin
205 5196 323 5251 dubium
337 5195 619 5261 Christuselreritas,
634 5198 663 5249 et
672 5195 783 5265 justitia
795 5202 849 5264 est,
865 5213 934 5269 ergo

122 5291 172 5366 qui
185 5288 331 5344 veritatem
353 5293 381 5343 et
396 5289 534 5358 justitiam
546 5289 665 5344 indutus
678 5289 773 5359 tuerit,
788 5291 931 5346 Christum

123 5385 240 5442 indutus
250 5381 323 5450 crit3
338 5397 422 5452 quem
432 5398 545 5438 necesse
555 5387 597 5439 est
607 5383 697 5451 iudai,
709 5383 758 5455 qui
768 5389 864 5439 contra
878 5385 935 5440 dia·

122 5480 220 5537 bolum
233 5475 293 5530 vult
301 5474 444 5530 dimicare.
459 5475 588 5530 Diabolus
599 5477 675 5531 enim
690 5493 794 5532 nomen
805 5479 934 5533 Graecum

123 5579 173 5642 est,
196 5570 292 5628 Latine
307 5566 471 5623 criminator
488 5567 610 5623 dicitur:
638 5568 689 5625 iste
703 5575 745 5625 est
757 5571 932 5639 criminator,

36 5678 38 5683 ’
122 5669 157 5724 de
185 5664 295 5740 quo-in
323 5660 491 5735 Apocalypsi
521 5659 643 5732 legimus
682 5662 785 5720 dixisse
824 5671 934 5721 sanctos

122 5760 198 5823 uso:
214 5761 324 5818 bratica
335 5757 385 5814 tibi
396 5757 512 5825 opimae,
526 5757 591 5824 qaia
600 5755 731 5826 maechis
745 5763 783 5816 cst
794 5766 933 5822 accmmor

987 4541 1130 4613 principes
1150 4546 1178 4596 ct
1196 4544 1352 4613 potestates
1377 4541 1525 4596 demones
1548 4558 1612 4595 esse
1633 4542 1736 4610 dictas,
1755 4541 1800 4596 nisi

986 4635 1112 4706 primum
1122 4636 1176 4690 hoc
1191 4636 1219 4689 in
1233 4636 1304 4690 loco.
1319 4636 1380 4699 Ouo
1392 4634 1508 4689 nonnae
1520 4636 1680 4706 Apostolus
1694 4637 1758 4692 ideo
1771 4633 1798 4689 ad

986 4729 1123 4800 Ephesios
1139 4730 1250 4800 scripsit
1274 4729 1309 4783 de
1331 4727 1518 4783 invisibilibus
1544 4730 1700 4798 creaturis,
1721 4730 1798 4785 multa

986 4823 1041 4877 illis
1055 4824 1207 4878 ostendere
1220 4824 1328 4878 volens.
1343 4824 1378 4877 Et
1393 4821 1460 4893 quia
1474 4821 1648 4878 exercitatos
1663 4824 1799 4879 habebant

986 4933 1085 4971 sensus
1101 4917 1137 4971 ad
1153 4915 1342 4987 intelligenda
1355 4916 1443 4970 etiam
1460 4915 1581 4982 occulta,
1600 4916 1670 4971 ideo
1686 4917 1722 4972 de
1736 4914 1797 4971 imi-

985 5011 1114 5065 sibilibus
1128 5009 1385 5065 creaturisdiversa
1395 5008 1514 5063 nomina
1525 5009 1566 5062 eis
1576 5010 1725 5081 praedixit.
1736 5008 1798 5065 [lint

986 5105 1063 5159 enim
1084 5122 1090 5158 :
1111 5107 1170 5161 Noa
1187 5110 1225 5159 est
1243 5105 1318 5158 nobo
1336 5104 1489 5158 colluctatio
1506 5103 1640 5159 adsersus
1659 5107 1798 5160 caraemct

983 5201 1151 5268 sanquinem,
1170 5199 1218 5253 scd
1241 5199 1372 5252 adversus
1391 5198 1529 5267 principes
1546 5202 1572 5251 et
1584 5203 1746 5267 potestates,
1760 5212 1799 5252 ao

985 5308 1085 5348 vassas
1101 5308 1186 5349 unam
1200 5307 1337 5348 aaarouas
1353 5306 1529 5347 aasaaaaauu
1544 5305 1652 5347 aanor.
1674 5290 1800 5365 Appellat

984 5386 1062 5441 enim
1073 5387 1216 5458 principes
1225 5389 1254 5441 at
1267 5387 1424 5457 potestates
1435 5383 1539 5439 mundi
1552 5387 1694 5454 rectores,
1703 5385 1799 5441 dama-

984 5496 1035 5534 aes
1045 5481 1092 5551 qui
1106 5483 1172 5534 sunt
1184 5479 1321 5551 majores.
1335 5478 1393 5535 Sed
1403 5477 1524 5534 minoris
1534 5478 1647 5534 ordinis
1658 5480 1799 5537 deamones

983 5577 1058 5628 sunt.
1069 5573 1273 5630 Sicutdieimus
1283 5573 1319 5628 da
1329 5572 1465 5645 angelicis
1477 5571 1797 5647 dignitatibusangclos,

983 5667 1181 5740 archangelos,
1197 5671 1316 5741 propter
1329 5667 1554 5724 diminutionem
1580 5667 1745 5738 minorum
1764 5667 1799 5723 sic

983 5759 1104 5817 dicimus
1116 5763 1263 5821 daemonas
1274 5761 1490 5835 principatuset
1501 5765 1673 5836 potestates,
1688 5766 1798 5840 propter
