3884 6150
56 237 115 292 297
278 314 283 324 .
610 235 654 294 DE
671 234 827 295 ammata
844 236 1031 297 Glthlclle
1049 238 1149 299 LIBER
1166 238 1212 297 llt.
1689 244 1742 301 tte

56 341 194 411 inminet,
203 325 358 411 'defendat
372 343 401 398 et
414 341 586 411 sanctificet3
597 347 629 400 ut
639 345 688 417 qui
698 361 751 417 pro
758 345 878 401 veritate
889 359 919 432 Α
1191 345 1317 399 collectio
1329 344 1362 397 ad
1374 361 1475 413 pacem.

56 451 176 490 sacrum
192 436 362 508 sanguinem
378 437 461 503 indit,
483 454 535 509 pro
552 437 634 493 nobis
649 438 685 493 ad
705 439 797 494 Deum
812 455 877 511 pre·
963 432 1076 504 Accipe,
1093 449 1265 504 quaesumus,
1289 433 1422 502 Domine,
1445 450 1568 490 munera
1590 434 1744 507 dignanter
1855 476 1899 513 ·.

56 544 108 584 ces
119 529 246 585 fundere
263 528 408 601 dignetur.
424 531 479 586 Per
497 530 664 587 Dominum.
929 526 1036 597 oblata,
1048 526 1163 581 etbeati
1176 527 1245 583 Sixti
1261 526 1386 598 episcopi
1402 529 1432 582 et
1440 528 1574 600 martyris
1587 528 1745 600 suffragan·

336 628 461 679 collectio
476 628 601 693 sequitur.
928 618 1005 674 tibus
1019 619 1139 687 meritis,
1156 620 1193 674 ad
1208 622 1313 675 nostrae
1327 620 1425 674 salutis
1438 625 1627 692 augmentum
1640 638 1742 694 prove·

94 713 127 767 ln
147 711 291 767 honorem
306 711 464 768 beatissimi
474 713 609 786 martyris
623 714 665 769 tui
685 714 818 786 Baptistae
830 716 877 770 Jo-
930 713 992 767 nire
1007 712 1148 780 concede;
1165 717 1194 766 et
1214 714 1303 780 illam,
1325 729 1388 784 quac
1403 713 1432 768 in
1453 729 1488 768 eo
1508 714 1641 786 flagravit
1662 715 1745 772 fortis

55 804 176 874 hannis,
193 805 273 877 cujus
286 805 372 860 hodie
388 806 553 877 passionem
568 808 757 876 celebramus,
769 808 877 864 hislda·
929 804 1054 876 dilectio,
1068 806 1098 860 in
1116 806 1200 862 nobis
1212 806 1327 877 adspira
1339 806 1493 878 benignus.
1510 808 1564 862 Per
1579 824 1645 862 eum
1661 824 1688 879 q.

51 899 158 971 jestati
171 903 238 967 tuae,
254 899 440 972 omnipotens
457 902 545 969 Deus,
562 901 695 956 laudibus
712 902 877 970 servientes,
1208 902 1354 953 Immolatio
1370 903 1464 954 misse.

55 992 213 1049 sollemnia
224 993 298 1048 festa
307 994 496 1063 concinimus,
507 995 877 1068 suppliciterdeprecantes,
963 991 1035 1044 Vere
1046 989 1205 1069 dignumlet
1211 988 1320 1060 justum
1332 992 1384 1055 est,
1396 1005 1510 1060 aeqnum
1520 991 1549 1043 et
1558 990 1681 1045 salutare
1690 994 1742 1060 est,

56 1090 91 1142 ut
104 1087 187 1158 cujus
200 1087 310 1142 meritis
324 1087 519 1160 obsequimur,
537 1089 644 1161 cjus,te
659 1088 796 1159 donante,
811 1093 880 1162 aput
930 1082 981 1137 tibi
995 1081 1123 1137 assiduas
1142 1081 1242 1136 laudes
1266 1097 1380 1149 canere,
1394 1081 1517 1136 Domine
1539 1087 1646 1152 sancte,
1660 1085 1745 1140 Pater

57 1180 248 1236 elementiam
264 1184 345 1236 tuam
360 1181 493 1254 precibus
503 1182 682 1253 adjuvemur.
697 1185 759 1239 Per.
930 1176 1124 1248 omnipotens,
1139 1179 1246 1230 aeterne
1263 1176 1347 1243 Deus,
1362 1190 1416 1246 per
1429 1175 1573 1230 Christum
1589 1177 1745 1231 Dominum

374 1279 435 1329 Post
447 1278 563 1330 nomina.
930 1274 1070 1325 nostrum.
1088 1269 1142 1334 Qui
1158 1285 1210 1340 per
1226 1268 1383 1324 adventum
1401 1284 1488 1342 suum¹
1506 1268 1655 1325 credentes
1672 1271 1701 1324 in
1714 1287 1743 1324 se

95 1364 214 1419 idunera
228 1363 328 1436 populi
344 1362 396 1432 tui,
411 1365 596 1436 omnipotens
608 1367 691 1435 Deus,
707 1383 769 1438 quae
784 1367 834 1423 tibi
849 1368 879 1423 in
929 1362 1063 1418 homines
1079 1362 1114 1417 ad
1130 1362 1254 1417 celestia
1268 1377 1359 1433 regua
1374 1362 1496 1417 transire
1511 1362 1660 1433 permisit:
1678 1380 1746 1435 quo·

56 1457 116 1512 hac
130 1456 289 1512 beatissimi
300 1457 431 1529 Martyris
444 1457 485 1513 tui
501 1459 634 1531 Baptistae
648 1460 788 1516 iohannis
801 1461 878 1516 sesti·
930 1456 1008 1511 niam
1020 1456 1060 1512 hii
1074 1456 1122 1526 qui
1137 1472 1167 1510 se
1181 1460 1237 1510 tuae
1255 1458 1343 1510 testes
1360 1455 1485 1510 offerunt
1495 1455 1632 1523 raritatis,
1649 1455 1744 1512 inimi·

55 1550 149 1605 vitate
170 1549 338 1618 deferimus,
359 1566 532 1622 quaesumus,
549 1553 719 1625 propitiatus
741 1553 878 1623 intende;
929 1565 1004 1619 cum,
1022 1549 1090 1603 dum
1107 1549 1284 1617 occiduntur,
1299 1549 1441 1603 occidunt.
1450 1549 1488 1603 Er
1505 1549 1608 1621 quibus
1622 1552 1665 1605 est
1680 1566 1744 1605 san-

57 1645 91 1697 ut
111 1643 234 1715 perlecti
255 1643 341 1715 hujus
358 1642 488 1698 sacrificii
508 1645 735 1702 sanctificatione
755 1647 879 1720 purgati,
929 1646 990 1698 ctus
1010 1658 1042 1697 ac
1057 1642 1228 1697 venerabilis
1252 1642 1345 1697 Sirtus
1360 1646 1480 1714 martyr,
1498 1642 1675 1714 cujushodie
1688 1644 1743 1700 sol·

57 1738 228 1792 nostrorum
244 1752 261 1791 a
274 1740 301 1791 te
317 1739 631 1810 mereamurconsequi
641 1739 753 1795 reniam
765 1732 918 1805 delictoB
931 1736 1064 1792 lemnitas
1073 1736 1253 1791 celebratur:
1268 1736 1317 1807 qui
1329 1736 1398 1808 dum
1408 1736 1657 1806 apostolicaesedis
1668 1753 1746 1792 exce·

56 1844 136 1884 rum.
152 1830 216 1884 Per.
930 1830 1017 1902 pisset
1031 1829 1167 1900 insignia,
1182 1832 1211 1883 et
1231 1845 1260 1882 se
1276 1829 1403 1900 primum
1420 1844 1481 1883 csse
1503 1829 1682 1900 conspiceret
1700 1846 1744 1885 sa·

328 1901 453 1952 ⁰⁰¹¹⁹⁰²i⁰
466 1901 499 1951 ⁸⁶¹
513 1915 616 1965 mmm·
930 1923 1090 1991 cerdotum,
1105 1923 1285 1978 occasionem
1299 1923 1430 1978 salutaris
1440 1923 1580 1995 passionis
1591 1924 1744 1995 excipiens,

930 2034 989 2073 non
1005 2020 1118 2073 tantum
1132 2016 1275 2072 saecularis
1290 2016 1367 2071 eruit
1386 2016 1485 2071 sordes
1499 2015 1634 2088 contagii,
1646 2033 1746 2072 verum

931 2112 1018 2166 etiam
1032 2111 1195 2182 exemplum
1205 2109 1261 2164 luit
1270 2109 1382 2164 ceteris.
1398 2110 1471 2165 Nam
1480 2126 1546 2165 mox
1555 2127 1621 2165 suus
1631 2126 1745 2181 quoque

930 2205 1061 2260 minister
1078 2203 1198 2259 eximius
1218 2203 1390 2259 venerabilis
1410 2203 1594 2275 Laurentius,
1622 2203 1747 2260 victoriae

930 2300 1057 2370 palmam
1072 2297 1210 2364 imitatus,
1223 2297 1334 2368 accepit
1345 2300 1550 2352 ornamentum
1571 2313 1628 2369 quo
1648 2296 1748 2352 debuit

930 2408 1046 2464 poenam
1061 2391 1165 2458 subire,
1175 2395 1208 2445 ut
1220 2390 1343 2462 gloriam
1352 2395 1515 2449 mereretur
1527 2393 1667 2446 aeternam
1677 2407 1745 2447 con-

931 2502 1061 2558 sequare.
1074 2487 1128 2541 Per
1144 2484 1299 2541 Christum.

95 1984 226 2056 Suscipe,
243 2000 416 2056 (presumas,
437 1986 571 2054 Domine,
593 2003 692 2059 preces
712 1991 834 2055 nostras,
852 1993 881 2044 et

57 2077 268 2133 intercessione
282 2079 419 2150 martyris
428 2080 469 2134 tui
486 2080 619 2150 baptistae
627 2081 776 2150 iohannis,
793 2098 880 2154 quem

56 2171 90 2227 in
105 2175 158 2228 tuo
172 2171 284 2227 honore
300 2188 483 2242 veneramur,
499 2173 631 2229 Ecclesia
648 2176 704 2230 tuae
723 2179 790 2230 vota
810 2192 878 2231 con-

58 2265 147 2320 firma
162 2281 168 2320 :
185 2264 235 2336 qui
251 2264 339 2320 etiam
353 2266 458 2338 dignus
470 2271 512 2321 ast
525 2267 640 2322 habitus
653 2272 685 2322 ut
697 2269 724 2324 ei
742 2273 771 2323 te
785 2269 879 2341 bapti·

57 2357 196 2426 randum,
208 2357 310 2413 mundi
320 2359 460 2428 Salvator,
469 2360 597 2416 offerres.
613 2362 738 2433 Dignum
749 2367 793 2417 est
802 2363 880 2418 enim

58 2451 248 2519 boemereri,
265 2455 296 2506 ut
320 2469 422 2508 omncs
444 2470 497 2509 nos
518 2454 699 2526 baptismatis
720 2456 764 2510 tui
787 2456 880 2527 gratia

58 2548 240 2613 consecutos,
257 2545 428 2602 meritorum
443 2563 561 2602 suorum
581 2547 797 2617 intercessione,
811 2565 878 2604 con·
956 2598 1010 2653 LIX
1037 2613 1121 2654 *mm
1140 2613 1170 2652 m
1188 2613 1292 2653 mm
1312 2612 1409 2653 mm
1429 2612 1563 2654 mm
1583 2612 1718 2654 mmm

61 2638 141 2693 ciliet
154 2638 285 2695 Salvator
296 2638 408 2695 mundi.
1013 2639 1019 2652 ·
1574 2676 1577 2682 .
1722 2637 1728 2653 ·

345 2738 489 2789 immolam
506 2739 600 2790 mim·
931 2748 934 2754 .
966 2706 1050 2772 Deus,
1067 2704 1198 2759 fidelium
1222 2707 1337 2759 tuorum
1360 2705 1484 2760 salvator
1505 2709 1535 2760 et
1550 2710 1654 2773 rector,
1667 2704 1747 2761 omui

97 2821 378 2893 Dignumepjustum
389 2826 440 2891 esp,
456 2840 571 2896 ,equum
583 2829 612 2879 et
625 2827 748 2881 wlmare
764 2830 816 2895 est,
829 2844 880 2883 nos
931 2802 1033 2871 potens
1052 2797 1227 2869 sempiterne
1248 2798 1332 2864 Deus,
1347 2798 1533 2853 adestcvotis
1550 2797 1749 2853 sollemnitatis

61 2914 114 2970 tihi
126 2930 337 2987 semperegere
350 2917 469 2986 gratias,
483 2918 668 2990 omnipotens
681 2923 710 2973 et
719 2919 880 2976 misericors
931 2891 1094 2997 h⁰di³r¹fae3
1114 2895 1144 2996 ,et
1162 2889 1256 2996 277
1279 2891 1411 2994 E⁰⁰¹f³³ioe
1435 2891 1547 2996 gausffis
1568 2892 1603 2947 de
1624 2891 1750 2995 ᾠήθη

61 3006 148 3075 Deus,
168 3007 245 3062 inter
263 3008 316 3063 has
339 3014 587 3066 sacramentorum
614 3013 722 3083 epulas,
746 3015 881 3086 martyris
930 2988 1065 3058 martyris
1080 2987 1264 3090 luitpassrone
1277 2984 1355 3039 beati
1370 2985 1507 3089 Laurentr
1523 2989 1681 3058 conccplrs,
1698 2983 1747 3090 ba·

63 3100 103 3155 tui
119 3105 207 3173 caput
225 3118 292 3156 cum
314 3103 482 3174 evangelica
497 3105 699 3160 recordatione
713 3106 837 3176 misceri,
854 3079 1164 3180 etCnissnusadsp1ra
1179 3097 1185 3134 ²
1203 3082 1345 3150 augeatur
1358 3094 1491 3183 f’mmum
1500 3078 1574 3184 fififs
1588 3082 1676 3134 tam
1691 3095 1746 3134 ω’
1776 3102 1781 3109 ’

62 3193 140 3249 „lup
151 3193 182 3248 in
198 3193 277 3250 disco
290 3196 399 3250 metalli
418 3196 568 3264 radiantis,
582 3198 623 3253 ip,
645 3216 730 3272 supe,
749 3212 881 3257 mensam
932 3175 1000 3229 tutis
1014 3177 1088 3242 ortu,
1104 3176 1134 3228 et
1154 3172 1243 3229 corda
1257 3173 1417 3227 lactantium
1433 3173 1571 3245 supplicio
1589 3176 1749 3247 martyrum

63 3289 119 3343 ωε
141 3287 353 3360 propitiationis
368 3289 475 3345 offerri·
497 3291 540 3346 Sit
554 3307 624 3363 ergo
644 3293 738 3363 nohis,
749 3294 882 3363 Domine,
932 3267 1094 3339 igniantur3
1107 3271 1138 3322 ut
1152 3265 1228 3370 apud
1240 3265 1470 3321 miscricordiam
1488 3270 1568 3322 tuam
1582 3267 1657 3349 illius
1666 3266 1748 3370 juve-

60 3381 189 3452 Jocuuda
204 3381 342 3449 laudatio,
359 3383 395 3437 sit
407 3383 436 3438 in
447 3384 591 3441 honorem
602 3387 731 3459 blartyris
747 3388 880 3444 recorda·
932 3377 998 3416 mur
1009 3360 1124 3428 [ΗΘΜ
1140 3376 1221 3432 quus
1243 3359 1404 3413 exultamus
1419 3360 1560 3430 exempl&
1578 3359 1634 3413 Per
1654 3358 1749 3414 ⁰⁰m¹'

64 3475 102 3531 oo
117 3474 223 3530 cantici
235 3475 428 3547 triumphalis.
440 3478 475 3531 Et
484 3494 550 3533 cum
558 3478 603 3533 his
611 3481 771 3536 caelestibus
783 3499 880 3553 super·
933 3471 1003 3509 num
1017 3456 1158 3508 ¹¹⁰⁵t¹⁸¹¹¹¹¹¹

64 3567 881 3645 nisquevirtutibusfidelispopulisymphoniamisceatur,

65 3676 128 3732 quse
143 3676 160 3714 a
174 3659 282 3716 dextris
296 3661 351 3715 tuis
366 3678 494 3718 consona
509 3680 577 3720 voce
593 3666 644 3720 sub
654 3666 731 3723 trina
738 3667 883 3739 repetitio·

65 3769 100 3808 ne
115 3757 246 3821 cantant,
262 3754 399 3811 dicentes.
412 3758 544 3826 Sanctus,
562 3759 692 3827 Sanctus,
707 3761 836 3816 Sanctus.

1212 3520 1337 3572 collectio
1356 3519 1482 3584 sequitur.

968 3610 1053 3676 Deus,
1061 3607 1162 3663 mundi
1180 3609 1294 3662 creator
1306 3609 1336 3660 et
1350 3609 1456 3674 rector,
1470 3605 1518 3676 qui
1533 3605 1610 3661 hunc
1628 3605 1705 3662 diem
1719 3607 1749 3662 in

932 3703 1023 3758 levitae
1032 3702 1074 3757 tui
1082 3701 1217 3756 Laurenti
1230 3699 1369 3771 martyrio
1383 3699 1677 3767 consecrasti,erandi
1687 3716 1752 3772 pro·

932 3796 1019 3869 pitius
1031 3795 1253 3867 supplicestuos,
1268 3797 1297 3848 et
1311 3792 1480 3848 concedent
1493 3809 1594 3848 omncs
1612 3793 1662 3866 qui
1677 3809 1752 3850 mar-

65 3871 152 3929 LVffl·
164 3888 244 3928 ¹¹⁸³*
255 3890 285 3929 ¹¹¹
297 3889 401 3930 ΝΛΜ
416 3892 509 3933 ffiffl
522 3892 590 3933 Sffil
606 3892 678 3934 PAPAE
697 3895 774 3936 Ulssls
792 3895 881 3937 ΝΜ-
932 3888 998 3962 tyrii
1005 3891 1066 3962 ejus
1075 3889 1180 3944 merita
1188 3903 1370 3956 veneramur,
1380 3886 1633 3943 intercessionibus
1643 3888 1705 3960 ejus
1715 3888 1751 3945 ab

99 3975 198 4053 276
209 3979 883 4059 DomineDeus,fideliuminsuperabilisfortitu-
933 3983 1748 4058 oeternisgehennaeincendiisliberemur.PerDominum.

67 4066 111 4140 do,
124 4071 173 4144 qui
188 4072 266 4128 inter
281 4073 438 4131 mundana
449 4079 674 4135 conversationis
687 4080 806 4138 adversa
816 4101 881 4139 san·
1178 4084 1301 4136 collectio
1315 4087 1374 4155 post
1384 4083 1499 4134 nominc.

66 4166 236 4222 dorumnos
246 4166 372 4223 maxime
383 4169 592 4240 glorificatione
601 4172 795 4244 solaris,...tui
804 4177 883 4233 inde·
969 4174 1100 4231 Concede
1121 4173 1213 4241 nobis,
1235 4170 1367 4239 Domine,
1384 4171 1507 4243 gratiam
1528 4173 1608 4225 tuam
1622 4169 1652 4224 in
1672 4169 1750 4225 beati

66 4257 194 4315 menter
212 4261 356 4329 arcendis,
376 4263 476 4333 excita,
493 4266 625 4335 Domine,
640 4268 669 4323 in
687 4269 812 4327 Ecclesia
833 4274 883 4327 tua
933 4268 1067 4324 Laurenti
1091 4267 1226 4339 martyris
1250 4265 1417 4320 celebritate
1437 4263 1627 4335 multiplicem
1640 4279 1647 4329 ;
1660 4265 1693 4317 ut
1714 4261 1749 4318 de

65 4349 213 4426 Spiritum,
228 4354 272 4409 eui
295 4353 342 4410 ille
365 4356 491 4426 servivit,
517 4363 547 4414 ut
569 4361 737 4418 studeamus
763 4363 882 4436 diligere
933 4361 1005 4418 tanti
1020 4378 1114 4434 agone
1137 4359 1302 4415 certaminis
1318 4358 1408 4412 discat
1424 4357 1547 4428 populus
1562 4355 1748 4424 Christianus,

65 4446 144 4519 quod
156 4447 274 4516 amavit,
291 4453 321 4503 et
341 4466 428 4523 opere
451 4469 584 4510 exercere
605 4456 681 4527 quod
709 4456 814 4514 docuit.
829 4460 921 4553 1>ch
933 4461 963 4512 et
976 4457 1060 4511 ilrma
1071 4453 1187 4510 solidari
1198 4451 1348 4525 patientia,
1364 4453 1393 4504 et
1408 4450 1455 4522 pia
1470 4450 1598 4505 exultare
1620 4447 1748 4506 victoria.

64 4538 220 4597 Dominum
231 4545 363 4599 nostrum
375 4545 471 4601 lesum
485 4547 586 4604 Filium
600 4552 692 4606 tuum.
1193 4548 1317 4600 collectio
1332 4546 1365 4597 ed
1380 4560 1482 4612 pecem-

343 4643 470 4694 collectio
483 4645 608 4710 seqnitur.
968 4639 1063 4697 Sancti
1080 4635 1214 4692 Laurenti
1230 4651 1293 4702 nos,
1310 4633 1442 4702 Domine,
1463 4649 1637 4706 quesumus,
1648 4650 1748 4706 preca-

96 4724 204 4782 Praesta
218 4727 312 4802 nobis,
332 4729 516 4802 omnipotens
531 4734 561 4785 et
572 4729 734 4789 misericors
749 4735 834 4804 Deus,
850 4738 883 4792 ut
932 4735 971 4791 tio
983 4735 1061 4806 justa
1076 4733 1209 4798 tueatur;
1226 4733 1256 4783 et
1276 4728 1355 4801 quod
1370 4730 1470 4783 nostra
1489 4727 1667 4784 conscientia
1688 4743 1746 4785 non

62 4816 137 4875 beati
148 4819 219 4877 Sixti
230 4821 366 4894 martyris
378 4823 419 4878 tui
432 4823 555 4896 repetita
570 4826 756 4897 sollemnitas,
772 4833 801 4885 et
813 4830 882 4886 libe·
931 4826 1088 4901 presumit,
1105 4825 1167 4896 ejus
1182 4822 1275 4891 nobis,
1293 4822 1341 4894 qui
1356 4821 1408 4877 tibi
1419 4822 1536 4894 placuit,
1553 4821 1683 4878 oratione
1701 4820 1748 4876 do·

63 4913 206 4969 rationem
229 4914 312 4970 nobis
332 4917 494 4988 perfectam
509 4917 626 4987 tribuat,
641 4922 813 4978 etsalutem.
827 4924 881 4979 Per
930 4924 1024 4977 netur.
1040 4919 1094 4975 Per
1106 4917 1260 4975 Dominum
1275 4919 1404 4973 nostrum
1421 4915 1523 4971 Filium
1535 4918 1627 4971 tuum.

62 5005 219 5063 Dominum
236 5011 377 5065 nostrum.
1211 5014 1355 5066 lmmoletio
1371 5012 1464 5064 missa.

310 5108 435 5160 collectio
447 5112 506 5173 poet
516 5111 631 5164 nomina
965 5108 1037 5161 Vere
1046 5104 1167 5177 dignum
1178 5105 1207 5158 et
1211 5102 1321 5175 justum
1336 5103 1387 5167 est,
1405 5098 1589 5171 omnipotens
1603 5100 1752 5173 sempiter-

94 5189 215 5260 Adesto,
224 5191 357 5262 Domine,
365 5195 743 5267 supplicationibusnostris,
755 5204 785 5255 el
794 5200 881 5255 inter·
931 5216 966 5255 ne
982 5197 1125 5267 Deus,tibi
1135 5198 1165 5252 in
1176 5193 1389 5266 tantimartyris
1398 5193 1568 5249 Laurenti...
1581 5193 1746 5252 laudishcs-

60 5284 191 5342 cessione
205 5287 341 5358 martyris
354 5289 395 5343 tui
408 5289 478 5345 Sixti
493 5296 663 5364 perpetuam
674 5294 757 5349 nobis
768 5294 878 5349 miseri-
931 5292 984 5351 tias
992 5293 1154 5359 immolare,
1164 5289 1212 5363 qui
1224 5288 1347 5345 hostiam
1360 5286 1505 5342 virentem
1517 5287 1604 5344 hodie
1617 5287 1647 5343 in
1660 5287 1748 5361 ipsius

60 5376 193 5434 cordiam
209 5378 353 5452 benignus
365 5381 519 5455 impende;
533 5388 562 5440 et
574 5387 693 5443 nomina
704 5405 767 5459 quoe
780 5387 882 5444 recita·
929 5389 1022 5444 levitae
1047 5387 1088 5442 tui
1109 5384 1187 5440 beati
1210 5380 1345 5438 Laurenti
1369 5381 1503 5453 martyris
1520 5380 1681 5439 ministerio
1696 5397 1750 5454 per

61 5473 91 5527 ta
106 5476 175 5528 sunt
185 5477 351 5530 nostrorum
363 5493 497 5533 carorum
509 5479 651 5537 incoelesti
661 5478 880 5555 paginajubeas
929 5481 1032 5539 ilorem
1040 5476 1109 5536 casti
1115 5476 1244 5550 corporis
1255 5474 1398 5547 accepisti.
1406 5475 1493 5548 Cujm
1500 5493 1601 5534 vocem
1607 5490 1659 5547 per
1668 5473 1750 5544 hym·

58 5564 200 5623 intimari.
217 5569 272 5625 Per
284 5569 439 5627 Dominum
451 5577 592 5630 nostrum.
930 5576 1057 5632 nidlcum
1071 5569 1285 5629 modolamiui⁸
1305 5571 1408 5643 psalmi
1429 5569 1600 5638 audivimus,
1619 5566 1751 5621 canentis
1855 5618 1858 5623 .

97 5707 110 5737 ⁸
128 5709 209 5784 Lm
219 5712 370 5780 millum,
386 5717 431 5772 vel
444 5719 588 5776 modulati.
606 5719 655 5775 llic
666 5734 736 5793 ergo
747 5720 902 5778 uersiculos
915 5725 982 5778 tunc
994 5720 1024 5776 in
1039 5720 1112 5777 festo
1123 5717 1213 5775 sancti
1226 5716 1382 5787 Laurentii,
1394 5714 1434 5772 uti
1450 5731 1538 5786 nunc,
1550 5704 1708 5772 canebatur
1723 5710 1755 5770 in

69 5797 179 5856 ornae
189 5800 345 5860 Gallicano.
1295 5850 1299 5857 ,

228 5897 366 5968 Parnoi..
390 5902 511 5974 Lxxll.
1570 5903 1614 5968 cn
