3884 6150
51 295 84 346 a:
454 285 628 349 Exposulo
646 288 766 346 BREllS
784 289 940 358 ANTIQUAE
959 290 1126 348 Llrunela
1143 291 1349 348 GALLlChNAE.
1708 297 1742 351 98

51 400 175 455 dulciter
198 398 326 467 bibetur,
356 414 408 471 ρετ
429 400 504 471 quod
523 399 615 455 omnis
641 399 764 455 mundus
783 399 915 483 ρτειίοᾹ
960 400 1165 455 vestimentum
1178 400 1338 472 parvolum,
1350 401 1426 472 quod
1440 417 1497 455 non
1515 400 1550 456 sit
1570 400 1598 456 in
1612 401 1666 457 alio
1679 417 1741 472 uso,

52 495 128 549 claro
142 492 302 563 redimitur,
310 495 395 565 atque
408 493 481 549 illico
494 493 611 550 discitur
623 498 654 549 ut
669 493 777 549 auroris
787 497 873 548 tentae
924 492 977 547 nisi
1004 493 1039 549 ad
1063 494 1303 565 frequentandum
1332 493 1512 564 sacrificium,
1538 495 1581 550 vel
1603 495 1751 567 significat·

54 586 170 643 diliculo
196 586 259 641 laus
282 586 481 642 resurrectioni
512 587 623 644 Donuni
653 587 728 643 claro
764 587 873 642 cantico
923 586 999 659 quod
1007 602 1065 641 non
1077 592 1231 658 graventur
1240 603 1344 642 manus
1352 591 1456 643 nostrae
1469 588 1625 644 honoribus
1636 590 1741 657 saeculi,

54 698 119 737 cum
133 680 378 735 benedictionibus
393 681 559 737 celebretur.
924 681 973 736 sed
998 680 1209 736 circumdentur
1230 680 1343 734 subtilia
1376 681 1512 736 exercitia
1538 683 1742 737 mandatorum

88 775 217 829 Palleum
231 791 298 829 vero
313 774 343 829 in
356 774 464 847 paseha
477 791 542 830 eum
557 775 755 831 tintinnabulis
768 775 874 830 Eucha·
923 772 982 828 Dei.
1002 773 1134 828 Prohibet
1150 777 1245 828 autem
1259 773 1372 828 manica
1387 774 1480 829 tonica
1492 791 1529 830 ne
1540 780 1678 847 appareat
1690 775 1744 830 vile

55 868 136 923 ristia
156 868 265 922 velatus
282 867 373 923 instar
396 868 496 923 veteris
515 869 688 938 testamenti,
709 868 758 922 ubi
781 868 874 923 tonica
922 867 1132 934 vestimentum,
1160 854 1210 922 aut
1243 882 1422 938 quocumque
1449 868 1600 940 indignum
1635 873 1743 924 tactum

56 961 209 1016 sacerdotis
222 962 306 1033 plena
321 961 521 1017 tintinnabulis
534 962 652 1034 signans
664 961 750 1018 verba
768 961 872 1033 praedi·
923 961 1049 1016 sordium
1068 977 1154 1032 super
1166 959 1261 1016 divina
1282 960 1430 1031 sacrificia,
1445 977 1501 1033 quo
1521 977 1625 1017 manus
1638 962 1744 1017 immo-

56 1054 176 1110 cationis
203 1055 372 1110 ostenditur.
401 1055 566 1110 Praecinctio
590 1059 686 1111 autem
714 1054 872 1110 vestimenti
922 1054 1014 1110 lantes
1029 1053 1201 1110 discurramt.

10 1156 12 1168 '
58 1147 169 1203 candidi
189 1148 264 1219 quod
284 1148 412 1203 sacerdos
429 1147 624 1220 baptizaturus
642 1148 828 1221 praecingitur
844 1149 873 1202 in
958 1149 1041 1203 Albas
1058 1163 1133 1217 vero,
1149 1163 1218 1218 quas
1236 1147 1329 1203 levita
1351 1151 1482 1216 utuntur,
1500 1147 1563 1202 ideo
1583 1151 1746 1205 statuerunt

58 1241 138 1313 sigpa
154 1241 245 1297 sancti
259 1241 374 1296 loannis
388 1245 499 1312 agetur,
510 1242 558 1314 qui
569 1242 737 1314 precinctus
751 1240 876 1313 baptiza«
921 1246 1028 1314 patres,
1037 1241 1105 1312 quia
1118 1240 1147 1295 in
1160 1241 1329 1296 vestimento
1343 1240 1430 1295 tincto
1440 1257 1500 1296 non
1511 1241 1549 1295 sic
1559 1245 1678 1313 apparet
1689 1242 1744 1298 cito

57 1335 93 1388 rit
116 1334 282 1389 Dominum.
300 1334 377 1390 Albis
399 1338 496 1390 autern
517 1335 640 1391 vestibus
662 1336 691 1389 in
709 1316 813 1390 l3ascha
831 1334 874 1389 in·
922 1334 1033 1390 macula
1047 1335 1190 1406 qnormdo
1212 1333 1242 1389 in
1261 1335 1324 1389 albo
1339 1351 1346 1389 :
1362 1339 1390 1389 et
1410 1333 1540 1389 minister
1566 1334 1661 1389 altaris
1683 1335 1747 1390 ideo

57 1428 159 1484 duetur
184 1428 340 1484 secundum
357 1428 434 1500 quod
458 1429 575 1501 angelus
595 1429 630 1484 ad
654 1432 873 1483 monumentum
922 1428 1022 1497 utitur,
1041 1433 1074 1483 ut
1095 1427 1223 1483 observet
1249 1432 1277 1482 et
1294 1431 1391 1482 caveat
1413 1443 1529 1482 omnem
1553 1426 1703 1497 maculam,
1720 1432 1748 1483 et

58 1521 125 1576 albis
139 1521 266 1578 vestibus
279 1526 451 1578 cerneretur.
473 1522 550 1577 Albae
571 1522 676 1577 etenim
700 1521 783 1577 vestis
797 1521 874 1576 exul·
922 1520 1493 1577 nullatenusvestimentaministrantium
1504 1520 1746 1576 vellevioretactn

58 1615 195 1670 tationem
208 1614 378 1686 significant.
924 1617 1081 1686 appareant
1093 1614 1215 1683 sordita;
1230 1614 1279 1671 sed
1292 1613 1414 1669 candida
1435 1614 1493 1668 sint
1512 1614 1637 1669 exterius
1658 1620 1745 1685 veste,

89 1707 193 1762 Casula
211 1724 299 1780 quam
318 1707 512 1780 amphibalum
527 1712 638 1777 vocant,
655 1709 732 1780 qnod
746 1708 873 1765 sacerdos
924 1708 1043 1762 interius
1057 1710 1162 1762 mente.
1177 1707 1264 1763 Sirico
1276 1712 1325 1763 aut
1338 1706 1441 1762 vellere
1456 1708 1550 1776 fletur,
1568 1707 1636 1778 quia
1654 1708 1749 1764 Domi-

58 1801 203 1871 induetur,
217 1806 275 1856 tota
288 1802 369 1856 unita
382 1819 433 1874 ρετ
446 1803 566 1873 lloysem
580 1802 731 1874 legiferum
747 1801 875 1856 instituta
885 1785 913 1856 Β
925 1816 978 1856 nus
986 1800 1177 1856 sacerdotibus
1186 1800 1249 1856 ideo
1259 1801 1360 1856 exinde
1373 1801 1480 1855 habere
1489 1800 1657 1856 indumenta
1667 1817 1748 1857 man·

59 1895 192 1967 primitus
210 1895 431 1950 demonstratur.
457 1895 542 1950 tussit
563 1911 631 1967 ergo
654 1894 792 1950 Dominus
815 1894 876 1949 llari
926 1894 1011 1961 davit,
1026 1899 1169 1951 uteorum
1186 1894 1270 1949 vestis
1283 1911 1361 1966 spem
1383 1893 1597 1949 resurrectionis
1613 1894 1746 1951 ostende·

60 1987 258 2043 dissimilatum
280 1988 492 2059 vestimentum,
518 1992 552 2044 ut
573 1989 660 2044 talem
686 1986 814 2044 sacerdos
836 1988 877 2043 in·
926 1992 979 2042 ret.
993 1987 1168 2042 Siricoenim
1186 1989 1221 2043 de
1241 1987 1318 2059 ligno
1342 2004 1393 2059 per
1411 2002 1506 2043 verme
1526 1987 1618 2043 lictur.
1640 1987 1749 2043 Vermis

60 2080 158 2150 doerit,
169 2081 256 2152 quale
268 2080 346 2136 indui
356 2083 478 2153 populus
491 2099 548 2137 non
562 2082 724 2138 auderetur.
739 2081 803 2136 ldeo
817 2081 876 2137 sine
925 2086 1123 2153 postmortem
1142 2081 1269 2152 procedit
1289 2081 1319 2136 iu
1332 2081 1416 2150 alate,
1441 2086 1469 2136 ει
1492 2085 1555 2153 post
1576 2097 1705 2137 occasum
1721 2086 1751 2137 et

59 2174 193 2242 punicas,
209 2174 277 2247 quia
296 2174 425 2230 sacerdos
443 2175 536 2247 potius
556 2175 696 2231 benedicit
719 2191 807 2246 qaam
825 2173 877 2229 mi·
926 2175 1050 2230 volatum
1075 2176 1203 2248 figurans
1226 2175 1380 2245 Christum,
1406 2174 1453 2247 qui
1489 2191 1523 2229 ex
1549 2174 1626 2247 ligno
1657 2175 1750 2232 crucis

59 2269 167 2324 nistrat.
181 2267 247 2322 ldeo
261 2268 341 2323 unita
349 2269 504 2340 prinsecus,
518 2286 576 2324 non
590 2269 683 2340 scissa,
697 2285 754 2323 non
767 2274 875 2339 aperta,
926 2268 1073 2339 quiescens
1086 2269 1114 2324 in
1126 2269 1276 2341 sepulchro
1292 2272 1442 2340 tamquam
1464 2268 1568 2324 vermis
1588 2269 1700 2325 clausus
1718 2269 1749 2325 in

60 2361 239 2434 quiamultae
259 2365 326 2417 sunl
340 2361 486 2434 scripturae
505 2380 592 2418 sacrae
608 2366 715 2417 secreta
730 2362 875 2435 mysteria,
926 2363 1036 2417 sacculo
1057 2366 1189 2434 augusto,
1215 2362 1339 2418 surrexit
1364 2363 1398 2417 de
1420 2362 1542 2432 tumulo,
1564 2366 1592 2418 et
1612 2363 1648 2418 ad
1667 2363 1750 2418 caelos

61 2472 121 2528 quae
132 2455 217 2528 quasi
232 2455 285 2510 sub
298 2455 390 2526 sigillo
406 2456 544 2511 sacerdoti
554 2457 652 2512 doctus
665 2456 749 2511 dehet
762 2457 877 2512 abscon·
927 2456 1028 2512 sumsit
1049 2457 1185 2511 volatum.
1208 2456 1331 2513 Alterius
1361 2473 1425 2511 vero
1446 2456 1557 2512 velleris
1582 2457 1646 2512 alba
1670 2456 1751 2512 inno-

61 2549 134 2622 dere,
160 2552 191 2605 et
212 2549 354 2604 unitatem
378 2549 442 2605 lidei
463 2549 612 2621 custodire,
638 2566 695 2605 non
716 2549 745 2606 in
769 2551 878 2606 haerese
927 2550 1050 2605 centiam
1065 2554 1176 2605 tantum
1191 2550 1256 2606 vitae
1269 2550 1478 2606 demonstrant.
1494 2550 1563 2605 Alba
1579 2555 1676 2607 autem
1690 2567 1748 2606 non

60 2643 102 2698 vel
113 2642 270 2698 schismata
284 2642 436 2700 declinare.
927 2643 1130 2715 constringitur
1142 2644 1266 2714 cingulo,
1283 2643 1332 2699 sed
1345 2659 1483 2716 suspensa
1497 2644 1569 2715 tegit
1581 2643 1673 2700 levitae
1689 2662 1748 2699 cor·

94 2737 223 2792 Pallenm
245 2752 311 2791 vero
334 2736 502 2809 quodcirca
527 2737 598 2792 collo
617 2754 705 2811 usque
727 2738 763 2792 ad
781 2741 895 2810 pectus·
926 2736 1088 2809 pusculum,
1102 2737 1169 2808 quia
1184 2736 1277 2791 omnis
1290 2736 1466 2792 conversatio
1485 2736 1607 2791 Levitica
1627 2737 1657 2790 in
1679 2736 1751 2792 desi·

61 2830 146 2901 venit,
160 2829 302 2885 rationale
313 2830 469 2885 vocabatur
488 2829 516 2884 in
530 2835 624 2886 vetere
636 2834 814 2901 testamento,
829 2831 878 2885 sei·
928 2829 1006 2886 derio
1019 2830 1136 2885 caelestis
1149 2829 1249 2901 patria
1265 2846 1282 2884 a
1302 2829 1421 2884 terrenis
1438 2829 1570 2901 operibus
1593 2830 1677 2885 debet
1690 2846 1750 2886 esse

60 2924 124 2979 licet
137 2925 255 2995 signum
276 2923 430 2979 sanctitatis
452 2940 538 2997 super
555 2925 722 2980 memoriam
745 2925 877 2997 pectoris,
927 2940 1072 2995 suspensa,
1087 2939 1140 2978 nee
1153 2922 1466 2994 cingulo'paccatornm
1481 2922 1644 2979 constricta.

62 3018 173 3073 dicente
187 3017 372 3089 prophetaex
384 3034 507 3089 persona
519 3018 759 3090 Dominispiritas
773 3020 880 3074 Domini
965 3018 1043 3073 Stola
1063 3021 1159 3073 autem
1177 3034 1265 3089 quam
1283 3033 1369 3087 super
1395 3016 1459 3071 alba
1483 3017 1620 3072 diaconus
1647 3017 1750 3087 induit,

61 3127 141 3183 saper
151 3127 205 3167 me.
220 3112 254 3166 Et
266 3117 329 3183 post
341 3126 444 3183 pauca,
459 3116 491 3167 at
508 3127 634 3183 pannem
655 3112 770 3182 glottam
785 3112 878 3182 lugea-
891 3154 918 3229 C
930 3110 1071 3183 signifieat
1084 3110 1246 3167 subtilitatis
1258 3109 1477 3181 intelligentiam
1492 3110 1520 3166 in
1534 3110 1630 3166 divina
1643 3116 1750 3184 myste-

63 3206 133 3260 tidns
152 3206 229 3267 Sion,
243 3209 268 3260 et
291 3205 385 3260 dorem
404 3207 441 3261 eis
460 3220 584 3261 coronam
600 3220 652 3276 pro
673 3207 768 3274 εἰηετε,
795 3206 881 3261 oleum
930 3205 982 3275 ria,
993 3204 1059 3260 licet
1068 3203 1155 3260 veteri
1166 3204 1237 3259 stola
1250 3203 1402 3260 induentes
1415 3204 1553 3275 gaudium
1563 3205 1752 3262 solemnitatis

62 3299 161 3370 gandii
179 3314 229 3369 pro
252 3299 326 3377 laeta
347 3298 421 3367 (lsai.
436 3315 490 3365 aar,
505 3298 541 3370 3).
564 3298 692 3353 Palicum
710 3299 808 3354 laudes
828 3315 880 3370 pro
930 3316 959 3354 se
973 3280 1079 3354 habere
1092 3297 1300 3353 monstrabant.
1316 3298 1349 3352 Et
1363 3314 1415 3369 pro
1429 3297 1481 3352 hac
1491 3313 1577 3353 causa
1591 3298 1620 3353 in
1631 3298 1752 3371 quadra·

63 3391 163 3464 spiritu
176 3392 315 3447 maeroris.
334 3392 412 3457 Quod
433 3396 528 3447 autem
553 3391 624 3447 eollo
643 3392 741 3464 cingit,
757 3392 881 3464 antiquae
931 3393 1040 3463 gesima
1052 3408 1105 3464 pro
1120 3390 1314 3446 humiliatione
1326 3406 1384 3444 non
1398 3395 1505 3460 utetur,
1521 3391 1593 3447 sicut
1610 3408 1661 3446 nee
1685 3392 1752 3448 alle-

62 3485 277 3542 oonsuetudinis
290 3488 341 3555 est,
357 3486 423 3558 quia
443 3502 525 3558 reges
544 3489 572 3540 ει
594 3486 752 3541 sacerdotes
765 3486 882 3540 circum·
930 3486 986 3540 luia
1011 3485 1040 3539 in
1066 3490 1163 3541 nostra
1197 3483 1330 3554 Ecclesia,
1357 3485 1485 3551 Sanetus,
1518 3484 1561 3539 vel
1588 3484 1749 3557 prophetia,

61 3579 119 3636 dati
132 3582 217 3635 erant
238 3578 331 3651 palleo
357 3583 432 3635 veste
454 3579 592 3650 fulgente,
615 3580 690 3652 quod
705 3579 798 3650 gratia
811 3596 882 3651 prae·
932 3579 1073 3650 hymnum
1083 3577 1171 3633 trium
1182 3577 1400 3648 puerorum,vel
1411 3578 1555 3632 canticum
1566 3577 1655 3634 Rubri
1664 3577 1752 3633 maris

63 3673 204 3745 signabat.
211 3672 391 3737 Quodautem
400 3672 518 3728 fimbriis
527 3673 693 3728 vestimenta
700 3671 882 3728 sacerdotalia
931 3671 987 3727 illis
1000 3671 1098 3727 diebus
1111 3671 1305 3728 decantantur.
1320 3671 1396 3726 Stola
1410 3670 1474 3726 alba
1495 3687 1621 3743 namque
1633 3672 1752 3743 angelus

64 3767 267 3836 adnectuntur,
281 3766 416 3822 [lominus
438 3766 524 3839 ldoysi
538 3767 673 3839 pracepit
693 3766 722 3821 in
741 3766 880 3836 Numeris,
931 3765 1099 3837 praecinctus
1112 3764 1246 3837 apparuit
1264 3765 1378 3835 quando
1397 3765 1497 3820 sedens
1518 3765 1547 3820 in
1564 3768 1752 3821 monumento
1831 3836 1835 3844 ι

63 3864 96 3917 nt
104 3876 158 3933 per
166 3864 291 3932 quatuor
302 3858 423 3932 angulos
435 3860 591 3932 palleorum
602 3859 651 3915 filii
664 3860 747 3915 lsrael
756 3858 883 3929 fimbrias
932 3858 1054 3928 Domini,
1078 3857 1287 3914 solemnitatem
1306 3858 1520 3914 resurrectionis
1540 3858 1614 3914 iltius
1636 3859 1753 3915 nuncia-

62 3953 202 4021 lscerent,
216 3959 250 4009 ut
266 3954 386 4027 populus
404 3952 517 4009 Domini
530 3970 588 4009 non
613 3953 707 4009 solum
726 3970 821 4026 opere,
835 3954 883 4009 sed
932 3953 982 4009 vlt.
999 3953 1064 4008 Ideo
1083 3951 1113 4007 in
1133 3951 1355 4024 Quadragesima
1373 3953 1584 4026 prohibendum
1608 3953 1670 4009 haec
1690 3969 1753 4010 can·

65 4047 153 4104 etiam
167 4049 196 4102 et
207 4046 308 4103 vestitu
323 4048 522 4103 mandatorum
544 4047 594 4102 liei
611 4045 725 4119 signum
747 4050 881 4119 portarat.
932 4047 998 4117 tica,
1013 4046 1080 4118 quia
1099 4045 1222 4101 caelestia
1238 4049 1266 4100 et
1284 4046 1413 4119 angelica
1433 4051 1508 4103 sunt.
1526 4048 1563 4103 lle
1583 4047 1658 4102 caelis
1672 4046 1752 4103 enim

99 4141 241 4197 Manualia
256 4157 333 4210 vero,
347 4141 419 4198 idest
431 4142 558 4197 manicas
569 4140 688 4197 induere
696 4140 885 4196 sacerdotibus
933 4142 1068 4196 columna
1088 4140 1162 4212 ignis
1183 4138 1214 4194 in
1230 4143 1322 4210 noete,
1345 4144 1373 4195 ει
1391 4141 1525 4196 columna
1545 4141 1629 4196 nubis
1651 4139 1681 4196 in
1695 4140 1751 4210 die,

66 4238 184 4290 mosest
195 4235 287 4292 instar
300 4234 488 4306 armillarum,
502 4251 574 4308 quas
585 4250 687 4306 regum
702 4235 746 4290 vel
758 4234 885 4290 sacerdo
934 4234 1053 4307 angelus
1065 4234 1095 4289 in
1109 4233 1222 4289 camino
1237 4235 1362 4289 llammae
1374 4234 1404 4291 in
1417 4235 1492 4289 caelis
1505 4235 1602 4289 audita
1614 4238 1665 4290 est.
1680 4233 1754 4289 Alle-

66 4333 129 4384 tnrn
140 4326 260 4384 brachia
273 4329 548 4401 constringebantur.
566 4329 630 4385 ldeo
642 4333 738 4384 autem
751 4345 785 4385 ex
798 4328 886 4402 quoli-
934 4328 991 4384 luia
1004 4328 1048 4384 vel
1060 4327 1152 4384 Sancti
1178 4331 1308 4383 tacentur
1321 4343 1390 4399 ergo
1404 4327 1619 4398 inpoenitentia,
1637 4330 1667 4381 ut
1679 4340 1753 4383 nova

68 4421 115 4478 bet
128 4423 254 4494 pretioso
266 4422 379 4494 vellere,
399 4439 457 4478 uon
479 4423 585 4478 metalli
605 4422 709 4478 duritia
722 4426 830 4490 extant,
843 4422 887 4477 vel
935 4422 1005 4479 liant
1017 4422 1046 4476 in
1062 4420 1277 4477 Resurrectione
1298 4421 1439 4475 dominica
1455 4420 1569 4492 mando
1590 4423 1754 4476 reserantur

69 4520 100 4572 nt
112 4532 216 4572 omnes
228 4515 417 4572 communiter
428 4516 597 4595 sacerdotes,
611 4516 697 4572 etiam
709 4515 827 4572 minoris
843 4515 886 4571 di·
937 4519 966 4573 et
984 4515 1133 4587 baptisma.
1150 4512 1268 4585 Oportet
1288 4529 1357 4585 ergo
1385 4513 1469 4570 levita
1490 4513 1632 4571 caelestem
1658 4514 1754 4570 cantet

71 4609 345 4682 gnitatisinsaculo
356 4610 465 4666 facilins
477 4610 632 4667 inveniant.
938 4609 1092 4666 canticum.

106 4777 163 4835 ⁸1d
178 4782 222 4835 ast
240 4779 340 4836 breves
359 4780 498 4838 orationes
515 4779 572 4836 illae
590 4795 655 4854 quae
673 4796 691 4836 a
709 4779 796 4836 verbo
811 4781 926 4838 sanetae
946 4775 1131 4850 incipiebant,
1151 4775 1247 4849 quales
1268 4775 1456 4834 cantabantur
1474 4781 1541 4836 ante
1560 4779 1752 4853 prophetiam,

76 4853 139 4907 ute
151 4855 257 4924 etpost
270 4850 463 4926 Evangelium.

109 4992 196 5050 Nora.
210 4993 242 5050 ln
253 4993 307 5049 hae
321 4994 349 5051 S.
364 4995 497 5051 Gennani
511 4996 683 5068 depositione
701 4995 863 5053 recudenda
879 4992 1111 5052 llabilloniannm
1124 4989 1280 5065 exemplar,
1294 4991 1352 5048 sive
1370 4992 1446 5065 quod
1464 4992 1540 5049 idem
1561 4998 1614 5064 est,
1628 4989 1754 5050 codicem

80 5065 361 5140 lugundunensem
373 5065 408 5121 de
420 5066 506 5123 verbo
519 5066 554 5122 ad
568 5065 688 5124 verbum
702 5066 913 5143 exscripsimus.
925 5065 1026 5123 tlenda
1038 5064 1128 5140 igitur
1139 5063 1243 5139 quibus
1255 5079 1313 5120 non
1330 5064 1418 5121 semel
1435 5064 1560 5138 syntaxis
1573 5062 1695 5140 laeditur,
1710 5062 1756 5126 cut

79 5148 127 5213 per
139 5138 183 5194 eat
194 5135 303 5194 tribuat
313 5135 403 5196 lector
415 5136 578 5197 benevolus.
592 5135 668 5197 Edit.
