3884 6150
137 259 1810 303 W———h—-n—-d

682 350 920 422 SYlllBOLUM
952 348 1274 420 APOSTOLORUM

450 474 535 573 Com
549 489 673 554 magno
688 471 815 535 cautela
830 469 1008 547 collectum,
1025 477 1056 532 et
1066 467 1270 532 credentibus
1284 467 1507 549 adsignatam.

171 686 268 739 Petrus
283 681 376 736 dixit:
391 680 479 736 Credo
495 680 524 734 in
538 680 626 735 Deum
643 681 755 735 Patrem
770 678 949 750 omnipoten-
962 681 1180 767 Apeccatorum
1195 675 1218 731 b.
1233 674 1360 731 Matthias
1373 675 1444 731 dixit
1456 673 1570 730 :Cernis
1582 672 1821 730 resurrectionem

136 782 204 832 tem.
219 775 357 831 Iohannes
375 774 445 830 dixit
460 794 466 829 :
481 775 570 830 Credo
593 775 623 829 in
639 776 735 829 lesum
755 774 897 829 Christum
910 775 952 830 Fi·
1000 771 1031 826 iu
1043 771 1129 826 vitam
1143 776 1289 826 aeleruam.
1300 773 1401 826 Arnen.

136 870 207 925 lium
221 869 282 939 ejus
295 868 422 938 unicum,
439 870 527 924 Deum
542 867 731 922 etllominum
750 871 889 923 nostrum.
903 869 950 923 la·
1037 866 1092 919 Hoc
1105 870 1147 921 est
1162 864 1239 937 quod
1249 864 1285 919 ad
1300 863 1531 919 duodeciuarium
1543 878 1699 919 numerum
1712 869 1821 934 aposto

136 963 221 1018 cobus
235 961 307 1017 dixit
322 979 329 1016 ε
344 963 446 1017 Natum
466 962 501 1017 de
519 961 605 1015 illaria
624 961 733 1032 virgine
747 977 798 1032 per
816 962 951 1032 Spiritum
1000 959 1093 1013 lorum
1103 975 1168 1013 cum
1180 974 1285 1030 magna
1297 957 1407 1013 cautela
1423 957 1573 1013 collectum
1587 961 1639 1026 est,
1653 960 1682 1011 et
1703 957 1819 1012 creden-

136 1061 277 1112 sanclum.
292 1056 416 1110 Andreas
428 1055 500 1110 dixit
515 1072 522 1110 :
538 1055 652 1109 Passum
671 1054 722 1109 snb
737 1055 836 1109 Pontio
849 1056 949 1125 Pilato,
999 1052 1076 1106 tibus
1085 1052 1299 1123 adsignatumls.
1310 1051 1380 1116 Quia
1392 1051 1461 1108 tides
1475 1056 1637 1106 sanctarum
1650 1051 1709 1107 lleo
1721 1049 1757 1105 ad
1766 1050 1819 1106 ho·

135 1149 301 1206 crucifixum
316 1154 344 1204 et
357 1149 509 1220 sepultum.
524 1148 669 1219 Phiiippus
682 1148 755 1202 dixit
773 1164 780 1202 :
802 1149 952 1204 Descendit
1000 1145 1125 1200 minibus
1140 1145 1305 1200 nominibus
1323 1161 1428 1200 nomen
1447 1150 1489 1200 est
1508 1144 1579 1201 tides
1591 1143 1678 1200 divini
1693 1144 1821 1213 muneris

136 1243 173 1300 ad
194 1243 313 1299 inferna.
336 1243 456 1297 Thomas
479 1241 550 1296 dixit
570 1261 577 1296 r
597 1242 689 1297 Tertia
715 1241 761 1295 die
785 1241 949 1297 resurrexit.
999 1239 1078 1311 potio
1093 1241 1135 1295 est
1147 1256 1154 1293 :
1166 1238 1234 1296 lides
1248 1239 1304 1295 Deo
1317 1239 1465 1294 hominem
1475 1238 1570 1309 sociat,
1584 1237 1654 1294 fides
1667 1218 1820 1311 praetia

134 1337 360 1394 Bartholomaeus
380 1336 451 1391 dixit
472 1353 479 1389 ε
500 1335 632 1390 Ascendit
651 1335 681 1389 in
700 1333 792 1403 caelos,
817 1335 895 1390 sedet
916 1335 950 1389 ad
1001 1337 1029 1388 et
1040 1333 1136 1388 futura
1150 1333 1310 1406 conjungit,
1322 1333 1392 1388 tides
1405 1332 1492 1388 eliam
1506 1348 1571 1406 quae
1588 1331 1739 1387 invisibilia
1755 1337 1823 1386 sunt

136 1433 281 1488 dexteram
294 1430 343 1486 llei
362 1431 449 1485 Patris
464 1429 673 1500 omnipotentis.
691 1429 838 1484 ldatthaeus
856 1428 949 1484 dixit:
1000 1426 1066 1481 facit
1088 1426 1194 1495 ridere,
1219 1426 1288 1482 fides
1307 1432 1370 1499 post
1392 1429 1556 1500 sepulcrum
1581 1425 1696 1498 generis
1719 1414 1821 1480 obelum

137 1525 204 1580 lude
224 1529 358 1580 venturus
378 1523 505 1595 judicare
530 1523 607 1578 viros
624 1528 652 1577 et
678 1526 814 1577 mortuos.
835 1522 951 1577 lacobus
1001 1525 1085 1592 atque
1098 1537 1188 1593 regna
1200 1521 1333 1576 caelomm
1347 1520 1499 1594 promittit.
1514 1519 1635 1592 Ideoque
1656 1519 1708 1592 qui
1727 1519 1757 1574 iu
1770 1518 1822 1574 lali

137 1618 246 1690 Alphaei
259 1617 448 1674 dixittCredo
460 1617 492 1672 in
504 1617 640 1688 Spiritum
653 1615 953 1672 sanctum.SimonZe-
1001 1613 1174 1669 confessione
1187 1615 1384 1686 permanserit,
1397 1631 1414 1670 a
1426 1613 1699 1687 supervenienteira
1719 1611 1824 1668 timere

137 1712 206 1768 lotes
227 1712 297 1768 dixit
323 1729 329 1767 ι
352 1712 440 1767 Credo
461 1711 490 1765 in
513 1710 664 1765 Ecclesiam
687 1710 845 1765 sanctam⁸.
866 1710 952 1765 ludas
1001 1724 1058 1763 non
1072 1711 1203 1780 potest†.

137 1806 230 1862 lacohi
242 1805 333 1860 dixit:
349 1807 402 1860 Per
417 1804 592 1876 baptismum
609 1808 738 1858 sanctum
755 1802 952 1859 remissionem

173 1929 340 1987 'Omittitur
358 1931 519 1986 Sanctorum
538 1932 755 1996 commonionem,
768 1929 811 1984 uti
825 1935 853 1985 et
875 1930 950 2001 apud
1037 1930 1147 2002 bApud
1159 1931 1333 2003 Cyprianum
1348 1949 1356 1986 r
1372 1931 1563 1988 Remisaonem
1578 1935 1756 2001 pcccatorum
1772 1946 1826 2003 per

137 2003 338 2075 Augustinum,
351 2001 502 2054 llaximum
513 2000 725 2069 Taurinensem,
741 2002 854 2056 Petrum
867 2003 952 2082 Chry-
1001 2007 1123 2057 sanctam
1137 2003 1293 2066 Ecclesiam,
1305 2003 1335 2058 in
1347 2002 1472 2075 epistolis
1484 2002 1519 2058 ad
1533 2003 1667 2074 Magnum
1683 2008 1713 2058 et
1725 2003 1761 2058 ad
1778 2004 1824 2058 l.i-

138 2074 276 2145 sologum,
288 2078 316 2127 et
327 2072 394 2126 alios
408 2070 571 2126 nonnullos.
588 2071 711 2126 liabetur
720 2078 814 2127 tamen
827 2088 912 2142 snpra
922 2088 952 2127 1n
1001 2073 1135 2128 beralem.

136 2145 290 2201 traditione
300 2143 435 2215 symboli,
444 2158 510 2214 pag.
525 2144 576 2198 alt
590 2141 655 2212 (huj.
670 2143 736 2198 edit.
751 2144 799 2198 col.
814 2145 866 2199 189
879 2144 951 2216 init.)

480 2360 592 2406 taciem
612 2358 779 2407 carnutas
800 2362 840 2406 nn
861 2361 982 2407 verene
1003 2344 1231 2426 [resrxnnnro]
1255 2365 1480 2412 cxnonxzxsos.

468 2530 504 2590 Dc
519 2530 621 2591 Vetere.
962 2554 990 2625 B
1340 2539 1378 2591 De
1395 2534 1479 2594 Novo.

175 2625 256 2683 hiber
266 2624 387 2697 Genesis,
399 2624 537 2697 Exodum,
548 2626 713 2697 Levitioum,
736 2625 861 2697 Numeri,
884 2626 953 2682 lieu·
1037 2646 1235 2721 Apostolorum
1249 2650 1326 2717 limi,
1343 2650 1440 2724 [pauli]
1455 2652 1671 2725 quatuordecim
1681 2651 1822 2725 epistole

137 2721 337 2789 t0s⁰¹¹⁰mi¹¹¹¹¹2
353 2722 597 2792 J⁰⁸¹¹⁰1J¹¹di⁰⁰m
1002 2743 1077 2799 Petri
1091 2744 1164 2813 ditm,
1180 2745 1315 2800 lobannis
1338 2751 1404 2801 tres.
1426 2747 1521 2802 Jacobi
1541 2751 1571 2803 et
1588 2747 1671 2803 ludae
1693 2747 1822 2820 siugulae,

171 2815 248 2871 Libri
259 2815 412 2871 munerum
426 2816 512 2886 Ruth,
527 2815 619 2885 Sterh,
635 2819 663 2870 02
675 2814 782 2871 JUdflh·
1002 2837 1184 2909 Apocalypsis
1200 2854 1268 2908 uno,
1280 2842 1365 2895 Actus
1374 2841 1574 2912 Apostolorum
1586 2856 1655 2897 uno.
1671 2840 1822 2913 Evangelia

173 2910 383 2966 Maccabeorum
396 2911 461 2966 libri
473 2910 539 2979 duo,
553 2909 602 2964 lob
618 2912 646 2965 et
659 2908 790 2976 thobias,
806 2906 870 2962 libri
893 2908 951 2964 sin·
1002 2929 1066 2984 libri
1081 2937 1212 3002 quatuor,
1228 2932 1476 2990 sacramentorum
1493 2950 1551 2991 uno
1573 2948 1595 2990 e,
1610 2935 1742 2991 vellavo
1760 2939 1823 2988 sunt

140 3003 208 3074 guli.
222 3005 332 3075 Regum
344 3008 487 3076 quattuor.
502 3003 709 3074 Prophetarum
719 3001 783 3056 libri
798 3002 951 3057 sexdecim.
1002 3024 1177 3098 libringing
1192 3030 1265 3082 ocgo,

140 3095 295 3151 [leviticum
308 3098 434 3169 quinque
447 3101 469 3152 ¹.
492 3097 622 3152 Salomon
640 3100 707 3152 tres.
722 3095 950 3165 Proverbiorum,

139 3190 325 3260 Ecclesiasles,
348 3195 377 3245 et
397 3191 508 3246 Cantica
527 3190 698 3245 canticorum
712 3190 735 3259 b,
758 3191 844 3246 Esdra
868 3208 950 3247 unus.

140 3283 222 3340 Fiunt
235 3283 300 3338 libri
310 3285 415 3340 Veteris
426 3301 546 3340 numero
559 3285 893 3357 quadragintaquatuor.
1038 3287 1163 3344 Exemcir
1182 3305 1270 3345 consx
1289 3289 1440 3346 Bonmxsrs.

1040 3156 1123 3212 Fiunt
1131 3156 1162 3212 iu
1175 3174 1287 3213 summa
1300 3158 1365 3213 libri
1376 3159 1554 3232 septuaginta
1566 3158 1633 3215 duo.

176 3410 278 3466 'Olim
300 3412 375 3483 apud
401 3416 508 3467 veteres
531 3411 700 3467 Psalterium
725 3411 903 3467 dividebatur
923 3411 953 3467 in
1002 3413 1090 3468 veteri
1106 3414 1217 3471 Canone
1230 3414 1425 3470 llebraeorum.

139 3481 265 3563 quinque
287 3488 380 3553 partes
400 3500 449 3537 seu
467 3484 564 3551 libros,
584 3500 702 3554 quoram
717 3483 822 3555 singuli
840 3483 951 3539 desine·
1036 3484 1185 3540 ⁰Observa
1204 3486 1249 3540 hic
1266 3486 1296 3539 in
1314 3502 1433 3541 numero
1448 3485 1586 3541 librorum
1606 3502 1755 3542 sacrorum
1775 3503 1816 3543 re·

139 3554 208 3608 bant
220 3571 249 3608 in
262 3555 388 3622 Psalmis,
405 3571 527 3627 quorum
538 3556 601 3609 linis
614 3559 665 3610 est.
680 3557 743 3611 Fiat
756 3559 814 3625 fiat.
1002 3557 1111 3611 censeri
1123 3556 1227 3611 librum
1240 3557 1503 3613 Sacramenlomm:
1540 3572 1575 3612 uo
1586 3558 1706 3614 nomine
1716 3564 1817 3614 veteres

174 3625 235 3679 affl
248 3630 305 3680 tres
323 3625 388 3680 libri
407 3627 460 3679 alia
479 3643 574 3696 manu,
596 3625 645 3681 sed
666 3625 862 3697 antiquissima
874 3626 952 3697 adje-
1003 3641 1067 3681 eum
1080 3627 1186 3682 librum
1199 3627 1394 3700 designabant,
1411 3629 1461 3700 qui
1473 3574 1658 3685 Colbectiones
1675 3635 1706 3686 et
1717 3630 1813 3685 Prola-

140 3695 187 3767 cti,
203 3711 305 3766 nempe
318 3696 476 3763 Proverbia‚
490 3697 677 3765 Ecclesiastes,
690 3697 815 3768 Cantica,
830 3703 910 3753 eraut
922 3697 954 3751 in
1002 3697 1093 3753 tiones
1104 3699 1140 3755 ad
1157 3700 1254 3755 missas
1267 3700 1436 3756 continebat.

142 3862 1812 3916 Q

470 4055 1485 4262 ANTIPHONARIUM

342 4372 868 4504 MONASTERII
939 4378 1615 4510 BENCHORENSIS.

510 4607 720 4748 (arelat.
749 4613 925 4713 aleco.
950 4628 984 4714 ι.
1012 4613 1099 4738 IV,
1115 4645 1173 4747 p.
1197 4616 1290 4716 lai
1316 4611 1453 4753 sqq.)

666 4823 1305 4877 -ῶοθοῢ--ῃ-

353 4960 432 5084 Aa
460 4964 868 5124 antiphonatim
895 4979 1190 5082 monasterti
1217 4966 1611 5085 Parthamasiri

179 5191 220 5245 Ex
235 5188 334 5244 Codice
351 5201 404 5242 ms.
418 5182 610 5241 Ambrosianoe
624 5181 816 5249 Bibliothecae,
831 5198 911 5236 num.
929 5185 972 5251 l0,
987 5182 1029 5238 lit.
1040 5184 1060 5240 C
1073 5182 1247 5255 descriptum
1260 5201 1310 5257 per
1323 5202 1369 5241 me
1379 5184 1434 5241 luit
1446 5185 1499 5240 hoc
1513 5183 1693 5257 opusculum.
1707 5185 1810 5241 llutuus

143 5284 185 5336 est
199 5278 270 5333 liber
282 5293 340 5331 non
352 5292 408 5330 uno
421 5276 542 5345 irtaco,
558 5277 726 5329 vetustatem
737 5277 834 5327 autem
847 5271 921 5327 illius
933 5272 968 5328 ad
990 5290 1078 5329 annos
1100 5290 1173 5347 pene
1191 5274 1268 5330 mille
1286 5277 1439 5332 ascendere
1461 5276 1578 5349 conjeci,
1599 5276 1763 5333 charactere
1781 5274 1813 5330 ad

144 5365 312 5426 Saxonicum
327 5365 485 5434 accedente,
504 5365 663 5436 litterisque
680 5362 825 5418 nonnullis
838 5361 926 5417 minio
948 5361 1095 5418 distinctis.
1114 5364 1228 5420 Celebre
1241 5370 1337 5421 autem
1351 5367 1421 5422 olim
1433 5366 1488 5422 fuit
1504 5368 1534 5422 in
1553 5366 1666 5422 Ullouia
1679 5365 1816 5421 llibernie

142 5455 288 5515 Provincia
300 5453 503 5525 benchorense,
515 5455 571 5509 sive
583 5455 780 5509 Benchorense
791 5450 995 5508 monasterium
1013 5453 1155 5510 diversum
1169 5454 1204 5509 ab
1217 5456 1305 5511 altero
1319 5456 1509 5512 Benchoreusi
1528 5455 1657 5512 caenobio
1678 5455 1709 5511 in
1723 5453 1819 5510 Wallia

143 5548 253 5622 Angliae
264 5543 408 5620 provincia
420 5543 482 5600 sito.
498 5544 622 5600 Usserius
635 5545 665 5600 in
678 5543 865 5600 Britannicae.
885 5543 1031 5600 Ecclesiar.
1046 5545 1279 5619 Antiquitatibus,
1295 5563 1361 5619 pag.
1377 5548 1429 5603 176
1444 5552 1472 5602 et
1491 5550 1552 5616 5³1,
1566 5546 1602 5602 ad
1623 5545 1822 5603 Beucborenss

143 5637 327 5696 hibernicum
349 5634 507 5690 coenobium
529 5634 616 5689 refert
630 5635 723 5690 locum
740 5635 921 5708 desumptum
946 5651 961 5691 e
982 5633 1032 5689 lib.
1048 5651 1078 5702 11,
1094 5652 1156 5709 cap.
1171 5639 1198 5704 2,
1211 5636 1282 5693 llist.
1298 5637 1401 5693 Eccles.
1416 5636 1509 5706 Bedae,
1525 5637 1605 5710 atejus
1626 5635 1717 5693 verba
1734 5639 1821 5695 suutt

146 5731 258 5788 «Erant
269 5730 365 5783 aulem
379 5723 498 5798 plurimi
512 5737 612 5779 eorum
627 5721 660 5778 de
674 5724 987 5795 monasterioBancor.,
1000 5723 1099 5798 inquo
1112 5731 1207 5782 tantus
1223 5727 1315 5784 fertur
1337 5726 1423 5783 fuisse
1442 5742 1581 5784 numeras
1600 5725 1823 5796 monachorum,

144 5824 177 5877 ut
187 5833 251 5876 cum
261 5818 291 5875 in
305 5819 413 5892 septem
427 5813 570 5891 portiones
583 5815 657 5869 esset
666 5827 732 5870 cum
744 5814 902 5888 prepositis
916 5814 969 5873 sibi
989 5813 1145 5874 rectoribus
1157 5817 1361 5877 monasterium
1372 5817 1503 5891 divisum,
1519 5814 1598 5874 nuuc
1611 5814 1717 5874 berum
1730 5816 1824 5893 partio
