3884 6150
10 2510 14 2561 l

10 3118 14 3143 v
79 3092 186 3155 detribu
203 3101 275 3156 tuda
296 3101 403 3157 mundo
421 3106 558 3169 ostensus,
582 3101 743 3157 animarum
765 3102 877 3157 devora·

64 265 115 320 377
155 309 158 312 ,

344 373 467 426 Collectio
480 375 605 441 seqnitur.

98 456 219 528 Adesto,
231 458 357 528 Domine,
374 461 448 517 Deus
463 466 570 533 noster,
586 468 619 519 ut
636 481 688 536 per
700 465 760 522 haec
774 484 838 540 quse
851 469 885 523 li-
911 484 914 491 ’

62 547 167 608 daliter
183 553 367 625 sumpsimus,
382 559 410 609 et
422 572 606 628 purgemnra
617 557 701 629 vitiis,
722 565 751 616 et
772 578 789 616 a
807 563 884 634 peri·

62 643 135 700 culis
150 646 283 702 omnibus
298 664 445 704 exuamur.
460 651 513 706 Per
525 652 607 707 Dom.

191 759 296 816 XXXIV.
319 775 397 815 mssa
416 778 443 816 nv
464 778 563 818 riscus
581 780 625 818 nra
644 781 763 822 sinnam.

100 855 186 925 Deus,
202 856 315 928 quinos
332 859 552 915 Resurrectionis
576 862 725 918 dominicae
745 864 885 920 sollemni-

64 950 121 1003 tate
137 947 272 1016 letificas,
289 953 409 1007 concede
422 954 572 1026 propitius,
599 961 631 1011 ut
647 973 699 1028 per
719 958 884 1030 temporalia

64 1039 135 1096 festa
150 1060 214 1114 quta
227 1043 339 1116 agimus
356 1048 504 1118 pervenire
523 1049 558 1105 ad
578 1051 681 1121 gaudia
696 1055 801 1107 aeterna
822 1068 882 1109 me·

67 1148 190 1193 reamur.

415 1211 549 1263 collectio.

103 1288 213 1356 Praesta,
229 1305 404 1361 quaesumus,
419 1293 599 1365 omnipotens
608 1296 689 1364 Deus,
701 1301 733 1352 ut
739 1296 824 1369 hujus
835 1298 883 1352 Pa·

72 1380 166 1436 schalis
186 1380 283 1457 373
299 1384 456 1441 festivitatis
469 1387 599 1443 mirabile
619 1388 841 1459 Sacramentum,
855 1395 884 1447 et

75 1475 249 1546 temporalem
262 1477 341 1532 nobis
353 1475 589 1552 tranquillitatem
611 1482 726 1554 tribuat,
743 1488 770 1540 et
797 1484 882 1540 vitam

78 1568 190 1625 conferat
202 1571 414 1641 sempiternam.
429 1575 482 1630 Per
494 1576 656 1631 Dominum.

339 1665 404 1715 item
418 1666 467 1716 alie
479 1667 608 1718 collectio.

87 1840 188 1891 stmrum
208 1838 338 1894 tenebras
364 1845 468 1910 averte,
498 1845 530 1895 nt
549 1858 619 1913 quos
637 1847 748 1898 exercet
761 1843 881 1913 :devotio

90 1929 268 2000 sollemnitatis,
285 1932 417 1989 inlustret
436 1934 608 2009 sollemnitas
630 1936 684 2008 pia
701 1936 879 2008 cognitionis.

91 2023 292 2081 Perllominum.

365 2099 429 2148 item
444 2098 577 2149 collectio.

118 2177 182 2246 bens,
196 2177 247 2250 qui
261 2178 290 2232 in
305 2178 490 2234 sollemnitate
501 2180 625 2234 Paschali
637 2181 744 2236 mundo
756 2182 881 2237 remedia

94 2271 214 2341 nntulbti,
229 2273 368 2343 populum
381 2275 473 2338 tuum,
494 2289 667 2344 quesumus,
685 2275 787 2330 calesti
806 2276 879 2331 dono

93 2376 243 2437 prosequere,
258 2370 289 2421 ut
301 2370 330 2421 et
341 2367 495 2438 perfectam
507 2367 669 2423 libertatem
678 2370 811 2442 consequi
821 2386 880 2425 me-

91 2460 169 2528 reatur,
182 2462 209 2514 et
221 2460 257 2514 ad
271 2460 360 2515 vitam
372 2459 501 2532 proficiat
514 2460 730 2533 sempiternam.

287 2552 469 2602 immolaticia
483 2552 525 2602 die
538 2553 652 2603 sabboti.

115 2631 221 2703 Dignam
234 2638 262 2688 et
270 2633 381 2704 justum
394 2638 445 2702 est,
457 2634 648 2689 necessarium
659 2639 687 2690 et
695 2633 815 2690 salutare
825 2640 877 2706 est,

83 2726 140 2779 utu
155 2727 305 2782 Dominum
326 2744 358 2782 ac
379 2728 471 2782 ileum
493 2729 559 2783 totis
579 2728 731 2784 visceribus
752 2728 879 2803 humana

82 2818 184 2875 conditio
208 2825 368 2889 veneretur,
394 2822 454 2876 ilex
479 2821 615 2876 mirabilis
645 2820 765 2877 Christe.
793 2821 878 2893 Cujus

80 2912 294 2969 condemnatione
300 2914 429 2970 tartareis
437 2915 689 2970 vinculisabsoluta
701 2914 878 2970 credentium

78 3000 155 3074 tuta,
169 3007 304 3062 libertatis
316 3007 439 3079 insignia
451 3009 620 3079 gratulatur.
634 3007 687 3072 Qui
699 3024 765 3064 vere
779 3009 877 3064 atheo

76 3191 151 3272 torem
165 3193 321 3250 extinctum
334 3196 446 3250 leonem
459 3194 601 3250 diabolum
614 3195 706 3249 omnis
730 3199 806 3250 terra
826 3196 875 3250 laa-

77 3286 146 3342 htnr.
163 3287 305 3342 Permittis
318 3292 345 3342 te
365 3289 506 3342 clavorum
528 3288 647 3344 nexibus
662 3288 822 3360 alligatum,
842 3288 878 3343 ad

74 3380 186 3452 stipitem
198 3381 288 3436 crucis
300 3381 396 3450 teneri,
408 3385 440 3436 ut
452 3397 509 3436 non
523 3381 560 3436 sit
577 3398 663 3453 parva
676 3398 762 3453 quam
773 3381 877 3452 impius

72 3473 203 3544 quondam
225 3478 390 3546 expavescat
416 3474 581 3545 potentiam.
609 3475 651 3529 Ad
675 3475 755 3545 cujus
779 3491 876 3530 vocem

70 3567 192 3622 emittens
215 3567 356 3639 spiritum,
380 3572 455 3622 terra
475 3567 602 3634 tremuit,
627 3568 728 3622 calum
755 3568 876 3638 expavit,

67 3660 121 3716 dies
132 3660 216 3733 fugit,
231 3660 272 3716 sol
286 3661 450 3716 obscuratus
464 3665 517 3730 est,
533 3664 608 3715 astra
620 3660 819 3716 abscondentis
832 3676 876 3715 ra-

66 3754 121 3808 dios
133 3771 208 3823 snos,
218 3754 304 3810 simui
314 3755 409 3810 omnia
416 3755 622 3827 migraverrmt.
633 3755 720 3826 Cujus
729 3753 874 3822 descensu,

10 3840 12 3850 '
62 3847 208 3903 confractis
230 3849 328 3919 portis,
350 3849 431 3920 luget
453 3848 599 3915 infemus;
623 3863 680 3918 quo
700 3851 876 3918 resurgente,

61 3941 193 3996 letantur
210 3941 315 4013 angeli,
335 3945 364 3996 et
380 3941 486 3996 exulat
505 3946 581 3996 terra
592 3956 658 3994 curn
672 3940 877 3995 habitatoribus

59 4036 126 4089 suis.
152 4036 259 4106 inquo
282 4034 427 4107 triumpho
447 4033 617 4105 conspicitur
638 4033 810 4089 conminatio
828 4032 878 4087 illa

57 4127 224 4199 prophetico
239 4144 287 4183 ora
301 4128 437 4199 promissa
452 4145 458 4181 :
476 4129 529 4182 Ero
546 4143 621 4182 mors
639 4132 697 4197 tna,
717 4143 733 4181 o
754 4126 875 4182 inferne.

55 4222 109 4276 b'bi
122 4226 164 4276 est
177 4237 246 4293 ergo
259 4221 376 4277 victoria
389 4222 459 4276 tna‘l
481 4238 533 4276 nec
548 4220 624 4275 enim
640 4220 675 4274 ab
694 4220 748 4274 alio
768 4223 877 4291 poterat

55 4314 110 4369 nisi
132 4331 149 4369 a
174 4314 236 4370 Vita
248 4330 325 4369 mors
350 4314 488 4369 devorari.
515 4315 568 4380 Qui
596 4315 731 4370 descensu
753 4329 804 4367 sno
830 4329 876 4367 eos

54 4408 105 4480 qui
120 4407 289 4463 tenebantur
302 4413 428 4477 amorte,
440 4408 549 4479 superis
556 4407 679 4463 reddidit
689 4404 874 4477 resurgendo,

610 272 828 330 bnniruncia
846 275 1031 334 susicana
1051 278 1149 335 LIBER
1168 279 1212 336 lli.

896 382 995 469 Aipse
1008 384 1108 457 fecisti,
1123 387 1172 442 sed
1185 392 1218 444 ut
1230 386 1348 444 subruas
1361 386 1463 444 mnndi
1475 389 1600 460 peccata,
1616 401 1681 460 qua
1693 386 1751 442 dia·

1701 274 1752 334 378

936 478 1016 534 bolus
1029 479 1184 550 adinvenit,
1198 482 1263 553 quia
1276 482 1315 536 ita
1330 481 1464 553 dignatus
1484 498 1513 537 es
1535 481 1654 553 diligere
1674 482 1751 538 hunc

935 573 1085 643 mundum,
1103 578 1133 628 nt
1148 575 1330 646 Unigenitum
1343 581 1425 632 tunm
1437 577 1560 631 traderes
1580 593 1631 647 pro
1655 579 1751 631 nostre

936 667 1035 736 salute,
1050 668 1131 739 cujus
1142 685 1224 724 cruce
1238 670 1379 741 redempti
1392 675 1599 736 sumus‚morte
1608 669 1749 740 vivificati,

934 761 1060 832 passione
1070 763 1177 832 salvati,
1195 765 1400 819 resurreetione
1415 763 1570 836 glorificati.
1584 765 1638 818 Per
1650 764 1751 835 -ipsum

934 859 961 909 te
974 855 1068 927 itaque
1082 856 1222 929 supplices
1235 857 1408 924 invocamus,
1422 863 1455 913 ut
1475 858 1543 913 huic
1561 856 1676 911 familiae
1693 860 1750 912 tuse

933 948 963 1003 in
978 950 1110 1005 omnihus
1129 951 1225 1006 adesse
1235 952 1362 1024 digneris
1368 969 1376 1021 ;
1391 951 1462 1006 sicut
1488 950 1603 1005 adfuisti
1624 949 1750 1022 patribus

933 1043 1035 1099 nostris
1059 1045 1236 1117 sperantibus
1256 1046 1286 1100 in
1308 1050 1357 1101 tua
1379 1044 1581 1114 misericordia,
1602 1043 1641 1098 sic
1657 1047 1685 1098 ct
1704 1043 1749 1098 his

933 1137 1064 1192 omnihus
1077 1138 1174 1194 adesse
1186 1138 1314 1211 dignare,
1329 1142 1361 1194 nt
1375 1139 1411 1194 sit
1423 1138 1453 1192 in
1467 1137 1593 1193 sensibus
1603 1153 1702 1193 eorum
1716 1136 1750 1191 ti-

933 1252 995 1289 mor
1008 1235 1162 1291 devotionis
1176 1241 1243 1307 tum,
1259 1237 1290 1291 in
1303 1236 1386 1292 corde
1399 1236 1478 1304 fides,
1488 1235 1519 1290 in
1533 1251 1617 1307 opere
1626 1233 1747 1306 justitia,

933 1327 960 1382 in
976 1334 1039 1383 actu
1053 1331 1154 1400 pietas,
1167 1331 1197 1385 in
1217 1331 1315 1403 lingua
1334 1331 1445 1400 veritas,
1471 1329 1501 1384 in
1519 1328 1647 1383 moribus
1668 1328 1750 1383 disci-

931 1421 1018 1493 plina,
1035 1427 1067 1479 ut
1079 1423 1164 1497 digne
1177 1425 1287 1497 riteque
1300 1423 1518 1480 immortalitatis
1530 1422 1582 1477 sibi
1597 1420 1749 1495 praemium

932 1517 1065 1587 consequi
1078 1523 1251 1573 mereantur.
1267 1520 1319 1573 Per
1333 1520 1413 1573 llam.

1175 1599 1299 1650 Collectio
1313 1604 1372 1664 post
1387 1601 1502 1651 nomina.

967 1670 1066 1739 iterim,
1078 1673 1128 1742 qui
1143 1689 1193 1742 pro
1206 1672 1290 1726 ruina
1302 1673 1387 1727 totius
1400 1672 1501 1727 mundi
1513 1671 1632 1727 unicum
1647 1670 1748 1725 Filium

10 1790 12 1817 v
113 1743 228 1817 Risi’loe,
243 1760 414 1817 (luffiffflssub
438 1748 564 1817 D⁰mlssev
584 1752 612 1802 ei
632 1752 810 1820 P00⁰³l⁰ffl111
829 1766 880 1804 1¹⁰·
892 1764 920 1837 Β
932 1764 1747 1836 suum,adsumptaexcarneVirginisverihominisforma,

930 1856 1042 1911 mittere
1067 1857 1266 1929 dignatusest,
1287 1858 1387 1913 fratres
1411 1858 1557 1924 carissimi,
1585 1857 1747 1928 suppliciter

930 1965 1089 2019 exoremus,
1103 1953 1136 2005 ut
1147 1952 1255 2006 sicutin
1267 1953 1319 2007 hac
1330 1951 1374 2007 die
1387 1951 1609 2007 Resurrectionis
1618 1950 1747 2020 ejusdem

931 2058 981 2098 nos
994 2060 1010 2098 a
1024 2048 1116 2099 morte
1129 2049 1266 2116 perpetua
1279 2061 1345 2099 cnm
1357 2045 1405 2099 illo
1420 2044 1604 2111 resuscitavit,
1625 2044 1665 2097 ita
1683 2043 1745 2114 pie·

929 2137 995 2191 tertis
1012 2154 1070 2192 susc
1084 2138 1159 2193 dono
1178 2139 1213 2192 ab
1231 2139 1363 2194 omnibns
1378 2155 1429 2214 nos
1447 2137 1554 2193 inimici
1567 2142 1662 2193 tutans
1678 2136 1747 2191 insi·

930 2230 992 2298 diis,
1009 2229 1120 2285 inlaesos
1133 2231 1216 2286 faciat
1229 2232 1258 2286 in
1278 2232 1375 2287 matris
1396 2232 1527 2287 Ecclesiae
1546 2231 1654 2303 gremio
1676 2229 1745 2285 resi-

929 2324 1010 2393 dere3
1033 2329 1061 2379 et
1085 2325 1264 2380 conscientiae
1292 2326 1453 2397 integritate
1475 2324 1510 2380 de
1533 2324 1746 2395 regeneratione

929 2418 1093 2487 gaudentes,
1109 2424 1223 2475 aeternae
1238 2418 1447 2489 primitivorum
1459 2419 1599 2487 Ecclesia,
1611 2416 1745 2489 quemad·

928 2511 1045 2566 modum
1064 2512 1209 2568 devotione
1236 2512 1270 2566 ad
1296 2529 1431 2585 praesens,
1459 2513 1497 2567 ita
1519 2510 1746 2568 remuneratione

928 2603 1050 2659 adsociet
1065 2604 1093 2659 in
1108 2610 1263 2687 aeternum3
1279 2611 1306 2661 et
1320 2607 1381 2660 haec
1396 2622 1514 2660 munera
1525 2605 1614 2677 piebis
1627 2621 1685 2659 suae
1700 2603 1748 2658 be-

928 2697 1056 2752 nedicere
1072 2698 1215 2770 dignetur.
1230 2700 1282 2753 Per
1296 2699 1376 2753 llom.

1129 2780 1274 2830 immolatio
1288 2781 1403 2830 clausum
1419 2780 1534 2830 Paschae.
1631 2836 1638 2849 ¹

963 2851 1088 2923 Dignum
1098 2856 1126 2906 et
1130 2852 1239 2922 justum
1252 2857 1304 2921 est,
1313 2853 1503 2908 necessarium
1515 2855 1543 2906 et
1558 2851 1679 2906 salutare
1693 2853 1745 2918 est,

927 2960 978 2998 nos
989 2944 1041 2999 tibi
1052 2945 1155 3016 gratias
1167 2962 1263 3017 agere,
1279 2946 1461 3017 omnipotens
1475 2945 1550 3016 (iicet
1567 2944 1664 3015 gloriae
1687 2946 1745 2998 tua

928 3038 1093 3092 mortalium
1107 3038 1237 3093 membra
1250 3055 1308 3094 non
1316 3036 1750 3111 congruant)redemptionisno-¹

887 3135 992 3211 Cstrae
1001 3132 1136 3202 praeferrc
1148 3133 1298 3203 praeconia.
1316 3133 1387 3187 llum
1398 3132 1547 3188 hominum
1564 3146 1653 3203 genus
1667 3145 1746 3183 man-

927 3225 1050 3295 cipatum
1064 3229 1164 3293 morte,
1173 3225 1330 3280 inferorum
1343 3224 1645 3280 sedibustenebrarum
1654 3221 1746 3277 vincla

926 3318 1139 3388 restringerent,
1157 3319 1281 3388 spiritale
1297 3318 1418 3372 Verbum
1434 3320 1494 3388 (per
1506 3318 1580 3387 quod
1596 3317 1624 3370 in
1638 3315 1744 3386 princi-

926 3410 973 3480 pio
991 3411 1087 3465 omnia
1100 3411 1213 3465 fererant
1224 3411 1383 3481 constituta)
1397 3409 1542 3465 descendit
1562 3409 1592 3463 in
1605 3407 1719 3463 Mariam
1734 3425 1742 3462 τ

927 3520 991 3574 quaa
1004 3504 1073 3558 dum
1087 3508 1201 3575 partum
1218 3520 1300 3558 snum
1323 3503 1407 3575 Virgo
1427 3503 1556 3570 miratur,
1584 3500 1744 3554 inclausum

927 3596 1743 3660 hominemediditlleum.0uaetamentuumesse,summe,

927 3690 1113 3760 omnipotens,
1121 3685 1745 3760 antequamnasceretur,cogn0verat,quippe

926 3800 989 3855 quae
1000 3783 1104 3838 sciebat
1116 3783 1216 3838 mundi
1228 3799 1289 3838 esse
1302 3782 1487 3854 Principium.
1502 3783 1527 3838 ls
1541 3797 1665 3854 namque
1677 3796 1743 3835 cru-

927 3892 987 3930 cem
1003 3879 1157 3947 spontanea
1170 3876 1319 3931 devotione
1328 3879 1444 3947 propter
1455 3874 1682 3947 redemptionem
1692 3873 1745 3928 hu·

928 3969 1005 4023 mani
1025 3968 1146 4040 generis,
1169 3969 1203 4024 de
1228 3969 1346 4024 inimico
1366 3973 1487 4040 tyranno
1507 3969 1744 4040 triumphaturus,

926 4061 1052 4117 ascendit
1066 4078 1072 4116 :
1088 4066 1115 4116 et
1128 4062 1225 4117 relicto
1238 4062 1384 4135 paulisper
1399 4063 1526 4134 corporis
1544 4062 1660 4132 templo,
1675 4061 1744 4116 infe

926 4172 1022 4210 rorum
1039 4152 1135 4228 375
1150 4156 1268 4211 claustm
1277 4155 1469 4228 confringens,
1485 4154 1612 4227 pristina
1628 4153 1744 4224 (ntante

926 4249 1025 4318 fuerat)
1038 4249 1103 4302 vita
1118 4249 1250 4304 restituit.
1267 4250 1322 4304 Nec
1338 4248 1485 4303 suffecerat
1506 4247 1599 4302 solum
1619 4245 1745 4315 hominis

926 4342 1090 4397 emendasse
1103 4346 1266 4412 peccatum;
1281 4343 1329 4397 sed
1344 4357 1396 4412 per
1412 4341 1585 4395 ablutionem
1604 4339 1744 4393 coelestem

927 4439 1046 4502 renatos,
1063 4434 1186 4489 redivivo
1200 4451 1232 4488 ac
1244 4451 1317 4488 novo
1328 4433 1481 4488 nativitatis
1497 4448 1600 4504 genere
1614 4447 1744 4486 remeans

52 4506 86 4557 ut
99 4502 162 4572 ejus
174 4501 341 4556 resurrectio
355 4501 484 4556 vivorum
497 4502 540 4557 vel
561 4505 740 4556 mortuorum
752 4498 916 4580 testimon
927 4529 961 4583 ad
977 4527 1118 4598 originem
1129 4543 1197 4595 Μ,
1211 4543 1264 4581 ,105
1277 4527 1313 4582 ad
1325 4526 1446 4581 eaelestia
1459 4541 1548 4597 regna
1560 4526 1703 4597 perduxit·
1719 4525 1741 4580 0

55 4595 106 4649 nio
134 4593 305 4650 firmaretur.
333 4596 419 4663 Unde,
447 4599 542 4651 sancte
567 4596 659 4662 Pater,
683 4592 876 4663 omnipotens,

56 4692 165 4742 aeterne
178 4688 259 4758 lleus,
273 4704 325 4760 per
347 4690 442 4746 tesam
453 4688 595 4743 Christum
609 4685 712 4742 Filium
726 4690 808 4739 tuum
822 4687 875 4740 ilo-

55 4782 171 4838 minnm
183 4787 311 4838 nostrum
323 4781 476 4854 gloriatibi
489 4797 611 4853 semper,
619 4780 677 4852 qui
688 4779 718 4834 in
731 4784 769 4849 te,
795 4782 824 4834 et
843 4795 877 4834 ex

57 4881 95 4946 te,
111 4878 243 4931 effecum
256 4892 378 4947 semper.
393 4877 481 4940 Quem
496 4881 523 4930 te
534 4875 617 4930 etiam
632 4873 748 4928 laudant
771 4872 876 4945 angeli.

185 4987 280 5042 XXXV.
300 5003 397 5042 incrrir
416 5002 494 5042 uisse
514 5002 621 5043 cerasa·
640 5001 757 5042 rascan.

92 5084 231 5154 Concede,
246 5101 418 5157 quaesumus,
431 5084 610 5155 omnipotens
621 5085 702 5152 ilaus,
717 5087 750 5138 ut
762 5082 812 5154 qni
822 5083 876 5138 ae-

58 5178 241 5233 surrectionis
254 5178 402 5233 dominicae
416 5178 561 5233 sollemnia
575 5177 702 5247 colimus,
725 5192 776 5248 per
794 5176 876 5229 inno·

57 5271 201 5326 rationem
212 5270 255 5327 tui
274 5270 392 5343 Spiritus
412 5289 428 5326 a
453 5274 543 5326 morte
562 5270 664 5325 anime
684 5285 876 5340 resurgamus.

57 5366 112 5421 Per
124 5363 289 5433 Damnum.

314 5433 373 5484 Post
389 5447 496 5496 precem
511 5448 526 5483 a
541 5431 626 5484 missa.

94 5518 192 5594 374
203 5520 276 5575 Deus
287 5518 374 5574 totius
381 5519 515 5574 claritatis
523 5520 652 5575 conditor
665 5522 693 5573 et
705 5517 875 5583 moderator,

10 5662 12 5669 ,
58 5629 143 5686 quem
156 5611 280 5668 caeimtia
288 5611 439 5682 mirantur,
456 5616 485 5667 et
498 5615 610 5668 terrena
623 5611 759 5685 pavitant,
766 5610 878 5665 inferna

927 4621 1085 4689 consilium,
1111 4637 1128 4674 o
1147 4619 1251 4675 divinae
1271 4620 1468 4692 providentiae,
1483 4636 1499 4674 ο
1516 4619 1744 4674 inestimandum

927 4713 1110 4786 reparationis
1121 4713 1279 4768 auxiliuml
1299 4716 1351 4769 i’er
1370 4712 1517 4785 Virginem
1531 4712 1610 4768 nobis
1624 4713 1744 4783 gloriosa

926 4809 983 4863 vita
996 4807 1164 4874 restituitur,
1179 4822 1244 4879 quae
1263 4823 1315 4879 per
1327 4806 1398 4879 ligni
1414 4807 1634 4862 inobedientiam
1651 4807 1746 4861 crede·

926 4906 1010 4960 batur
1021 4905 1154 4960 extincta.
1171 4905 1224 4960 Per
1237 4921 1340 4977 aquam
1353 4904 1453 4960 mundi
1463 4908 1577 4977 peccata
1586 4903 1743 4972 diluuntur,

927 5016 979 5070 por
992 5015 1078 5071 quarn
1096 5002 1161 5053 ante
1180 5003 1308 5054 senserat
1326 4998 1450 5054 mundus
1469 4998 1528 5069 ipse
1551 4995 1743 5067 naufragium.

927 5093 987 5148 Tibi
1000 5109 1079 5164 ergo,
1100 5109 1211 5147 summe
1224 5092 1349 5160 Genitor,
1368 5107 1439 5164 pura
1452 5089 1598 5145 devotione
1608 5089 1744 5145 immacu-

926 5185 1014 5240 latum
1027 5201 1132 5240 munus
1145 5185 1299 5253 offerimus,
1314 5187 1342 5238 et
1365 5182 1517 5238 elevatione
1538 5198 1676 5239 manuum
1691 5199 1743 5238 no·

927 5284 1049 5334 strarum
1068 5280 1151 5351 juxta
1172 5278 1233 5333 Villi
1250 5278 1292 5332 tui
1313 5279 1379 5332 tesu
1395 5276 1499 5332 Christi
1522 5276 1743 5348 dispositionem,

926 5371 1007 5443 pium
1021 5372 1189 5427 sacrificinm
1203 5370 1389 5426 celebramus.
1402 5371 1455 5425 Per
1473 5386 1559 5442 quem
1578 5376 1606 5426 tc
1627 5370 1744 5426 landant

927 5466 1019 5537 angeli
1032 5470 1061 5521 et
1072 5464 1246 5536 archangeli,
1260 5463 1395 5519 dicentes.

968 5559 1074 5613 XXXVI.
1096 5573 1191 5613 incirir
1210 5572 1288 5678 avesq
1308 5573 1482 5678 nqqrnrcinrs
1503 5573 1566 5613 rosr
1585 5571 1697 5612 riseri.

1289 5642 1325 5679 1·ae
1335 5643 1350 5678 a
1362 5641 1396 5677 lo.

57 5707 226 5763 tremiscunt
230 5724 241 5777 ;
251 5706 298 5762 cni
308 5705 474 5777 angelorum
487 5710 589 5762 turmae
603 5711 631 5762 et
642 5704 877 5777 archangelorum
964 5701 1037 5756 ilaus
1051 5700 1100 5773 qni
1109 5700 1139 5756 in
1150 5701 1210 5756 Filii
1223 5700 1265 5757 tui
1278 5700 1437 5756 humilitate
1447 5701 1591 5773 J'ecentem
1602 5694 1743 5750 mundum

58 5801 200 5858 exercitus
212 5799 412 5873 militantum
423 5800 465 5858 uti
472 5801 613 5857 mundum
626 5814 876 5873 expugnes,qnem
928 5793 1052 5867 erexisti,
1059 5794 1188 5853 laetitiam
1197 5792 1455 5852 eoncedefideiihus
1465 5789 1531 5860 tuis,
1546 5792 1579 5845 ut
1590 5803 1661 5863 quos
1676 5804 1741 5862 per-
