3884 6150
198 280 248 337 359

594 274 759 330 aeeututx
778 275 821 330 AB
839 273 951 332 OPERA
968 274 1085 335 surich
1103 280 1253 337 GERMANI
1272 280 1484 339 rahlstutsls.

1832 288 1883 343 360

199 395 328 452 omnium
340 398 505 465 temporum
517 393 682 461 potestates,
697 393 726 443 et
737 388 907 460 onmiajura
915 406 1017 462 regno-
1027 392 1178 477 ,glandem
1192 397 1221 449 et
1235 394 1354 466 gloriam
1372 395 1495 450 nominis
1516 394 1568 451 tui.
1588 395 1642 451 Per
1658 393 1812 451 Dominum
1830 412 1882 452 no-

198 506 274 559 rum,
289 487 397 561 respice
417 483 555 557 propitius
573 482 609 537 ad
628 483 790 538 Romanum
803 480 945 556 benignus
958 484 1013 539 im·

198 583 320 656 perium,
342 585 374 635 ut
389 580 496 650 'gentes
521 591 584 648 quae
607 576 637 630 in
660 592 710 630 sua
727 575 839 633 feritate
858 577 1013 649 confidunt,

199 675 332 750 potentiae
344 679 399 729 tuae
414 672 529 727 dextera
540 667 771 741 conpremantur.

133 798 145 809 ·
236 771 353 825 Oremus
368 770 398 820 et
415 781 466 836 pro
487 762 697 819 catechumenis
717 763 1016 834 nostris5ut1leuset

199 862 332 920 Dominus
345 862 441 914 noster
454 856 598 929 adaperiat
612 873 694 913 aures
707 857 930 929 praecordiorum
943 858 1015 930 ipso

197 972 273 1023 rum,
285 955 462 1027 januamque
475 950 685 1022 misericordias,
699 955 732 1007 ut
746 968 798 1024 per
810 951 955 1007 lavacrum
967 969 1013 1009 re·

199 1046 388 1124 generationis
412 1048 525 1117 accepta
549 1044 714 1101 remissione
736 1045 866 1101 omnium
884 1049 1014 1118 peccato·

198 1160 274 1214 rum,
293 1148 321 1199 et
344 1141 398 1213 ipsi
418 1139 598 1195 inveniantur
621 1139 652 1194 in
675 1139 785 1195 Christo
808 1141 874 1196 lesu
895 1139 1015 1195 Domina

198 1243 305 1295 nostro.

540 1305 670 1360 Oremus.

234 1401 419 1472 omnipotens
428 1397 600 1470 sempiterne
615 1398 697 1468 Deus,
709 1397 759 1469 qui
771 1397 923 1454 Ecclesiam
936 1403 1015 1454 tunm

200 1512 271 1553 nora
285 1509 397 1565 semper
415 1492 492 1563 prole
504 1489 659 1560 faecundas,
675 1507 749 1562 auge
762 1489 849 1547 fidem
862 1495 890 1547 et
903 1492 1014 1548 intelle·

200 1595 277 1648 ctum
292 1585 502 1644 catechumenis
522 1584 635 1654 nostris,
649 1588 682 1639 ut
700 1584 792 1639 renati
811 1583 889 1641 tonte
909 1584 1013 1657 baptis·

199 1684 292 1752 matis,
308 1679 465 1752 adoptionis
479 1683 536 1734 tuae
553 1677 618 1733 tiliis
635 1677 838 1749 adgregentur.
854 1679 906 1734 Per
919 1678 1014 1734 Domi·

199 1792 280 1835 num.

235 1872 363 1935 Oramus,
377 1863 550 1922 dilectissimi
572 1864 664 1935 uobis,
679 1865 769 1921 Deum
789 1866 901 1922 Patrem
920 1866 1014 1922 omni·

199 1968 359 2038 potentem,
382 1963 415 2015 ut
438 1958 546 2015 cunctis
569 1959 709 2014 mundum
733 1962 840 2031 purget
862 1959 1014 2031 erroribus,

199 2058 314 2115 morbos
336 2054 455 2123 auferat,
473 2052 579 2107 tamem
601 2051 731 2125 depellat,
750 2053 860 2126 aperiat
881 2069 1015 2124 carceres,

198 2153 292 2211 vincla
304 2147 454 2216 dissoluat3
466 2145 714 2218 peregrinantibus
727 2146 862 2217 reditum,
872 2147 1018 2202 infirman-

198 2247 274 2303 tibus
288 2243 449 2312 sauitatem,
464 2238 664 2312 navigantibus
681 2243 796 2312 portum
811 2238 909 2297 salutis
921 2240 1015 2297 indul·

201 2343 275 2413 geat.

547 2405 677 2462 Oramus.

236 2501 422 2574 Omnipotens
443 2501 472 2555 et
492 2498 651 2554 misericors
671 2498 753 2566 Deus,
768 2500 936 2554 maestorum
949 2515 1016 2555 con-

199 2596 299 2655 solatio
311 2593 501 2651 laborantium
514 2591 664 2661 fortitudo,
679 2593 848 2664 perveniant
859 2593 895 2648 ad
908 2597 937 2649 te
952 2609 1017 2665 pre-

199 2708 245 2748 ces
257 2692 292 2747 de
305 2703 484 2762 quacumque
497 2685 681 2743 tribulah'one
701 2686 896 2754 clamantium,
910 2692 943 2743 ut
955 2704 1017 2742 om·

199 2802 250 2843 nes
270 2784 323 2840 sibi
342 2783 373 2839 iu
394 2780 606 2837 necessitatibus
627 2779 688 2834 suis
702 2779 925 2836 misericordiam
939 2785 1019 2837 tuam

201 2879 343 2951 gaudeant
354 2875 486 2932 adfuisse.
499 2876 553 2930 Per
568 2873 731 2930 Dominum.

237 2968 335 3045 352
349 2970 469 3025 Oramus
492 2984 545 3039 pro
566 2967 708 3022 haereticis
728 2973 756 3024 et
771 2967 974 3039 schismaticis;
986 2973 1020 3025 ut

200 3064 273 3121 Deus
283 3080 315 3118 ac
328 3061 464 3117 Dominus
477 3064 574 3115 noster
589 3064 669 3116 eruat
682 3076 729 3115 eos
743 3060 778 3115 ab
794 3061 939 3117 erroribus
952 3061 1018 3117 uni·

1064 493 1155 544 strum
1167 488 1263 543 lesum
1272 488 1417 545 Christum
1431 488 1533 546 Filium
1548 493 1643 561 tuum,
1657 490 1707 564 qui
1720 489 1789 546 vivit
1801 494 1831 548 et
1843 506 1883 547 re

1065 585 1134 655 gnat
1148 581 1179 636 in
1191 580 1293 638 saecrrla
1307 582 1487 640 seculorum.

1109 695 1173 749 xix.
1187 709 1251 750 usu
1270 705 1440 753 ommatius·
1459 711 1486 751 ra
1506 710 1589 753 consa
1608 710 1714 766 nomm,
1734 709 1797 751 srva
1814 710 1842 753 rs

1408 783 1537 823 Btuvhh'a.

1100 855 1139 909 Da
1151 854 1243 923 nobis,
1257 855 1385 927 Domine,
1399 861 1545 929 perpetuae
1561 856 1766 914 benedictionis
1780 872 1887 914 munus

1065 948 1203 1019 accipere,
1217 964 1269 1019 pro
1283 949 1387 1021 quibus
1401 950 1570 1022 Unigenitus
1585 955 1652 1007 tuus
1671 951 1763 1023 sputis
1776 928 1887 1020 inlitus,

1064 1041 1170 1112 palmas
1181 1041 1288 1113 accepit
1300 1045 1328 1098 et
1340 1042 1484 1114 colaphos.
1498 1044 1561 1099 Per.

1338 1139 1465 1192 collectio
1479 1139 1604 1205 sequitur.

1100 1214 1228 1291 Respice,
1245 1220 1372 1289 Domine,
1389 1222 1528 1295 propitius
1547 1237 1634 1295 super
1653 1222 1726 1278 hanc
1745 1223 1889 1280 familiam

1064 1317 1153 1381 tuam,
1171 1328 1223 1385 pro
1245 1330 1301 1385 qua
1325 1314 1461 1372 Dominus
1477 1319 1573 1372 noster
1590 1318 1669 1372 lesus
1685 1316 1817 1373 Christus
1831 1333 1887 1373 uon

1065 1405 1202 1462 dubitavit
1218 1407 1349 1462 manibus
1362 1409 1435 1464 tradi
1459 1414 1614 1465 nocentum
1635 1414 1663 1467 et
1682 1409 1775 1466 crucis
1795 1411 1887 1467 subire

1064 1503 1248 1555 tormentum.
1267 1502 1330 1556 Per.

1405 1574 1469 1623 item
1483 1573 1542 1623 alia.

1100 1650 1182 1718 Deus,
1203 1650 1252 1723 qui
1272 1668 1325 1724 pro
1345 1652 1541 1725 redemptione
1562 1658 1659 1710 nostra
1673 1654 1809 1728 accepisti
1824 1671 1888 1710 san·

1065 1742 1182 1815 guinem
1201 1745 1265 1800 lesu
1286 1745 1401 1816 Christi,
1421 1746 1495 1802 solve
1509 1763 1595 1819 opera
1612 1746 1728 1816 diaboli,
1743 1752 1773 1805 et
1790 1764 1892 1805 omnes

1064 1837 1180 1909 laqueos
1196 1838 1340 1910 disrumpe
1362 1840 1480 1911 peccati,
1499 1844 1533 1896 ut
1555 1844 1714 1897 creaturam
1733 1858 1890 1915 regenera-

1065 1931 1149 1986 tionis
1162 1931 1242 1987 nulla
1253 1933 1384 2005 polluant
1397 1932 1527 2005 contagia
1538 1934 1696 1991 vetustatis.

1226 2045 1277 2100 xx.
1298 2061 1361 2101 ura
1381 2060 1531 2102 omrronns
1550 2062 1576 2102 ru
1595 2061 1724 2103 unuani.

1283 2137 1370 2188 Oratio
1384 2137 1417 2187 ad
1429 2137 1551 2188 Secunda
1565 2137 1665 2204 incipit.

1104 2215 1202 2291 353
1215 2218 1483 2288 Commemorantes,
1498 2219 1642 2290 carissimi,
1658 2218 1815 2276 Dominicae
1831 2223 1887 2276 tra·

1067 2311 1179 2367 ditionis
1192 2312 1302 2381 horam,
1315 2330 1373 2386 qua
1383 2313 1456 2369 sicut
1473 2313 1531 2369 ovis
1542 2314 1579 2369 ad
1592 2312 1763 2371 occisionem
1777 2314 1887 2384 ductus,

1066 2409 1095 2461 et
1117 2404 1190 2462 sicut
1211 2423 1303 2478 agnus
1325 2411 1423 2463 tonsus
1444 2407 1664 2465 mansuetudine
1682 2424 1714 2464 os
1732 2424 1820 2464 suum
1833 2423 1889 2464 nou

1067 2498 1208 2570 aperiens,
1222 2499 1257 2555 ad
1270 2516 1384 2555 crucem
1397 2517 1484 2573 quam
1497 2518 1549 2573 pro
1562 2501 1643 2557 nobis
1652 2502 1781 2558 ascendit
1793 2501 1889 2557 volun·

1067 2591 1155 2646 tarius
1170 2592 1336 2664 ducebatur,
1349 2598 1378 2650 et
1391 2593 1501 2650 oblatus
1511 2600 1561 2665 est,
1571 2594 1637 2667 quia
1646 2595 1707 2667 ipse
1719 2594 1822 2666 voluit,
1832 2594 1890 2651 ani·

1067 2700 1129 2740 mas
1150 2690 1261 2742 nostras
1282 2687 1394 2743 Christo
1416 2687 1537 2743 Domino
1558 2690 1614 2744 Oeo
1633 2688 1681 2761 pio
1703 2688 1889 2744 commende·

1068 2794 1143 2850 mus,
1153 2784 1249 2835 nostra
1261 2785 1374 2853 peccata
1384 2785 1465 2855 Agno
1474 2782 1658 2838 immaculato
1668 2781 1891 2855 (quodammodo

1069 2870 1196 2944 figuralis
1214 2878 1364 2946 tangentes
1380 2876 1481 2931 hostiae
1496 2877 1589 2949 caput)
1606 2876 1656 2932 illo
1676 2876 1791 2933 favente
1804 2876 1891 2950 (quod

1069 2966 1112 3022 sui
1126 2982 1195 3038 pace
1217 2967 1324 3023 dictum
1343 2968 1388 3040 sit)
1402 2969 1591 3043 imponamus,
1605 2973 1638 3025 ut
1654 2974 1765 3025 nostras
1779 2970 1890 3043 iniqui·

1069 3067 1150 3135 tates,
1171 3079 1241 3136 quas
1262 3062 1309 3118 ille
1329 3079 1389 3120 non
1408 3062 1518 3134 habuit,
1538 3067 1633 3135 portet
1652 3068 1681 3119 et
1702 3064 1816 3135 perdat.
1837 3064 1892 3130 Oui

200 3156 297 3227 versis,
312 3160 340 3210 et
352 3155 387 3209 ad
406 3156 531 3209 sanctam
545 3157 665 3208 matrem
683 3153 834 3209 Ecclesiam
853 3154 1017 3211 catholicam
1027 3158 1055 3234 C
1067 3173 1133 3214 cum
1147 3160 1230 3213 Patre
1242 3155 1319 3228 risit,
1334 3157 1500 3213 dominatur
1512 3162 1541 3213 et
1554 3160 1666 3230 regnat.

200 3254 286 3325 atque
298 3246 480 3322 apostolicam
491 3261 624 3302 revocare
635 3245 780 3319 dignetur.
791 3248 845 3303 Per
854 3248 1017 3306 Dominum.

550 3341 678 3396 Oremus.

235 3437 419 3510 Omnipotens
441 3434 612 3507 sempiterne
635 3434 717 3506 Deus,
732 3434 782 3506 qui
801 3434 891 3492 salvas
908 3452 1016 3508 omnes,

121 3517 123 3522 ¹
201 3538 230 3592 et
240 3533 386 3591 neminem
406 3531 448 3586 vis
465 3529 569 3603 perire,
585 3528 693 3601 respice
711 3529 747 3584 ad
759 3530 867 3586 animas
882 3530 1018 3586 diabolica

199 3629 299 3685 fraude
319 3627 463 3697 deceptas3
477 3627 510 3679 ut
531 3623 609 3678 omni
628 3623 762 3679 haeretica
781 3625 918 3696 pravitate
931 3624 1016 3697 depo·

202 3723 253 3778 sita
265 3719 439 3791 resipiscant,
455 3722 483 3773 et
495 3717 529 3772 ad
544 3717 670 3773 venatis
688 3721 746 3773 tuse
762 3718 881 3775 redeant
900 3716 1017 3775 tirmite-

201 3819 271 3871 tem.
285 3814 349 3868 Per.

238 3908 357 3963 Oramus
372 3908 400 3960 et
417 3918 468 3976 pro
488 3903 602 3976 perfidis
623 3901 735 3974 ludaeis,
752 3907 783 3959 ut
794 3905 868 3961 [leus
881 3910 910 3962 et
921 3904 1016 3961 Domi·

201 4016 256 4060 nus
270 4003 368 4057 noster
387 3998 496 4053 auferat
513 3997 640 4053 velamen
664 3998 699 4053 de
718 3997 850 4054 cordibus
863 4015 973 4071 eorum,
986 4001 1020 4055 ut

201 4102 230 4156 et
243 4095 298 4170 ipsi
315 4095 487 4167 cognoscant
504 4093 600 4147 lesum
618 4090 762 4148 Christum
781 4091 933 4149 Dominum
951 4109 1017 4149 nos-

201 4196 289 4250 trum.
304 4188 358 4255 Qui
372 4186 480 4245 visitet
492 4203 554 4258 reg.

546 4280 674 4336 Oremus.

234 4379 417 4452 Omnipotens
431 4375 604 4449 sempiterne
620 4374 705 4441 Deus,
716 4371 766 4445 qui
776 4370 862 4428 etiam
871 4370 1018 4429 iudaicam

1321 3257 1385 3306 Item
1400 3255 1482 3306 oratio
1496 3255 1529 3305 ad
1540 3255 1634 3307 Tertla.

1104 3342 1126 3397 0
1140 3342 1187 3414 pia
1199 3343 1248 3398 Dei
1261 3341 1317 3399 vivi
1329 3341 1483 3415 Sapientia,
1497 3346 1558 3397 otu
1574 3341 1670 3397 vivum
1682 3339 1786 3397 oeterni
1800 3340 1891 3397 Patris

1067 3434 1117 3492 Dei
1139 3435 1346 3509 sempiternum
1373 3435 1508 3504 Verbum,
1531 3436 1761 3508 sempiternaque
1784 3433 1890 3506 Virtus,

1067 3529 1133 3603 quia
1154 3534 1182 3586 et
1198 3531 1370 3602 sempiterna
1384 3528 1532 3601 nativitas3
1553 3529 1601 3602 qui
1618 3527 1787 3602 sempiterni
1801 3526 1892 3585 Patris

1068 3625 1256 3696 sempiternus
1269 3623 1354 3680 Filius
1369 3624 1418 3680 Oei
1432 3627 1499 3679 eset
1510 3624 1598 3694 Oeus;
1612 3627 1693 3680 extra
1705 3638 1797 3696 quem
1808 3622 1889 3695 nihil,

1068 3723 1096 3774 et
1108 3735 1160 3790 per
1173 3734 1259 3791 quem
1272 3734 1357 3774 omne
1365 3736 1373 3788 3
1388 3718 1419 3773 iu
1433 3734 1490 3790 quo
1505 3718 1582 3791 quod
1599 3723 1640 3775 est
1656 3721 1769 3774 constat
1776 3735 1786 3789 ς
1798 3717 1849 3790 qui
1861 3732 1890 3773 aa

1068 3812 1141 3868 Deus
1154 3829 1239 3886 super
1249 3829 1310 3884 nos,
1320 3817 1348 3868 et
1357 3812 1445 3868 homo
1456 3816 1574 3885 propter
1582 3830 1633 3869 uos
1640 3829 1649 3883 ;
1658 3828 1710 3884 pro
1718 3810 1890 3868 nobisenim

1068 3906 1143 3979 quod
1165 3923 1216 3962 nos
1238 3922 1297 3962 esse
1319 3906 1446 3976 voluisti3
1473 3906 1604 3962 danobis
1622 3906 1698 3980 quod
1720 3904 1890 3978 promisisti,

1068 3999 1103 4055 da
1115 4000 1206 4071 nobis,
1222 4000 1349 4072 indignis
1361 3999 1437 4069 licet,
1451 4001 1527 4074 quod
1548 4000 1681 4057 omuibus
1698 4000 1892 4057 communiter

1067 4092 1205 4163 obtulisti,
1218 4092 1379 4166 passionem
1399 4093 1503 4151 scilicet
1520 4098 1610 4163 tuam,
1625 4097 1755 4150 nostram
1774 4109 1837 4150 esse
1854 4091 1890 4148 li·

1067 4184 1216 4255 bertatem,
1231 4191 1259 4243 et
1277 4191 1357 4244 tuam
1379 4193 1501 4244 mortem
1520 4192 1646 4245 nostram
1666 4203 1727 4244 esse
1748 4187 1850 4259 sitam,
1863 4186 1892 4242 et

1067 4285 1146 4337 tuam
1168 4297 1292 4353 crucem,
1305 4284 1431 4338 nostram
1453 4298 1513 4340 esse
1532 4281 1752 4355 redemtionem,
1767 4287 1891 4340 ettuum

1067 4375 1170 4431 vulnus
1188 4379 1314 4431 nostram
1331 4392 1391 4431 esse
1408 4376 1558 4433 sanitatem
1566 4393 1575 4447 ς
1586 4379 1621 4431 ut
1635 4374 1737 4433 ‘tecum
1749 4370 1891 4443 crucifixi,

201 4474 351 4548 perfidiam
364 4477 413 4528 tua
427 4468 620 4526 misericordia
632 4484 691 4523 non
704 4466 828 4540 repellis,
841 4467 945 4523 exaudi
956 4485 1018 4541 prc-
1067 4473 1116 4525 tuo
1130 4469 1204 4525 dono
1226 4483 1337 4526 sursum
1355 4469 1513 4527 exaltemur
1528 4470 1565 4528 ad
1581 4471 1694 4528 Patrem
1706 4474 1805 4528 tutam.
1819 4470 1891 4527 Cum

202 4583 248 4623 ces
260 4570 379 4633 nostras,
393 4581 462 4636 quas
475 4580 526 4636 pro
540 4563 614 4618 iilius
628 4560 729 4635 populi
743 4560 931 4617 obcaecatione
945 4532 1057 4617 defo-D
1068 4579 1125 4636 quo
1137 4563 1237 4620 beatus
1251 4564 1320 4620 viris
1334 4567 1362 4621 et
1375 4580 1478 4637 regnas
1491 4564 1532 4622 in.

201 4656 292 4716 rimus
298 4677 307 4728 ;
326 4663 358 4713 ut
379 4656 474 4728 agnita
496 4657 623 4712 veritatis
641 4660 699 4712 tuae
720 4656 794 4725 luce,
808 4672 871 4730 quae
891 4655 1018 4713 Christus

203 4758 256 4821 est,
269 4769 285 4807 a
297 4750 355 4807 suis
369 4748 492 4805 tenebris
505 4752 654 4805 eruantur.
667 4751 730 4804 Per.

238 4848 357 4903 Oremus
371 4846 399 4900 et
411 4858 463 4916 pro
476 4841 605 4914 paganis,
618 4845 652 4898 ut
664 4843 738 4897 Deus
752 4843 931 4915 omnipotens
943 4842 1019 4900 anie

203 4946 247 4998 rat
259 4941 358 5012 iniqua
371 4939 406 4994 de
420 4934 550 4992 cordibus
563 4950 678 5004 eorum;
694 4938 722 4990 et
734 4934 838 4991 relictis
853 4936 936 4992 idolis
948 4937 1016 5006 suis,

204 5037 404 5090 convertantur
416 5031 451 5087 ad
460 5031 550 5086 ileum
558 5044 669 5098 verum,
679 5032 708 5083 et
715 5028 833 5084 unicum
843 5029 946 5087 Filium
957 5031 1019 5103 ejus

201 5129 298 5184 lesum
310 5127 462 5193 Christum,
477 5140 543 5180 cum
565 5138 622 5196 quo
639 5121 709 5177 vivit
725 5126 753 5178 et
764 5125 866 5194 regnat
877 5141 942 5180 cum
955 5125 1018 5197 Spi-

203 5221 262 5278 ritu
274 5224 368 5276 sancto
381 5220 526 5275 insaecula
539 5216 718 5274 seculorum.

550 5312 680 5369 Oremus.

239 5403 423 5476 Omnipotens
447 5401 618 5473 sempiterne
641 5398 795 5472 tuensqui
817 5414 875 5454 non
898 5402 1019 5454 mortem

203 5503 393 5575 peccatorum,
419 5495 467 5551 sed
492 5495 580 5551 vitam
610 5510 723 5567 semper
749 5491 881 5566 inquiris,
910 5493 1019 5565 suscipe

201 5593 343 5669 propitius
359 5589 516 5647 orationem
534 5590 674 5658 nostram3
688 5592 716 5643 et
734 5586 823 5644 libera
842 5587 936 5644 eosab
956 5587 1018 5644 ido·

201 5690 295 5748 lorum
309 5687 428 5756 cultura,
448 5687 477 5740 et
495 5682 621 5755 adgrega
638 5679 765 5736 Ecclesiae
787 5687 845 5739 tue
865 5687 969 5741 sanctae
984 5681 1020 5738 ad

150 5794 154 5801 Ι
239 5828 375 5885 *Eadem
385 5823 526 5885 orationes
538 5822 568 5880 in
581 5819 698 5879 Gothico
711 5820 748 5877 ad
762 5819 863 5878 teriam
872 5824 899 5880 6.

1360 4661 1446 4714 Oratio
1460 4662 1493 4714 ad
1507 4663 1591 4714 Sexta

1101 4745 1210 4808 Christe
1221 4745 1304 4815 Deus,
1314 4747 1427 4803 Adonae
1437 4763 1551 4820 magne,
1562 4763 1614 4803 nos
1623 4750 1720 4804 tecum
1730 4747 1888 4821 quasibuic

1068 4840 1175 4895 mundo
1187 4838 1332 4912 crucifige,
1347 4843 1380 4896 ut
1393 4841 1451 4897 rita
1462 4845 1512 4897 tua
1529 4841 1561 4897 iu
1572 4841 1655 4898 nobis
1667 4841 1719 4911 sit;
1735 4846 1888 4914 nostraque

1067 4937 1181 5006 peccata
1195 4937 1320 5005 superte
1339 4951 1425 5006 poue,
1438 4939 1472 4992 ut
1483 4951 1516 4992 ea
1529 4934 1677 5008 crucifigas
1681 4953 1691 5006 ;
1704 4951 1760 4992 nos
1775 4951 1888 5010 quoque

1068 5026 1104 5082 ad
1124 5033 1152 5083 te
1174 5026 1268 5099 ipsum
1286 5027 1377 5100 trahe,
1401 5045 1467 5084 cum
1488 5046 1540 5101 pro
1559 5029 1641 5085 nobis
1660 5029 1805 5086 exaltatus
1823 5046 1888 5087 esa

1068 5125 1153 5186 terra,
1167 5124 1199 5176 ut
1212 5138 1264 5177 nos
1277 5121 1381 5194 eripias
1393 5123 1428 5178 ab
1441 5123 1570 5180 adultero
1583 5127 1705 5197 tyranno
1719 5140 1726 5179 :
1742 5124 1814 5198 quia
1824 5124 1889 5180 licet

1067 5231 1153 5271 carne
1166 5220 1194 5271 et
1215 5215 1289 5272 vitiis
1308 5216 1418 5273 diabolo
1430 5217 1508 5273 noxii
1520 5234 1628 5287 sumus,
1641 5217 1694 5275 tibi
1705 5222 1817 5290 umen,
1831 5233 1888 5275 non

1067 5308 1120 5379 itti,
1137 5313 1267 5382 optamus
1279 5310 1398 5381 servire3
1414 5315 1443 5367 et
1457 5312 1509 5368 sub
1523 5316 1572 5369 tuo
1585 5312 1652 5384 jure
1666 5312 1763 5369 vivere
1776 5312 1887 5369 deside·

1068 5419 1175 5475 mmus,
1189 5408 1245 5460 ete
1258 5408 1286 5460 te
1299 5404 1452 5476 gubernari
1466 5422 1611 5479 rogamus,
1621 5406 1673 5478 qui
1685 5422 1740 5463 nos
1752 5407 1889 5462 mortales

1069 5500 1097 5553 et
1109 5513 1126 5552 a
1139 5501 1231 5556 morte
1250 5497 1359 5554 invasos
1375 5516 1428 5572 per
1448 5505 1571 5557 mortem
1591 5500 1683 5557 crucis
1702 5500 1828 5559 liberare
1841 5515 1889 5556 vo·

1068 5589 1156 5648 luisti.
1169 5594 1222 5648 Pro
1241 5608 1298 5665 quo
1318 5592 1456 5666 singulari
1467 5593 1605 5651 beneficio
1619 5594 1758 5652 hodierna
1769 5595 1824 5652 tibi
1837 5611 1890 5651 uo·

1069 5686 1126 5741 stra
1137 5684 1291 5744 famulatur
1304 5685 1430 5760 devoti05
1443 5692 1529 5763 teque
1545 5704 1623 5747 nuuc
1641 5688 1729 5749 hodie
1746 5688 1890 5765 supplices
