3884 6150
202 283 253 337 975

706 327 710 337 .
770 272 899 331 SAECULl
918 264 1012 329 SEXTl
1033 270 1310 330 survtntieuvuh.

1838 272 1885 323 9ῖό

199 389 323 459 rumpat,
339 385 473 458 nequead
484 384 664 456 proferendas
676 383 919 454 blasphemiaseos
933 383 1015 438 indu·
1028 386 1095 467 Aet
1109 382 1177 438 illud
1191 382 1337 452 habemus,
1352 381 1603 452 imperialibusque
1619 380 1648 434 id
1664 379 1778 450 legibus
1795 394 1887 432 corro-

201 487 254 550 cat,
270 497 362 552 neque
376 482 474 534 eontra
490 494 555 532 vera
577 479 709 548 dogmata
727 476 794 531 novi
814 477 919 548 aliquid
934 477 1012 531 inve·

200 575 270 642 nial,
285 591 337 646 per
352 573 426 644 quod
444 572 537 626 dorsuo
560 571 640 625 uobis
660 574 848 626 sacrosanctas
864 570 1016 642 pertubare

201 669 311 724 studeat
324 665 465 720 Ecclesias.

237 761 290 816 Sed
313 775 404 829 neque
425 761 549 825 Petrum,
573 759 621 830 qui
639 763 770 830 Apameae
784 759 932 831 episcopus
952 758 1014 824 luit,

200 858 340 910 remotum
354 869 370 905 a
384 852 474 922 gradu
495 852 694 920 ecclesiastico,
711 857 739 906 et
752 850 852 906 iisdem
868 853 901 905 de
916 851 1015 919 causis,

199 945 385 1019 quamobrem
410 945 538 1011 Severus,
562 947 741 1000 anathemate
763 946 804 1016 (ut
823 945 933 1017 vocant)
956 961 1017 1016 per-

201 1056 324 1109 cussum,
357 1040 487 1110 majestas
521 1039 703 1109 imperatoria
732 1039 865 1094 admittit.
881 1040 934 1095 Sed
958 1045 1017 1094 rata

196 1138 284 1188 sunto
306 1133 392 1188 etiam
411 1149 475 1204 quae
500 1132 633 1186 adversus
654 1133 747 1203 ipsum
768 1132 879 1187 decreta
895 1137 976 1186 sunt:
990 1136 1018 1186 et

200 1226 439 1299 quemadmodum
457 1225 507 1279 sub
524 1225 655 1297 gerrerale
666 1227 817 1280 anathema
826 1225 954 1279 redactus
964 1228 1015 1290 est,

198 1322 279 1376 itaet
301 1321 429 1375 redactus
450 1323 519 1388 esto,
541 1320 680 1373 sententia
702 1336 765 1390 quaa
784 1319 818 1373 de
842 1319 885 1373 his
909 1319 976 1389 ipsis
1001 1336 1016 1372 a

198 1413 381 1470 sanctissimis
398 1412 516 1467 summis
533 1412 713 1484 pontilicibus
728 1411 861 1482 processit
877 1414 938 1466 rata
951 1429 1015 1482 per-

199 1512 340 1564 manente.
356 1510 395 1561 Ac
410 1522 502 1578 neque
517 1506 559 1560 illi
572 1505 762 1577 permittimus
779 1510 809 1559 ut
822 1506 895 1559 hanc
909 1504 1018 1577 regiam

198 1601 312 1669 urbem,
328 1601 421 1672 ejusve
435 1599 570 1666 confinia,
589 1601 639 1653 aut
653 1599 877 1671 praestantiorem
893 1599 1018 1669 aliquam

199 1696 339 1752 civitatem
355 1695 466 1763 incolat,
482 1694 529 1747 sed
542 1709 665 1764 quorum
685 1698 797 1747 secutus
816 1697 858 1748 cst
880 1710 1016 1762 errorem,

1065 478 1209 545 boramus,
1222 476 1339 548 perinde
1349 476 1426 547 quasi
1437 475 1471 529 ab
1482 475 1542 546 ipsa
1549 474 1695 545 majestate
1705 473 1888 544 imperatoria

1067 573 1225 644 prodiisset.
1240 570 1319 635 Quod
1334 569 1431 641 siquis
1445 586 1544 624 eorum
1558 569 1692 622 adversus
1708 567 1771 621 brec
1786 571 1887 620 statuta

1066 665 1297 737 deprehendatur
1310 663 1575 733 delinqueret,sciat
1583 658 1658 733 quod
1669 663 1700 716 in
1709 660 1808 715 civiles
1816 660 1886 730 leges

1066 759 1181 827 incidet,
1194 775 1258 829 qua*¹
1278 758 1307 811 iu
1326 758 1464 827 majorem
1480 755 1704 827 indignationem
1721 758 1752 809 et
1764 752 1885 807 animad-

1067 853 1225 907 versionem
1240 851 1394 922 conjieiuut
1408 867 1455 905 cos
1474 850 1524 921 qui
1545 866 1642 921 peenas
1663 848 1787 902 leviores
1805 847 1884 901 decli-

1066 951 1146 1002 nant.
1161 947 1255 1001 Povno
1273 944 1404 1000 omuibus
1423 944 1473 1016 qui
1495 944 1537 998 vel
1555 943 1713 997 secuudum
1731 941 1885 996 doctrinam

1067 1038 1337 1107 dementisNestorii,
1348 1039 1390 1093 vel
1401 1037 1558 1092 secuudum
1566 1037 1698 1092 stolidam
1706 1035 1885 1091 traditionem

1067 1133 1239 1206 Eutychetis,
1255 1133 1297 1187 vel
1310 1132 1465 1187 seeundum
1480 1131 1583 1201 Severi,
1596 1131 1646 1203 qui
1663 1131 1744 1186 idem
1758 1144 1824 1183 cum
1838 1129 1887 1183 illis

1067 1227 1161 1296 sentit,
1172 1232 1220 1281 aut
1233 1227 1292 1280 illos
1303 1225 1482 1297 sequentium
1494 1224 1713 1296 blasphemiam,
1723 1223 1885 1277 catholicam

1067 1322 1116 1376 Dei
1144 1321 1293 1376 Ecclesiam
1312 1324 1450 1374 conantur
1472 1319 1618 1388 divellere,
1643 1317 1833 1389 prohibemus
1854 1334 1885 1370 ne

1068 1414 1207 1470 tumultus
1218 1413 1346 1468 Ecclesiis
1357 1413 1521 1481 immittant,
1531 1418 1580 1468 aut
1593 1412 1626 1467 de
1639 1411 1697 1466 lide
1710 1410 1820 1482 aliquid
1833 1410 1883 1464 dis-

1068 1511 1172 1564 serant.
1186 1508 1240 1564 Sed
1255 1507 1397 1562 sancimus
1418 1512 1449 1562 ut
1469 1506 1666 1578 unusquisque
1689 1521 1792 1559 eorum
1806 1504 1883 1558 silea·

1067 1602 1138 1656 tium
1154 1607 1230 1673 agat,
1247 1606 1274 1655 et
1287 1616 1379 1672 neque
1394 1600 1465 1655 ullos
1476 1601 1606 1655 inunum
1618 1601 1788 1667 convocent,
1800 1613 1884 1668 neque

1067 1697 1202 1750 adeuntes
1217 1694 1469 1766 1·eeipiaut,neque
1482 1693 1642 1766 improbato
1653 1708 1737 1746 mora
1750 1691 1883 1762 baptizare

199 1790 298 1846 horam
312 1788 531 1843 imiteturetiam
539 1786 566 1840 iu
574 1787 703 1858 degenda
711 1786 765 1841 rita
773 1786 921 1853 rationem,
930 1803 1016 1857 quam
1027 1774 1056 1846 Β
1068 1795 1116 1844 aut
1128 1786 1631 1853 sacramcommunionemdelcedare,
1639 1784 1882 1855 etaliquibuscam

198 1881 405 1955 longissimeab
413 1881 562 1935 hominnm
571 1880 772 1935 cousuetudine
784 1883 920 1947 remotus,
931 1897 1016 1951 seque

199 1977 294 2050 ipsum
307 1974 423 2030 latebris
437 1974 588 2029 occultans.
604 1973 751 2045 Siquidem
765 1973 855 2029 multo
870 1973 1014 2044 praestabi-

198 2071 253 2126 lius
267 2076 309 2126 est
322 2071 377 2125 hoc
390 2085 480 2141 genus
502 2067 652 2123 hominum
673 2067 792 2136 latitare,
807 2083 893 2138 quam
916 2067 945 2121 in
961 2084 1014 2139 pu-

197 2164 270 2220 blica
284 2165 347 2219 luce
368 2167 432 2217 ante
456 2161 583 2216 omniurn
598 2161 695 2215 oculos
709 2161 826 2216 versari.
851 2160 920 2215 Nam
934 2159 956 2213 si
973 2162 1014 2214 la·

198 2258 292 2326 theut,
308 2257 360 2311 sibi
378 2257 445 2327 ipsis
466 2255 664 2310 tantummodo
683 2259 767 2309 erunt
786 2255 976 2322 incommodi;
993 2253 1013 2307 si

198 2365 265 2407 vero
276 2351 409 2422 dogmata
423 2367 473 2404 sua
482 2349 637 2420 publicent,
647 2351 675 2403 et
683 2349 768 2419 vulgo
779 2348 931 2419 proferant,
940 2347 1013 2401 mul-

197 2445 234 2500 tis
248 2443 465 2515 simplicioribus
479 2443 653 2497 occasionem
668 2442 796 2512 praebent
807 2442 841 2496 ad
856 2441 1013 2496 interitum.

198 2539 277 2604 Quod
290 2537 403 2610 (pridem
420 2542 449 2590 ut
462 2535 653 2607 aliquomodo
665 2534 695 2589 iu
709 2535 869 2590 Christiano
885 2534 931 2589 Dei
947 2534 1015 2589 ovili

197 2638 226 2690 ct
240 2633 285 2704 pio
298 2635 429 2703 recteque
446 2629 583 2684 sentiente
606 2629 711 2701 populo
726 2629 846 2698 eveniat,
861 2645 954 2699 neque
965 2628 1013 2698 ju-

197 2733 272 2784 stum
288 2733 339 2788 cst,
356 2741 447 2796 neque
458 2741 475 2777 a
487 2725 633 2794 majestate
653 2722 834 2794 imperatoria
857 2723 1014 2777 conceden-

198 2821 276 2878 dum.
291 2819 360 2886 Quia
375 2836 439 2874 vcro
453 2825 481 2873 ct
500 2819 617 2873 Zoroam
638 2816 770 2888 religiose
791 2816 877 2871 simul
896 2822 924 2871 et
939 2816 1015 2885 juste

193 2910 1014 2986 judicantesepiscopidignumputaveruutqucmomnino

197 3008 250 3062 sub
263 3008 414 3060 anathema
427 3005 598 3072 redigerent,
611 3008 642 3058 ut
655 3005 704 3075 qui
726 3005 811 3059 veluti
826 3004 910 3059 breve
925 3003 1014 3075 quod·

197 3101 262 3158 dum
273 3100 497 3155 additamentum
508 3104 581 3151 esset
594 3099 732 3167 ejusmodi
743 3098 892 3164 malorum,
903 3098 938 3151 ad
951 3114 1014 3168 (prim

197 3193 358 3270 peragenda
368 3191 595 3264 promptissimus
605 3191 846 3263 luit,etmagnam
855 3192 1015 3245 facultatem

196 3287 306 3356 habuit,
321 3304 358 3342 ue
371 3285 486 3341 omuino
504 3285 671 3340 memoriam
692 3285 731 3339 illi
756 3285 925 3351 adimamus,
940 3285 1015 3356 quod

197 3383 292 3456 aliqua
305 3381 334 3436 in
349 3397 379 3436 rc
391 3380 521 3434 facultate
537 3380 671 3450 praeditus
683 3379 853 3434 lueritzesto
866 3395 931 3433 saue
943 3380 1012 3433 Zoo·

195 3495 241 3535 ras
255 3477 339 3532 etiam
360 3475 497 3547 particule
517 3474 602 3544 hujus
627 3473 670 3544 (de
694 3473 842 3542 Arithimo,
866 3473 966 3528 Severo
987 3475 1015 3527 et

196 3573 277 3630 Petro
293 3568 445 3642 loquimur)
461 3569 520 3622 leve
534 3567 678 3638 quoddam
689 3567 923 3636 additamentum,
936 3571 964 3622 et
975 3566 1014 3620 in·

196 3670 241 3722 ter
255 3682 304 3720 eos
325 3664 373 3736 qui
396 3663 576 3716 anathemate
599 3661 687 3715 notati
707 3666 783 3726 suut,
800 3667 828 3716 et
849 3660 1013 3716 sacerdotali

197 3760 399 3829 contraipsum
416 3756 524 3827 prolata
539 3756 677 3810 sententia
692 3755 750 3827 ipse
765 3772 878 3826 quoque
894 3755 1012 3810 colloca-

197 3857 253 3919 tor,
270 3868 355 3924 quam
374 3848 485 3903 tametsi
500 3865 551 3918 per
569 3865 599 3902 se
622 3849 688 3903 satis
702 3848 852 3916 valentem,
867 3848 956 3903 multo
970 3852 1014 3902 ta-

197 3959 264 4001 men
280 3943 373 3999 adhuc
383 3941 564 3996 valentiorem
578 3941 670 3996 reddit
683 3942 811 4011 majestas
823 3942 1012 4013 imperatoria,

197 4055 263 4114 quae
279 4037 359 4109 regia
378 4036 430 4091 hac
449 4035 519 4089 urbe
541 4035 634 4105 ipsum
650 4035 774 4106 expellit,
797 4036 911 4107 ejusque
926 4035 1013 4090 confi·

197 4135 251 4191 uiis
266 4138 294 4188 ct
306 4130 421 4186 rubium
437 4129 560 4184 incolatu
574 4128 753 4183 omnifariam
766 4129 791 4182 ci
808 4128 951 4183 interdicit
966 4134 1015 4184 :ut

198 4244 264 4285 cum
280 4227 345 4283 solis
361 4225 415 4279 illis
429 4241 499 4296 quos
518 4227 584 4278 ante
603 4221 806 4298 recensuimus,
826 4223 860 4277 ad
882 4224 1013 4278 eumdem

197 4322 313 4379 modum
325 4318 597 4390 blasphemantibus,
613 4317 647 4371 ad
663 4316 795 4372 eumdem
820 4333 932 4388 quoque
950 4334 1012 4371 mu-

197 4418 265 4475 duur
286 4413 425 4486 relegatis,
453 4412 559 4466 habitet
582 4416 731 4483 captetque
746 4411 870 4466 consilia.
895 4411 922 4466 Si
946 4412 1012 4482 quid

1065 1882 1244 1952 distribuere,
1261 1886 1309 1936 aut
1322 1882 1419 1936 vetitas
1435 1880 1576 1936 doctrinas
1595 1880 1753 1950 explanare
1768 1877 1883 1933 audeaut

1066 1977 1109 2031 vel
1122 1976 1151 2030 in
1166 1975 1244 2048 regia
1263 1992 1294 2030 ac
1315 1979 1412 2030 nostra
1433 1974 1514 2044 urbe,
1528 1975 1571 2029 vel
1593 1973 1659 2042 alia,
1675 1972 1727 2027 sed
1742 1971 1814 2027 nibil
1831 1986 1883 2025 nou

1065 2069 1185 2143 periculi
1209 2074 1403 2138 revereantur,
1431 2068 1454 2122 si
1476 2067 1544 2140 quid
1568 2067 1622 2123 tale
1650 2065 1882 2138 perpetraverint.

1065 2163 1203 2220 Omnibus
1215 2163 1333 2234 iusuper
1346 2162 1533 2234 prohibemus
1546 2178 1581 2216 nc
1593 2161 1658 2233 quis
1668 2161 1750 2216 huuc
1763 2159 1883 2230 recipiat.

1065 2257 1138 2322 Quin
1151 2257 1246 2328 potius
1260 2256 1402 2311 sancimus
1420 2261 1452 2311 ut
1472 2273 1507 2311 ex
1524 2255 1644 2311 urbibus
1657 2254 1760 2324 etiam,
1774 2269 1838 2325 quae
1854 2252 1885 2306 ab

1065 2351 1134 2422 ipsis
1144 2352 1327 2417 seducuntur,
1342 2349 1457 2421 ejiciant
1472 2367 1478 2404 :
1494 2349 1611 2404 scientes
1628 2365 1731 2421 poenas
1744 2348 1829 2402 sacris
1841 2362 1885 2401 no

1065 2446 1130 2499 stris
1149 2445 1209 2514 jani
1229 2444 1446 2514 comprehensas
1461 2442 1720 2512 constitutionibus,
1737 2458 1802 2513 quae
1818 2441 1886 2512 ipsas

1066 2537 1152 2592 etiam
1177 2538 1279 2592 domus
1292 2538 1321 2591 in
1337 2537 1440 2609 quibus
1452 2537 1505 2591 tale
1518 2535 1585 2607 quid
1598 2535 1759 2607 peragitur,
1773 2539 1802 2590 et
1815 2551 1884 2606 pra·

1065 2631 1110 2687 dia
1124 2648 1157 2686 ex
1179 2632 1281 2702 quibus
1302 2630 1439 2685 alimenta
1457 2630 1686 2701 suppeditantur,
1705 2628 1886 2684 sacrosanctis

1065 2725 1200 2781 addicunt
1213 2724 1353 2792 Ecclesiis,
1364 2724 1422 2779 suis
1431 2723 1580 2778 adimenda
1592 2722 1813 2795 possessoribus,
1824 2722 1884 2792 quia

1065 2819 1284 2892 siurplicioribus
1303 2836 1416 2874 causam
1437 2817 1505 2872 mali
1523 2817 1663 2889 praebent3
1685 2817 1799 2889 optimo
1824 2832 1884 2871 vero

1061 2912 1127 2984 jure
1137 2915 1188 2968 sub
1199 2912 1356 2968 dominium
1369 2915 1609 2967 sacrosanctarum
1627 2927 1676 2965 eas
1703 2911 1883 2965 Ecclesiamm

1064 3007 1242 3062 deducentes.
1264 3008 1327 3062 llaec
1342 3024 1392 3062 nos
1417 3023 1468 3078 pro
1483 3005 1630 3061 communi
1643 3009 1884 3059 sacrosanctarum

1065 3101 1251 3155 Ecclesiarum
1267 3118 1335 3172 pace
1347 3101 1500 3167 sancimus,
1515 3100 1574 3154 buc
1590 3099 1775 3154 decernimus
1785 3104 1884 3153 sancto

1065 3207 1130 3246 rum
1143 3193 1256 3246 Petrum
1269 3190 1381 3245 decreta
1393 3189 1492 3259 secuti,
1508 3195 1540 3245 ut
1554 3205 1652 3243 omues
1673 3190 1710 3243 de
1726 3194 1831 3243 caetero
1842 3205 1882 3241 sa-

1065 3285 1191 3340 cerdotes
1211 3284 1263 3338 sub
1287 3283 1490 3354 tranquillitate
1513 3287 1542 3337 et
1562 3283 1658 3354 quiete
1676 3287 1881 3353 permancant:

1064 3379 1166 3451 quibus
1186 3377 1253 3449 ipsis
1273 3377 1301 3431 iu
1315 3394 1383 3448 pace
1402 3377 1582 3443 conservatis,
1597 3377 1708 3448 reliqua
1724 3378 1812 3431 etiam
1832 3375 1880 3429 rei·

1065 3473 1185 3544 publicas
1198 3472 1289 3543 portio
1308 3471 1389 3526 uobis
1403 3472 1565 3543 pergliscet,
1582 3487 1649 3541 pace
1664 3470 1793 3541 desuper
1811 3469 1880 3540 rige·

1064 3573 1169 3633 scente,
1183 3582 1268 3637 quam
1283 3567 1414 3620 omuibus
1427 3581 1548 3636 magnus
1562 3565 1607 3619 ille
1620 3565 1698 3618 Deus
1712 3569 1743 3618 et.
1762 3567 1883 3620 servator

1064 3667 1160 3716 noster
1171 3662 1250 3716 lesus
1265 3660 1403 3729 Christus,
1411 3676 1484 3714 unus
1495 3660 1529 3713 de
1541 3658 1691 3725 Trinitate,
1704 3658 1881 3729 unigenitum

1064 3755 1113 3810 uei
1127 3755 1256 3823 verbum,
1271 3759 1329 3809 tam
1345 3753 1481 3825 praedicat
1493 3768 1578 3824 quam
1595 3751 1764 3823 suppeditat
1778 3751 1822 3806 his
1841 3750 1880 3822 qui

1064 3854 1165 3905 vereet
1174 3848 1314 3904 exanimo
1327 3847 1484 3919 glorificare
1497 3846 1592 3917 ipsum
1602 3850 1631 3901 et
1640 3845 1764 3899 adorare
1773 3844 1881 3916 dignan-

1064 3950 1120 4000 tur.
1131 3944 1198 4007 Ouae
1213 3942 1301 4015 igitur
1314 3945 1389 3997 recte
1406 3940 1486 3996 uobis
1498 3941 1681 4012 placuerunt,
1696 3954 1732 3993 ea
1744 3938 1880 3994 beatitudo

1063 4043 1112 4094 tua
1135 4042 1306 4101 comervato,
1329 4041 1356 4091 et
1380 4035 1414 4090 ad
1439 4035 1569 4089 ellectum
1596 4032 1744 4102 deducito,
1767 4049 1818 4104 per
1839 4031 1879 4084 llei

1063 4136 1191 4188 amantes
1205 4148 1268 4186 suas
1283 4131 1390 4185 litteras
1404 4147 1438 4185 ea
1453 4127 1585 4183 omuibus
1606 4127 1661 4181 sub
1675 4144 1704 4182 sa
1729 4126 1877 4182 constitutis

1064 4225 1279 4298 religiosissimis
1297 4223 1522 4296 metropolitanis
1543 4222 1752 4277 transmittens.
1763 4222 1877 4286 Quorum

1065 4320 1217 4392 uuicuique
1236 4336 1312 4374 curae
1326 4319 1381 4373 erit
1400 4316 1582 4372 saerosanctis
1601 4316 1655 4370 sub
1676 4331 1707 4370 sc
1728 4313 1877 4371 constitutis

1064 4415 1191 4471 Ecclesiis
1204 4414 1424 4469 haecnmuilesta
1436 4412 1580 4479 facerent
1590 4411 1743 4465 neminem
1760 4409 1876 4464 omnium

195 4516 333 4586 practerea
348 4506 425 4562 aliud
436 4522 549 4577 quoque
562 4505 803 4560 sanctissimorum
814 4505 1012 4576 episcoporum
1023 4520 1053 4593 D
1064 4512 1170 4565 lateant
1184 4526 1249 4581 qiua>
1270 4524 1413 4562 summum
1429 4505 1615 4561 sacerdotium
1634 4504 1809 4570 decreverit,
1821 4515 1875 4573 qua

198 4603 346 4668 sententia,
360 4618 424 4672 quie
439 4601 587 4672 praedictos
600 4617 617 4653 a
631 4599 720 4671 gradu
736 4599 859 4653 detrahit
882 4599 1012 4653 ccclesia·

196 4699 277 4767 stico,
296 4701 325 4752 ct
345 4694 525 4750 anathemate
547 4692 683 4764 percellit,
700 4691 871 4762 continetur,
889 4709 940 4763 pro
953 4694 1014 4746 rato

242 4864 482 4928 cessatione·
516 4864 837 4991 Sffilflgffllsllswlilblil
873 4865 965 4920 invn-

234 5059 334 5114 Goatro
348 5054 518 5114 Aatliimam,
540 5052 677 5111 Severum,
696 5050 803 5103 Petram
817 5053 842 5102 et
856 5049 977 5102 Zooram.

198 5176 201 5180 ’
231 5173 263 5228 lu
280 5171 395 5226 nomine
416 5166 527 5223 llomini
542 5167 607 5222 lesu
622 5163 723 5220 Christi
746 5163 794 5218 Dei
808 5163 905 5233 nostri,
922 5163 1012 5234 impe·

195 5271 275 5324 rator
288 5265 380 5317 Caesar
392 5263 411 5315 l‘
413 5263 501 5315 larius
514 5258 700 5325 lastinianus,
714 5257 902 5324 alemanicus,
913 5257 1011 5311 Gothi·

195 5378 254 5428 cus,
288 5355 447 5422 Francicus,
479 5354 671 5422 Germanicus,
705 5352 831 5415 Anticus,
870 5350 1011 5418 ellanicus,

194 5453 382 5517 Wandalicus,
406 5447 524 5514 Africus,
551 5448 626 5514 Pius,
649 5448 728 5510 felix,
750 5446 899 5518 gloriosus,
914 5443 1011 5511 rietur,

193 5548 394 5622 triumphator,
418 5557 530 5612 semper
543 5543 694 5611 Augustus,
711 5542 818 5595 lienum
832 5537 1010 5611 patriarchia.

195 5729 197 5732 .
218 5761 295 5817 'Hic
306 5757 450 5834 subjicere
467 5753 560 5812 visum
576 5755 618 5810 est
632 5747 888 5837 ejusdemuavalle
902 5752 1012 5804 textum

130 5855 132 5858 ⁴
191 5847 305 5891 raecum
332 5849 401 5891 cum
423 5827 622 5890 vetustissima
645 5822 885 5904 interpretatione
903 5836 1020 5897 quam
1065 5826 1117 5866 m
1128 5807 1285 5883 evellam
1296 5801 1484 5872 ututus,alibi
1497 5802 1677 5876 demim-
1692 5800 1771 5859 ΕΜ·

1063 4606 1133 4659 item
1147 4604 1279 4674 majestas
1299 4601 1481 4673 imperatoria
1499 4598 1737 4654 corroboraverit.
1756 4599 1816 4652 llat.
1830 4610 1875 4650 rin

1064 4701 1122 4755 llal.
1136 4703 1208 4770 Aug.
1224 4696 1438 4766 Constantinop.
1454 4694 1529 4748 Bilis.
1545 4709 1572 4748 r.
1586 4709 1611 4747 c.
1628 4708 1708 4747 cous.

1158 4881 1187 4927 Ἡ
1200 4874 1348 4928 alaram
1364 4874 1609 4924 ἸΟΥΣΤΙΝΙΑΝΟΥ
1628 4872 1793 4922 naniam!

1118 5006 1191 5056 Karai
1216 5001 1346 5073 Ἀνθίρου,
1372 5002 1494 5073 Σουήροο,
1524 4998 1636 5070 Πέτρου,
1662 4998 1708 5045 καὶ
1732 5000 1829 5068 Ζωορα.

1105 5164 1146 5210 Ἐν
1166 5155 1271 5228 ὀνόματι
1290 5159 1336 5206 τοῦ
1358 5147 1484 5206 δυσπότου
1504 5155 1588 5208 Ἰησοῦ
1606 5153 1728 5222 Χριστοῦ
1753 5152 1801 5200 τοῦ
1819 5147 1876 5197 Θεοῦ

1062 5252 1143 5324 ἡμῶν,
1160 5248 1326 5321 αὐτοκράτωρ
1342 5250 1454 5318 Καῖσαρ,
1471 5239 1575 5301 thadaee
1601 5245 1795 5304 ’1ουστιυιαυος,
1814 5238 1875 5291 Ἀλσ-

1062 5347 1181 5416 μαυικὸς,
1212 5340 1338 5403 Γοτθικὸς,
1370 5340 1526 5411 Φροιγρικὸς,
1554 5337 1730 5408 Γορροιυικὸς,
1763 5335 1874 5389 'aarum

1064 5435 1211 5504 'Alaaixiic,
1241 5427 1429 5495 Οὺανδοιλικὸς,
1465 5431 1586 5503 Ἀρρικὸς,
1615 5425 1731 5493 chasdim
1763 5426 1874 5494 εὐτυχὲς,

1061 5526 1169 5592 ἔνδοξος,
1198 5531 1310 5591 eranam,
1331 5528 1514 5597 τροπαιοῦχος,
1537 5518 1708 5582 ἀεισὲὅαστος
1729 5522 1874 5593 Αὔγουστος.

1061 5629 1153 5694 blavio}
1166 5624 1333 5696 πατριάρχρ.

1061 5737 1178 5810 regione
1191 5733 1340 5806 descripsit
1353 5731 1441 5788 Menai
1460 5729 1564 5785 Coucil.
1578 5732 1649 5783 tom.
1664 5729 1709 5795 lli,
1726 5728 1777 5784 ubi
1791 5727 1876 5782 sium·
