3884 6150
72 240 108 294 ὃὸ
882 221 968 288 virt.
1724 264 1758 318 es

73 346 166 418 culpe
177 344 295 400 cederet
304 342 418 416 pietatis
428 339 542 398 intuitu.
553 342 636 407 Quod
644 343 691 398 ille
702 341 796 397 facere
806 341 892 398 distu·
901 352 930 425 Α
941 340 1058 413 suinthi]
1069 346 1213 413 matrona,
1225 336 1294 403 dum
1308 352 1438 424 tempore
1452 356 1615 420 litaniarum
1629 383 1688 440 prae
1703 387 1757 428 cae·

73 439 106 495 lit
122 438 268 494 obstinato
285 437 394 509 spiritu.
407 437 488 493 Unde
501 438 658 508 antequam
672 436 891 507 perpranderet,
942 434 1013 488 catis
1033 435 1122 490 oculis
1144 454 1203 493 non
1226 446 1323 511 posset
1346 445 1388 500 irc
1410 464 1474 506 curu
1496 459 1613 527 populo,
1638 462 1757 521 audiens
1842 520 1847 530 .

74 548 104 587 se
118 531 156 588 de
172 548 277 587 mensa
292 531 413 587 Sanctus
427 529 578 602 proripuit,
591 532 619 584 et
631 528 739 584 carceri
752 529 894 584 subterra·
943 527 1062 582 chorum
1079 531 1261 600 psallentium
1277 552 1342 591 cum
1358 539 1490 613 lacrymis
1501 546 1610 606 domiui
1621 554 1756 613 Germani

75 642 131 681 neo
147 625 326 697 superjectus
341 623 448 678 diutius
469 622 561 680 oravit
576 639 641 678 cum
656 622 735 689 fletu,
750 626 782 676 ut
795 621 892 679 divino
944 618 1080 691 implorat
1091 624 1236 680 auxilium.
1253 629 1347 685 Tertia
1361 639 1492 705 sequenti
1508 647 1591 697 nocte
1608 663 1661 717 per
1673 666 1757 723 sopo·
1801 624 1807 635 .

75 719 258 774 conferretur
265 716 368 772 auxilio
378 715 640 788 quodatemporali
645 715 742 786 judice
752 731 810 770 non
819 719 893 771 esset
943 729 1005 767 rem
1021 714 1095 769 visus
1116 719 1160 770 est
1177 718 1202 772 ei
1219 719 1262 774 vir
1279 721 1461 783 beatissimus
1477 736 1571 791 astare
1590 755 1680 812 prope
1700 744 1757 800 lec-

76 812 240 867 obtentum.
250 809 295 866 Sic
305 826 402 865 cursus
411 809 659 880 illelacrymarum
668 808 894 880 peraerasurgit
943 807 1035 861 tulum
1060 810 1089 861 ct
1113 809 1193 879 quasi
1223 814 1304 868 caecis
1331 820 1419 874 oculis
1444 823 1545 882 fecisse
1568 831 1757 903 signaculum.

76 906 105 960 in
115 905 232 971 mlum,
244 907 274 958 et
289 903 412 974 gemitus
423 901 554 974 pervenit
564 901 601 956 ad
612 904 720 956 mmm,
732 903 831 972 ltaque
842 901 891 956 de.
943 898 1088 970 Evigilans
1101 902 1205 957 mulier
1218 906 1323 961 marito
1339 918 1437 969 narrat
1447 932 1510 988 quau
1522 925 1603 991 gesta
1613 931 1688 982 sunt.
1697 929 1759 986 ldox

77 1001 196 1071 putatur
207 997 329 1068 angelus
341 995 378 1050 ad
393 994 538 1050 effectum.
550 993 659 1049 Dehinc
669 993 712 1048 vir
723 994 894 1049 venerabilis
944 990 1069 1047 stillante
1081 996 1221 1066 sanguine
1233 997 1294 1052 dies
1303 1003 1392 1057 oculis
1402 1006 1540 1080 redditur,
1551 1017 1580 1069 et
1590 1016 1758 1079 diuturnum

77 1107 155 1164 spem
165 1089 620 1162 promittensinclusoshortatur.
630 1087 789 1158 Necperdit
798 1103 893 1144 sermo
944 1088 1010 1155 post
1024 1086 1154 1142 nubilum
1169 1090 1279 1146 lumina
1293 1109 1395 1151 sereno
1410 1100 1491 1157 radio
1506 1106 1677 1168 micuerunt.
1694 1114 1757 1171 Cla·

79 1183 153 1257 quod
166 1183 314 1256 loquitur:
327 1182 398 1237 fides
414 1182 501 1253 gestis
516 1181 661 1253 impletur.
674 1182 714 1236 Eo
728 1180 893 1236 discedente
945 1181 1074 1233 rescente
1095 1196 1210 1253 quoque
1228 1184 1273 1240 die
1295 1187 1331 1240 ad
1348 1190 1465 1248 missam
1480 1211 1546 1252 cum
1565 1205 1670 1274 populo
1689 1224 1757 1278 pro-

78 1294 141 1333 mor
154 1279 326 1331 catenarum
340 1276 419 1331 bacae
432 1274 471 1346 (a)
487 1274 670 1344 franguntur,
685 1273 786 1329 vinctae
795 1275 894 1345 J'anuoe
945 1270 1074 1340 greditur
1095 1274 1199 1329 mulier
1219 1275 1248 1330 in
1272 1294 1417 1351 processu,
1434 1285 1474 1342 ita
1491 1292 1522 1344 ut
1541 1296 1630 1350 sancti
1650 1299 1700 1355 viri
1718 1301 1757 1356 sic

78 1372 254 1436 reserantur,
269 1368 330 1423 dies
343 1368 373 1423 in
389 1383 534 1423 carcerem
547 1365 703 1434 reducitur,
719 1366 847 1422 damnati
858 1368 893 1423 dc
944 1363 1004 1418 visa
1015 1381 1068 1434 per
1082 1368 1226 1423 somnium
1240 1387 1302 1427 esse
1316 1373 1412 1447 imago
1425 1383 1596 1441 remedium.

78 1463 205 1518 tenebris
222 1463 252 1516 in
266 1462 360 1516 lucem
377 1460 615 1532 prosecuntur
632 1459 737 1514 diutius
752 1476 837 1531 poena
851 1464 892 1515 ιθ.
981 1457 1086 1512 XXXlV.
1103 1459 1191 1515 Adest
1215 1479 1267 1518 nec
1291 1467 1387 1523 minus
1406 1471 1549 1532 laudabile
1569 1481 1682 1539 reddita
1701 1486 1759 1543 vita

78 1557 137 1611 nuit
153 1572 229 1628 quos
246 1557 404 1626 torqueret·
421 1553 466 1610 Si,
487 1552 588 1624 empti,
605 1552 727 1608 parisio,
742 1558 895 1609 (murrum
946 1546 1105 1605 infantulae.
1121 1553 1192 1609 Cum
1207 1555 1236 1610 in
1250 1558 1390 1617 Turonico
1406 1563 1521 1624 illustris
1532 1572 1583 1628 vin'
1594 1574 1686 1633 Pienti
1701 1596 1760 1636 ma·

77 1649 217 1723 pontifici,
233 1648 280 1721 qui
300 1647 536 1720 periclitabantur
550 1646 660 1701 inclusi,
675 1646 732 1702 Sed
751 1651 783 1701 „2
797 1648 893 1719 culpa.
945 1644 1029 1697 trous
1039 1645 1247 1715 expositachliae
1257 1651 1573 1734 lamentaretextrema,
1584 1670 1760 1728 etobseratis

76 1742 180 1799 bilibus
196 1741 306 1813 aliquid
322 1742 386 1812 plus
401 1741 555 1808 conferret,
568 1755 663 1810 arege
674 1739 813 1811 quidquid
827 1741 894 1796 fisco
905 1736 933 1808 Β
946 1736 1034 1790 oculis
1055 1754 1108 1792 nec
1126 1739 1254 1797 anhelitu
1270 1746 1368 1802 mobili
1391 1754 1545 1824 respiraret
1555 1759 1708 1833 infantula,
1722 1766 1760 1823 ad

77 1853 125 1908 pro
141 1835 189 1890 his
206 1834 367 1889 debehatur
381 1833 514 1890 obtinuit.
945 1828 1035 1883 sancti
1045 1830 1103 1885 Viri
1114 1836 1299 1902 praesentiam
1309 1842 1370 1897 tota
1385 1849 1539 1905 committit
1549 1855 1692 1924 praesidia.
1706 1859 1760 1924 Qui

107 1929 195 1986 xxxi.
211 1927 322 1982 Dehinc
346 1927 383 1982 ad
407 1930 539 1981 sanctum
562 1925 654 1981 virum
679 1926 804 1982 Nicasius
830 1944 895 1983 cum
945 1921 1126 1992 permissum
1136 1925 1279 1997 invitatus,
1291 1939 1432 2003 quantum
1442 1942 1516 1996 valet
1526 1945 1563 1999 ad
1573 1951 1759 2010 conclamatae

76 2023 162 2078 wne,
169 2037 332 2087 occurrere,
341 2020 436 2090 etjam
445 2023 644 2091 praesentatus,
654 2036 720 2075 mox
728 2020 895 2091 gravissimo
945 2015 1047 2085 puellae
1060 2017 1181 2073 cadaver
1191 2020 1299 2093 [Anttq.
1311 2025 1407 2094 dudd„
1419 2033 1600 2111 cadaverem]
1611 2048 1757 2115 properat.

77 2133 143 2173 casu
158 2115 188 2169 in
204 2118 283 2168 terra
297 2115 458 2184 prostratus
468 2116 520 2181 est,
532 2116 561 2168 et
570 2128 645 2184 pene
655 2113 789 2168 omnihus
799 2113 896 2168 salutis
946 2107 1084 2178 Exceptus
1096 2112 1192 2166 multis
1203 2114 1327 2186 fletibus,
1339 2119 1509 2193 deplorante
1522 2131 1641 2203 familia,
1658 2153 1759 2210 appro-

78 2209 217 2264 destituto
237 2205 356 2273 solatiis,
372 2205 434 2277 ipso
450 2205 554 2261 Sancto
573 2205 770 2261 intercedente
785 2205 896 2262 homini
946 2199 1068 2270 pinquat
1083 2203 1217 2262 subsellio
1237 2224 1294 2279 quo
1307 2211 1369 2281 jam
1386 2217 1501 2288 rigebat
1512 2223 1664 2283 infantula.
1681 2231 1758 2288 Calo

78 2302 233 2374 desperato
253 2300 343 2354 virtus
360 2302 390 2353 e,
408 2315 508 2354 sensus
527 2315 674 2370 ,egressus
692 2302 744 2354 esp,
760 2299 821 2354 uox
834 2300 894 2353 bal.
946 2292 1003 2346 vim
1016 2293 1085 2349 facit
1096 2298 1251 2366 questibus.
1268 2303 1337 2359 Fere
1349 2311 1494 2368 transacto
1509 2315 1585 2373 inter
1598 2320 1660 2376 haec
1675 2324 1759 2382 unius

77 2399 158 2450 teum
172 2410 231 2466 quo
246 2393 418 2466 cingebatur
433 2394 463 2447 et
477 2395 588 2464 spatam
607 2408 660 2464 pro
678 2408 799 2448 munere
810 2392 896 2447 heato
947 2385 1026 2440 horte
1036 2389 1138 2458 spatio,
1150 2393 1249 2449 mobili
1260 2397 1386 2469 singultu
1396 2403 1480 2460 flatus
1490 2411 1592 2480 puellae
1603 2415 1758 2489 reducitur,

78 2488 224 2544 Germano
237 2486 414 2542 contradidit
429 2503 435 2542 ἱ
447 2486 525 2558 quod
540 2486 601 2558 ipse
617 2502 713 2542 come,
726 2485 793 2541 dago
804 2485 896 2557 pretio
946 2477 1086 2535 viscerum
1101 2483 1194 2539 vitalis
1208 2489 1287 2544 calor
1298 2508 1351 2563 per
1362 2499 1494 2555 membra
1509 2502 1687 2565 diffunditur.
1704 2512 1759 2569 lle·

79 2583 147 2653 post
160 2580 293 2636 redemit.
309 2578 340 2634 ld
361 2583 456 2634 actum
476 2582 520 2634 est
539 2583 571 2634 ut
584 2579 661 2650 quod
677 2580 756 2651 prius
770 2579 895 2634 incarce-
948 2569 1014 2626 hinc
1025 2571 1170 2644 [paulatim
1187 2581 1314 2639 0000000
1331 2591 1430 2658 000000
1446 2597 1575 2666 POP⁰⁸eit
1590 2602 1620 2654 00
1638 2602 1759 2663 biberet·

80 2673 152 2729 ratis
163 2673 322 2740 concedere
343 2672 462 2741 distulit,
478 2673 524 2728 hic
540 2673 685 2745 duplicato
700 2673 801 2727 fenore
816 2672 895 2726 dchi·
947 2664 1024 2719 Το00
1045 2682 1061 2720 0
1078 2668 1163 2725 00000
1184 2674 1231 2728 Vis
1232 2691 1249 2729 0
1271 2694 1346 2748 0000
1366 2683 1479 2754 0080000
1498 2690 1542 2743 vel
1554 2692 1641 2748 00000
1655 2696 1759 2770 00800·

80 2773 126 2823 tor
134 2769 348 2839 compensaret,
358 2769 388 2821 et
396 2769 480 2821 aucta
490 2766 557 2821 dote
568 2765 674 2821 damna
684 2765 810 2832 sarciret,
820 2765 898 2836 prius
947 2758 1018 2824 tato,
1033 2757 1181 2818 infantulae
1200 2774 1339 2826 revocatae
1355 2773 1391 2828 de
1413 2777 1514 2835 funere
1530 2785 1622 2841 totum
1641 2791 1761 2848 vertitur

80 2877 132 2934 pm
153 2861 195 2917 eis
215 2859 361 2928 differens,
377 2863 443 2932 pos,
458 2862 488 2915 e,
507 2859 631 2930 seipsum
653 2859 808 2914 redimens,
824 2860 898 2913 ,quie
948 2848 978 2903 in
998 2851 1129 2909 salutem.
1149 2856 1218 2921 Quae
1235 2867 1300 2931 posi
1320 2864 1350 2919 in
1369 2875 1653 2935 monasterioheatae
1666 2881 1759 2940 Rade-

80 2971 139 3010 uou
156 2953 214 3010 illis
227 2952 301 3025 pius,
315 2953 403 3009 modo
423 2956 453 3007 et
469 2952 504 3007 de
520 2968 550 3007 se
564 2952 703 3025 trepidus,
720 2951 818 3007 didicit
831 2967 898 3006 casu
949 2943 1053 3013 gurdis
1067 2946 1202 3005 felicioris
1213 2953 1278 3009 vitas
1294 2959 1448 3019 terminum
1463 2974 1681 3030 consummavit.

79 3048 199 3120 proprio
215 3047 352 3103 arumnis
366 3062 530 3102 summer„
544 3044 654 3101 alienis·
982 3037 1077 3093 XXXV.
1090 3040 1213 3105 Quidam
1226 3047 1345 3106 clericus
1357 3052 1393 3108 de
1405 3055 1487 3126 Juxta
1498 3067 1674 3123 monasterio
1684 3068 1761 3128 heatl

113 3141 213 3197 mu·
225 3142 345 3196 promus
357 3140 426 3196 illud
442 3139 565 3212 stuporis
578 3139 761 3196 retenturi„
777 3139 893 3211 pagina,
905 3111 933 3185 C
946 3128 1079 3200 Sylvestri
1100 3133 1129 3189 in
1144 3137 1352 3200 Ternoderinse
1367 3147 1400 3219 (c)
1415 3165 1480 3206 cum
1494 3153 1540 3210 die
1554 3157 1712 3231 Dominico,
1732 3168 1762 3222 ut

82 3236 176 3290 Eume
198 3237 299 3289 sancto
319 3233 380 3290 vim
401 3233 439 3288 ad
455 3233 533 3288 beati
548 3233 682 3305 martyri,
697 3232 900 3305 symphoriani
949 3221 1096 3295 loquimur
1107 3245 1141 3284 ex
1156 3238 1372 3308 cousuetudine,
1384 3243 1491 3316 caligas
1500 3248 1673 3324 circinasset,
1685 3255 1763 3313 dehi-

82 3343 245 3395 oecmum’
261 3327 330 3382 dum
352 3327 389 3382 de
410 3326 653 3383 vicocervedone
673 3326 703 3381 in
721 3325 899 3397 pumma)
950 3314 1060 3373 litatem
1076 3337 1215 3380 manuum
1232 3330 1276 3384 vel
1293 3333 1399 3402 pedum
1416 3335 1543 3398 incurrit.
1559 3345 1616 3401 Sed
1628 3347 1663 3403 de
1676 3350 1761 3408 beato

82 3420 278 3494 progreditur,
289 3419 467 3475 habitatores
479 3419 534 3476 loci
546 3423 728 3475 occurrentes
742 3421 901 3490 suggerunt
951 3408 988 3479 Sl
990 3409 1075 3466 000000
1077 3429 1093 3468 0
1107 3431 1220 3486 gressus
1233 3425 1342 3496 r‘³⁰21’st
1357 3429 1498 3500 000οῙ0ῑηὶ
1510 3451 1562 3506 per
1571 3454 1704 3510 ⁵³0l³⁰¹⁸em
1715 3444 1764 3498 00·

83 3511 900 3587 ..uegetamsuanuae[tradideris]11111¹i0t1⁵ti<¹¹¹ul
950 3504 1077 3559 monitus
1099 3513 1222 3567 occurrit
1243 3521 1342 3573 sancto
1362 3520 1505 3580 Germano
1523 3544 1643 3598 poscens
1665 3534 1764 3593 salutis

84 3608 153 3664 nihil
167 3607 304 3663 habentis
312 3606 430 3674 residui,
442 3623 506 3678 qua
516 3607 552 3662 ah
566 3606 638 3662 ursis
649 3607 823 3673 vastabatur,
834 3605 899 3659 visi·
950 3599 1164 3668 ⁰⁰ml³0¹¹diffl
1173 3608 1196 3658 Α
1205 3623 1261 3679 000
1271 3609 1765 3699 0000008000οι00000000100000·

84 3705 144 3756 tm
156 3699 337 3773 pmcipmt,
355 3703 384 3755 et
396 3703 495 3755 saneto
510 3713 561 3756 suo
573 3700 699 3756 adventu
712 3699 901 3771 repelleretur
950 3690 1041 3745 fessus
1052 3697 1105 3748 cst.
1119 3697 1189 3752 Tum
1204 3699 1328 3773 imperat
1342 3708 1445 3765 clerico
1460 3715 1490 3767 ut
1503 3716 1642 3773 clamaret
1652 3736 1705 3792 per
1714 3737 1764 3796 po·

83 3793 219 3850 inmo·
236 3793 290 3858 Qui
309 3793 438 3849 concitus
455 3793 593 3848 ministris
607 3792 792 3848 irridentibus
807 3792 844 3847 gd
857 3792 898 3847 10.
951 3785 1060 3856 pulum,
1076 3804 1129 3844 nec
1145 3792 1208 3862 quis
1223 3796 1331 3853 temere
1352 3801 1398 3858 die
1421 3810 1590 3877 operaretur
1602 3812 1761 3875 Dominico.

84 3904 149 3943 cum
178 3886 355 3959 perducitur,
379 3890 408 3941 et
434 3887 565 3942 oratione
595 3886 662 3941 data
687 3885 811 3959 desuper
834 3885 902 3940 fecit
952 3878 1024 3948 0¹¹⁰,
1042 3882 1142 3953 000000
1163 3885 1209 3941 die
1232 3891 1388 3962 00000000,
1409 3902 1558 3970 000000οδ0
1579 3906 1642 3962 0000
1663 3908 1764 3968 000000

83 3981 275 4053 signaculum.
305 3979 376 4035 llinc
402 3979 540 4035 instinctu
567 3979 663 4035 divino
685 3979 715 4035 in
737 3979 901 4052 parentales
950 3973 1048 4042 00000
1063 3975 1205 4049 (litiganti
1221 3985 1250 4037 00
1262 3985 1298 4039 00
1314 4004 1348 4058 Pl
1349 4004 1402 4060 ⁰l¹r
1404 3991 1430 4046 00
1448 3996 1535 4050 000οῑ
1549 4013 1614 4054 cum
1632 4001 1763 4062 00000000

83 4074 192 4130 bestias
215 4072 312 4129 feralis
333 4072 377 4128 ira
400 4073 593 4140 succenditur,
608 4073 707 4128 odium
727 4072 853 4127 nascitur
870 4071 900 4127 iu
952 4065 1113 4124 dimittitur·

83 4167 201 4234 ήκω,
215 4166 245 4221 in
266 4182 337 4238 pace
353 4182 451 4239 pugna
465 4166 663 4222 committitur.
680 4167 785 4222 Furore
802 4165 901 4221 bestiae
985 4161 1090 4217 XXXVI.
1107 4166 1139 4219 ln
1151 4181 1227 4239 pago
1241 4173 1415 4231 Amaniense
1432 4178 1538 4252 (lfosny
1551 4184 1580 4238 in
1596 4186 1669 4261 Bria)
1686 4193 1764 4262 quod

81 4260 127 4317 bis
143 4263 304 4328 armantur,
318 4260 415 4315 statim
434 4261 608 4332 praefocatur
622 4277 695 4315 unus
712 4276 793 4314 ursus
808 4260 843 4314 ab
859 4259 899 4314 al.
952 4257 1065 4323 gestum
1078 4260 1121 4312 est
1133 4261 1295 4331 replicetur.
1313 4267 1469 4341 Rotegiaco
1485 4275 1593 4348 [lioroy]
1607 4279 1672 4336 villa
1684 4284 1763 4340 Pari·

83 4358 159 4421 m,
177 4353 279 4426 etipse
292 4353 340 4426 qui
355 4353 500 4409 mmm,
514 4354 583 4409 dum
597 4355 683 4409 vellet
696 4355 774 4410 foras
790 4351 900 4425 egredi,
951 4346 1034 4403 siacae
1057 4350 1189 4409 Ecclesia
1209 4360 1320 4428 septem
1335 4361 1362 4415 ei
1382 4363 1433 4418 viri
1451 4365 1661 4428 debacchantes
1675 4375 1764 4436 obtati

82 4446 161 4521 ,epis
174 4447 241 4519 palo
263 4448 461 4504 transfogjgur,
477 4448 523 4504 Sic
537 4447 651 4521 utrique
667 4451 826 4503 vastatores
842 4462 900 4501 uno
952 4445 1027 4496 sunt.
1043 4443 1150 4508 Quibus
1172 4451 1276 4505 curatis
1296 4469 1369 4508 unus
1386 4457 1434 4528 qui
1456 4461 1587 4530 graviore
1609 4470 1766 4531 vexabatur

82 4543 237 4598 momento
259 4540 441 4615 perimuntur
456 4545 485 4597 et
502 4539 556 4614 ipsi
576 4540 629 4597 sihi
649 4541 800 4597 confestim
820 4557 901 4596 arma
952 4535 1053 4606 spiritu
1069 4553 1135 4593 cum
1152 4541 1228 4597 exire
1245 4551 1407 4618 cogeretur,
1424 4552 1534 4611 homini
1554 4558 1605 4615 liei
1619 4565 1766 4634 professus

83 4635 191 4690 mortis
202 4633 296 4691 eflecti
311 4639 386 4692 sunt.
401 4636 469 4692 Post
481 4635 536 4708 ipsi
549 4634 684 4690 redeunti
695 4635 799 4691 mulier
813 4634 903 4707 pelles
952 4631 1005 4697 est,
1021 4633 1137 4702 exll¹¹¹⁸⁰
1150 4650 1180 4688 00
1199 4635 1236 4693 00
1254 4636 1303 4694 0Ῑο
1320 4641 1383 4697 0000
1396 4661 1513 4716 &salem
1525 4651 1765 4719 lamentationem

83 4744 221 4784 mmm
240 4729 344 4785 obtuli,
366 4746 399 4785 ω
415 4729 519 4797 studio,
536 4732 566 4784 ep
580 4729 661 4802 quasi
675 4728 774 4785 victori
789 4744 840 4784 suo
856 4745 902 4783 re.
952 4722 1101 4780 Parisiacis
1119 4727 1224 4784 lacere.
1238 4731 1315 4788 Tunc
1330 4734 1430 4809 fugata
1448 4743 1536 4813 pestis
1557 4746 1593 4802 de
1608 4753 1698 4809 sancti
1712 4754 1765 4811 viri

84 4823 245 4896 prmum
256 4823 389 4896 spolium,
404 4821 483 4894 quod
499 4825 598 4879 tamen
613 4822 733 4880 omnino
748 4821 901 4895 ipsoram.
953 4816 1089 4874 Germani
1115 4820 1237 4880 transitu
1262 4826 1371 4885 famam
1397 4832 1472 4890 fudit
1497 4854 1550 4909 per
1574 4847 1705 4916 populos,
1736 4854 1766 4908 et

83 4914 161 4971 mi,
175 4915 321 4988 ΜΡΝ
336 4918 365 4971 e,
384 4914 433 4989 qui
453 4915 531 4989 prim
543 4915 677 4984 riserant,
693 4915 833 4988 poenpere
847 4932 903 4972 ορ.
953 4911 1075 4981 pastoris
1097 4931 1150 4986 pro
1172 4917 1251 4973 obitu
1273 4937 1393 4994 gregem
1416 4930 1506 4985 movit
1527 4932 1556 4987 in
1579 4935 1689 4996 fletum.
1711 4942 1766 5010 oui

83 5008 530 5082 mulvidentesmimulum·
954 5007 1052 5060 tamen
1080 5024 1293 5082 energumenus
1317 5017 1370 5073 etsi
1393 5022 1545 5080 seminavit
1569 5033 1765 5112 mendacium,

123 5101 232 5158 mm·
248 5101 284 5158 Eg
296 5103 434 5176 quoniam
448 5102 483 5159 de
497 5103 547 5159 Dei
566 5103 644 5160 dono
661 5118 721 5160 no„
736 5101 822 5160 dehet
842 5119 904 5161 03³0
954 5100 1086 5170 expulsus
1100 5119 1159 5158 non
1175 5101 1305 5163 defendit
1318 5111 1475 5172 obsessum.

83 5191 902 5270 fastidium,illudctiamhreviterducimusexplicandum.
989 5194 1106 5250 XXXVH·
1128 5197 1162 5251 Et
1181 5200 1248 5271 (10Ῑο
1268 5203 1339 5258 00000
1361 5222 1449 5279 000Γο
1472 5229 1599 5275 00000000
1624 5227 1769 5297 00800000

85 5288 254 5346 beretrudis
276 5289 410 5370 quaedam
432 5290 536 5346 mulier
558 5291 721 5346 llunsunthi
739 5291 903 5362 [At.,t1un.
954 5287 1102 5357 miracula,
1114 5290 1183 5346 item
1196 5294 1225 5347 in
1240 5297 1378 5366 praedicto
1394 5303 1456 5360 loco
1470 5307 1589 5367 affertur
1599 5313 1625 5371 ei
1634 5323 1768 5396 paralyti-

110 5411 134 5483 ‘(
154 5411 165 5484 )
182 5409 272 5478 bacae,
289 5428 340 5467 seu
360 5411 467 5480 liaccae,
483 5411 556 5467 lauri
578 5414 621 5468 vet
638 5411 766 5494 juniperi
785 5413 902 5496 fructus,
991 5408 1766 5514 (tifernodorensistractuscujuscaput'fernodorum,

86 5485 160 5539 item
176 5498 307 5554 gemmas
320 5485 349 5538 et
360 5484 540 5539 mortuorum
551 5484 685 5556 capulum
695 5484 846 5556 significat,
859 5485 905 5540 luc
955 5497 1004 5536 seu
1018 5481 1216 5563 'tornodorum
1229 5486 1397 5565 (Tonncrre),
1412 5513 1441 5550 m
1462 5499 1634 5574 Burgundios
1651 5511 1756 5572 ducatu

86 5552 206 5611 insolito
222 5552 339 5625 quidem
354 5554 522 5611 catenarum
535 5556 667 5610 annulos.
955 5550 1118 5637 extenditur
1131 5571 1219 5639 usque
1232 5558 1268 5612 ad
1281 5568 1488 5624 monasterium
1502 5574 1672 5648 lleomense,
1682 5557 1768 5658 vulgd

135 5623 307 5698 attenedo
329 5625 462 5698 (Conon),
483 5626 559 5682 vicus
580 5643 669 5700 prope
692 5626 904 5696 corbiniacum,
955 5625 1263 5710 honerosum-reon,
1276 5634 1320 5689 cui
1335 5639 1397 5693 tum
1410 5646 1524 5698 sanctus
1536 5645 1671 5705 silvester
1680 5653 1771 5717 abbas

88 5626 545 5770 adgessteonaraaecmovp,
554 5696 585 5753 in
593 5698 862 5755 tractuldorvinensi
871 5698 907 5781 (la
955 5701 1088 5767 praerat.
1105 5697 1180 5771 Lege
1195 5699 1288 5759 Vitam
1303 5708 1394 5764 sancti
1407 5711 1525 5773 loannis
1541 5717 1719 5794 beomensis,
1743 5728 1748 5743 '

89 5765 228 5843 Heroon),
238 5767 287 5842 qui
298 5770 405 5827 tractus
415 5768 610 5840 Burgundiam
622 5768 775 5828 aNivernis
785 5769 903 5832 dirimit.
