3884 6150
180 277 231 344 lii
345 285 512 344 dPPENDlli
531 286 574 342 ιιι)
592 287 702 342 OPERA
721 284 837 341 SANGTI
855 285 1005 354 GElllhtNl
1023 284 1237 342 PhElSIENSlS.
1257 284 1301 341 DE
1320 284 1451 342 LlTUiiG.
1470 285 1544 343 cst.
1565 286 1628 343 tta.
1648 286 1692 344 ιιι.
1809 288 1860 346 ιιι

178 395 284 455 rotulas
300 395 342 452 iso
355 396 443 453 sancti
461 395 530 452 Galli
548 396 704 453 monachus
718 394 842 469 appellat
859 395 965 453 oblatas
977 394 1038 450 illas
1051 410 1114 469 quac
1128 394 1201 451 circa
1218 398 1317 468 pectus
1336 395 1426 450 sancti
1438 395 1568 452 Othmari
1581 396 1684 453 seculo
1696 414 1725 454 rx
1739 404 1861 471 reperta

80 496 84 504 “
178 492 246 545 sunt
256 488 352 544 illaesae
368 505 375 544 ι
390 488 486 561 quales
500 487 604 543 scilicet
617 487 653 542 in*
660 486 771 543 tumulo
785 486 984 543 detunctorum
997 486 1174 543 sacerdotum
1188 486 1294 559 apponi
1306 503 1368 541 mos
1382 490 1451 556 erat,
1467 489 1538 542 teste
1552 505 1693 561 anonymo
1712 490 1815 562 aquali
1832 490 1862 545 in

177 578 228 636 lib.
245 595 273 634 vv
290 579 325 635 da
339 580 400 635 Vita
421 578 509 634 sancti
528 576 675 634 Cuthberti
689 577 813 650 episcopi
833 576 1078 644 lindisfarnensis,
1092 577 1143 648 qui
1162 598 1176 626 ι(
1191 581 1250 632 toto
1263 592 1380 649 corpore
1393 576 1493 645 lavato,
1508 578 1598 649 capite
1612 578 1724 634 sudario
1737 580 1861 635 circum-

178 668 253 740 dato,
269 670 369 726 oblatis
383 686 467 742 super
479 671 611 724 sanctum
624 670 722 740 pectus
734 667 843 739 positis,
858 667 1025 723 vestimenta
1037 666 1219 723 sacerdotalia
1240 667 1367 737 indutus,
1383 688 1396 717 »
1424 667 1454 721 in
1467 667 1596 739 sepulcro
1607 667 1719 741 lapideo
1733 669 1864 742 sepultus

180 767 231 818 est.
242 763 347 817 Praeter
359 761 420 816 haec
431 759 504 815 nihil
517 760 551 815 de
564 774 636 831 pane
650 757 835 813 eucharistico
848 757 878 812 in
891 757 986 812 Galliis
995 774 1046 830 per
1057 773 1091 814 ea
1099 761 1227 829 tempora
1239 756 1366 812 adhibito
1380 757 1528 828 succurrit,
1540 757 1595 812 nisi
1603 758 1678 830 quod
1686 758 1864 814 nobilissima

179 850 309 924 quadam
322 853 462 919 matrona,
473 849 588 904 nomine
602 847 808 917 Ermentrudis,
822 846 946 902 basilicae
961 846 1050 903 sancti
1064 845 1219 902 Sinsuriani
1233 845 1455 916 (Simiurianum,
1468 863 1518 902 seu
1531 847 1771 920 symphorianum
1783 848 1866 904 intel·

179 940 246 1012 ligo]
255 941 316 996 sitae
324 939 355 995 in
366 956 439 1013 pago
449 938 593 1007 ldeldensi,
605 938 736 1010 quadam
748 938 834 1009 legat,
848 958 862 988 κ
872 938 949 993 unde
959 938 995 992 ad
1005 937 1097 1010 ipsam
1109 936 1254 992 basilicam
1263 936 1355 991 oblata
1367 936 1493 1008 quotidie
1503 936 1697 993 ministretur:
1711 957 1725 989 ι
1736 939 1865 1010 itemque

179 1029 382 1085 adoratorium
395 1029 528 1085 Latiniaci
541 1029 571 1084 in
584 1027 685 1084 eodem
698 1044 770 1100 pago
787 1027 873 1099 (quod
893 1027 1066 1082 Latiniacum
1084 1025 1120 1081 ad
1141 1024 1295 1080 discrimen
1312 1024 1427 1081 alterius
1442 1025 1552 1081 Siccum
1567 1026 1734 1099 appellatur)
1751 1027 1865 1083 vineam

180 1118 238 1187 dat,
249 1119 324 1175 unde
335 1119 442 1176 ibidem
451 1120 548 1176 Oblata
561 1121 699 1173 occurrat.
711 1138 725 1168 »
737 1116 816 1182 Quod
828 1116 957 1174 similiter
968 1117 1002 1173 de
1011 1116 1066 1172 alia
1077 1115 1160 1171 vinea
1169 1115 1205 1170 ad
1214 1131 1298 1170 usum
1309 1115 1432 1171 ecclesim
1445 1115 1533 1171 sancti
1547 1116 1747 1188 Symphoriani
1762 1117 1865 1172 consti-

179 1207 244 1264 tuit.
261 1209 423 1282 signantius
435 1225 501 1264 vcro
516 1224 630 1264 servum
643 1206 796 1279 quemdam
810 1207 996 1276 manumittit,
1013 1222 1046 1262 ea
1058 1205 1228 1274 conditione,
1246 1225 1260 1253 «
1275 1208 1307 1259 ιιι
1322 1204 1400 1276 ligna
1420 1208 1531 1260 tantum
1546 1205 1582 1260 ad
1596 1205 1689 1261 oblata
1701 1207 1867 1262 laciendum

179 1298 340 1353 ministmre
357 1304 499 1371 procuret.
515 1322 529 1349 ιι
546 1300 601 1354 Hoc
621 1301 822 1354 testamentum
840 1297 1061 1368 autographum,
1082 1295 1130 1351 sed
1149 1294 1293 1364 mutilum,
1315 1294 1477 1349 invenimus
1498 1295 1529 1349 in
1548 1295 1661 1350 archivo
1680 1296 1863 1367 Dionysiano,

180 1387 317 1459 scriptum
329 1389 360 1442 in
372 1388 469 1444 charta
482 1404 532 1444 seu
545 1404 652 1461 papyro
665 1387 828 1458 Egyptiaca
845 1403 852 1440 ε
868 1403 924 1459 qua
938 1386 968 1441 in
982 1387 1080 1440 charta
1093 1388 1221 1441 exaratus
1234 1388 1295 1439 erat
1306 1383 1353 1439 ille
1368 1383 1520 1455 Augustini
1532 1384 1636 1452 Codex,
1650 1401 1736 1456 quem
1750 1385 1866 1441 Ruricio

181 1475 372 1532 lemovicensi
392 1478 522 1549 episcopo
540 1477 680 1533 submittit
697 1476 858 1532 Turentius.
875 1496 889 1525 ι(
902 1475 1070 1530 chartaceus
1086 1475 1159 1530 liber
1173 1478 1225 1542 est,
1238 1473 1342 1544 inquit,
1356 1477 1385 1529 et
1403 1474 1438 1529 ad
1450 1473 1597 1528 ferendam
1613 1474 1748 1544 injuriam
1761 1490 1866 1546 parum

180 1563 271 1634 fortis,
286 1566 353 1638 quia
370 1567 452 1623 citius
465 1568 572 1635 charta,
590 1567 661 1622 sicut
673 1566 770 1633 nostis,
785 1568 922 1620 vetustate
937 1564 1123 1619 consumitur.
1138 1586 1152 1613 »
1168 1563 1287 1634 Insignis
1303 1562 1337 1617 de
1350 1563 1447 1617 charta
1464 1562 1626 1634 AEgyptiaca
1642 1562 1734 1632 locus;
1753 1563 1804 1618 sed
1820 1562 1865 1617 in·

181 1654 300 1726 signior,
312 1657 385 1711 etad
397 1657 558 1712 institutum
573 1654 668 1730 185
683 1661 811 1711 nostrum
826 1654 1011 1726 opportunior
1028 1654 1101 1710 alter
1116 1669 1151 1709 cx
1163 1656 1331 1709 testamento
1345 1652 1540 1708 Ermentrudis
1550 1669 1557 1707 ι
1567 1669 1602 1708 ex
1615 1668 1672 1724 quo
1684 1652 1865 1724 intelligitur,

182 1750 312 1817 tempore
331 1746 525 1818 llerovingicae
546 1745 650 1816 stirpis,
670 1761 773 1816 panem
796 1744 925 1799 sacrificii
946 1744 1081 1816 peculiari
1100 1743 1202 1814 studio,
1222 1747 1256 1798 ut
1273 1743 1368 1799 Patres
1388 1741 1500 1798 concilii
1520 1759 1548 1796 vv
1568 1742 1702 1807 Toletani,
1722 1757 1832 1798 canone
1850 1744 1866 1797 6

182 1835 319 1904 statuunt,
334 1834 410 1906 apud
422 1834 512 1890 Gallos
526 1834 716 1906 compositum
735 1833 833 1888 fuisse.

220 1972 263 2025 11.
283 1969 324 2024 hd
342 1971 447 2026 oblatas
462 1971 641 2043 excipiendas
653 1969 822 2026 inserviebat
836 1961 1011 2025 offertorium
1021 1986 1030 2039 ;
1041 1968 1136 2025 colum
1149 1984 1214 2024 vero
1228 1984 1278 2024 seu
1292 1967 1459 2024 colatorium
1473 1968 1509 2025 ad
1523 1968 1622 2024 vinum
1636 1968 1867 2042 expurgandum.

182 2057 331 2114 offertoria
344 2077 409 2114 vasa
422 2065 503 2116 eraut
515 2078 532 2115 a
544 2060 654 2132 patenis
668 2059 811 2129 distincta,
824 2060 855 2114 in
868 2076 932 2132 quaa
944 2059 1067 2131 populus
1081 2074 1185 2130 panem
1198 2059 1325 2114 oblatum
1343 2058 1379 2113 ad
1398 2059 1485 2113 altare
1503 2058 1660 2131 deponebat
1673 2076 1681 2114 ι
1694 2075 1758 2130 quae
1771 2060 1869 2131 primo

182 2149 269 2203 solida
283 2154 379 2220 eraut;
399 2150 501 2207 deinde
519 2151 603 2219 linea,
619 2167 669 2205 seu
689 2150 803 2217 sericea,
818 2153 867 2204 aut
879 2165 914 2205 ex
928 2149 1055 2220 qualibet
1075 2148 1160 2203 simili
1180 2149 1306 2203 materia.
1322 2149 1416 2203 Unum
1438 2164 1566 2218 aureum,
1581 2149 1634 2204 alia
1648 2154 1785 2221 argentea
1803 2166 1868 2206 me-

182 2243 274 2294 morat
291 2243 370 2295 vetus
387 2240 545 2296 Chronicon
558 2240 770 2295 Fontanellense
785 2240 815 2294 in
829 2256 889 2310 cap.
908 2241 951 2308 16,
965 2238 1013 2293 ubi
1026 2239 1061 2293 de
1075 2238 1211 2310 husegiso
1225 2238 1325 2293 abbate
1342 2257 1349 2293 ι
1368 2259 1382 2287 «
1395 2236 1576 2294 Oiiertorium
1589 2253 1709 2293 aureum
1729 2255 1797 2293 cum
1815 2256 1868 2311 pa-

181 2329 248 2382 tena
260 2345 310 2383 sua
322 2346 408 2385 aurea
420 2346 506 2403 opere
519 2330 653 2385 mirabili.
668 2350 682 2379 ιι
698 2331 731 2384 Et
744 2329 818 2383 inira
832 2345 838 2382 :
854 2327 1216 2399 Offertoriumargcnteum
1229 2327 1357 2398 ejusdem
1369 2325 1473 2396 calicis,
1488 2326 1595 2381 habens
1609 2326 1734 2399 effigiem
1750 2328 1868 2384 mirifici

183 2417 291 2488 operis;
312 2419 366 2473 alia
386 2420 529 2475 offertoria
547 2424 682 2492 argentea
703 2435 768 2474 eum
787 2419 896 2490 patenis
915 2418 1057 2488 argenteis
1078 2418 1253 2473 eorumdem.
1274 2417 1353 2472 Unde
1375 2419 1452 2489 putat
1471 2415 1647 2471 offertorium
1670 2433 1737 2473 cum
1753 2417 1870 2488 patenis

183 2505 270 2561 inisse
287 2508 380 2563 calicis
400 2511 597 2582 appendicem,
616 2513 749 2582 patenam
763 2526 830 2564 vero
849 2507 993 2563 offertorii.
1013 2507 1120 2564 Similia
1145 2509 1206 2563 loca
1223 2507 1299 2580 apud
1316 2506 1475 2561 ilariulium
1493 2506 1523 2560 in
1542 2505 1672 2561 Chronici
1691 2505 1870 2562 Gentulensis

185 2594 234 2651 lib.
252 2613 281 2665 ιι,
296 2614 346 2670 cap
360 2601 402 2670 10,
417 2605 447 2655 et
460 2600 535 2671 apud
549 2600 692 2655 hedonem
704 2599 734 2654 in
747 2600 820 2654 libro
834 2599 868 2654 de
881 2598 942 2652 Vita
957 2596 1100 2653 Benedicti
1114 2597 1291 2665 anianensis,
1306 2610 1387 2651 num.
1400 2599 1446 2665 25,
1460 2611 1524 2667 qum
1538 2612 1604 2651 curn
1616 2595 1677 2650 aliis
1689 2594 1780 2650 habes
1792 2595 1871 2668 apud

183 2684 332 2757 Congium,
347 2688 504 2762 itidemque
518 2690 594 2744 varia
608 2688 770 2744 testimonia
783 2687 817 2743 de
830 2687 979 2742 offertoriis
992 2685 1076 2742 lineis
1090 2691 1118 2742 et
1133 2687 1256 2742 sericeis.
1271 2688 1367 2758 ltaque
1379 2685 1554 2740 offertorium
1569 2685 1605 2739 ad
1621 2685 1804 2757 excipiendas
1816 2702 1869 2758 pa-

184 2773 228 2829 nis
241 2773 355 2847 oblatas,
369 2782 471 2850 patena
483 2779 519 2833 ad
533 2778 646 2834 easdem
659 2777 861 2834 consecrandas
874 2777 1072 2832 adhibebatur.
1082 2776 1140 2831 Nisi
1154 2776 1239 2846 dicas,
1250 2776 1280 2831 in
1290 2780 1391 2847 patena
1406 2775 1558 2846 repositam
1571 2774 1655 2829 fuisse
1668 2773 1793 2829 hostiam
1805 2791 1871 2846 quae

184 2866 321 2921 sacerdoti
338 2866 484 2939 signanter
502 2869 634 2940 deputata
652 2874 721 2938 erat,
736 2869 804 2923 alias
821 2868 852 2923 in
873 2867 1015 2926 offertorio
1035 2866 1070 2923 ad
1090 2866 1321 2922 communionem
1335 2864 1472 2920 iidelium.
1490 2866 1519 2920 ιιι
1532 2865 1681 2920 offertoriis
1694 2881 1762 2920 vero
1775 2864 1869 2933 lineis,

185 2969 248 3023 quae
260 2955 354 3010 solidis
366 2963 571 3028 successerunt,
586 2958 801 3030 excipiebantur
812 2958 911 3013 itidem
925 2957 1026 3012 oblatae
1040 2972 1047 3010 :
1063 2957 1207 3029 simulque
1220 2957 1291 3011 calir
1305 2960 1333 3011 et
1346 2959 1459 3027 patena,
1475 2956 1544 3010 dum
1557 2955 1694 3010 sacerdoti
1707 2953 1869 3010 offereban-

186 3043 242 3108 tur,
256 3041 357 3097 iisdem
369 3044 517 3100 offertoriis
526 3046 750 3101 involvebantur.
767 3046 796 3101 ld
810 3046 895 3101 etiam
912 3062 988 3101 nuuc
1003 3047 1033 3100 in
1044 3062 1109 3115 usu,
1124 3050 1156 3101 ut
1176 3049 1279 3118 patena
1291 3045 1352 3101 velo
1367 3044 1497 3100 obvoluta
1511 3049 1640 3101 teneatur
1651 3060 1668 3099 a
1680 3043 1872 3115 subdiacono,

184 3128 303 3184 diacono
315 3132 495 3205 porrigenda,
510 3139 538 3190 et
554 3135 583 3190 in
597 3134 767 3208 quibusdam
787 3135 916 3191 Ecclesiis
929 3135 1011 3203 calix,
1025 3135 1083 3190 imo
1097 3135 1182 3192 etiam
1197 3136 1330 3208 ampullae
1342 3151 1407 3190 cum
1422 3135 1489 3190 velis
1501 3135 1537 3191 ad
1551 3135 1639 3190 altare
1650 3133 1826 3202 deierantur,
1837 3137 1872 3188 ιιι

185 3216 216 3272 in
236 3220 399 3276 Ehemensi.

222 3345 318 3422 186
337 3354 379 3406 15.
399 3351 508 3422 Colum,
525 3369 576 3408 seu
593 3353 768 3423 colatorium,
782 3353 884 3409 vasculi
898 3369 946 3408 seu
960 3352 1113 3408 cochlearis
1128 3368 1219 3425 genus
1233 3355 1304 3423 erat,
1317 3351 1489 3408 tenuissimis
1503 3367 1536 3405 ac
1550 3348 1739 3406 subtilissimis
1750 3349 1869 3405 forami·

184 3437 269 3493 nibus
287 3439 317 3494 in
336 3440 393 3496 imo
407 3442 494 3497 fundo
515 3443 658 3514 perforati,
677 3460 729 3515 per
746 3443 822 3515 quod
836 3443 932 3497 vinum
947 3460 981 3498 ex
994 3442 1097 3497 emulis
1110 3459 1158 3498 seu
1173 3442 1306 3514 ampullis
1319 3442 1348 3496 iu
1363 3442 1521 3513 subjectum
1531 3440 1646 3495 calicem
1657 3439 1868 3496 effundebatur.

186 3526 216 3580 ld
229 3529 293 3583 usui
305 3535 366 3586 erat
377 3531 407 3586 in
420 3532 535 3587 ecclesia
548 3534 673 3589 Romana
683 3533 745 3604 jam
760 3533 825 3589 inde
840 3550 857 3587 a
875 3533 977 3588 saeculo
990 3550 1017 3588 v,
1032 3534 1103 3588 Nam
1116 3533 1213 3588 charta
1226 3532 1397 3588 Cornutiana
1411 3534 1550 3586 memorat
1565 3552 1579 3579 «
1592 3530 1738 3585 hamulam
1757 3529 1868 3585 oblato-

184 3619 267 3686 riam,
283 3620 387 3689 colum,
399 3621 673 3691 thymiamaterium.
695 3645 708 3671 ιι
732 3625 775 3678 An
795 3623 880 3678 etiam
901 3623 977 3695 apud
999 3623 1089 3678 Gallos
1107 3626 1171 3678 ante
1185 3625 1332 3694 receptum
1343 3621 1431 3676 ritum
1446 3622 1608 3677 Romanum
1619 3619 1867 3687 fueritusitatum,

130 3734 134 3741 ·
184 3708 324 3764 incertum
342 3725 348 3763 :
364 3709 504 3781 siquidem
515 3711 625 3766 nullam
638 3712 672 3766 de
686 3712 746 3766 colo
758 3729 808 3767 seu
822 3713 956 3767 colatorio
971 3713 1146 3769 mentionem
1161 3712 1272 3786 reperio
1284 3712 1361 3784 apud
1373 3711 1504 3782 antiquos
1517 3714 1629 3766 nostros
1641 3709 1803 3780 scriptores,
1816 3709 1868 3764 Ga·

185 3797 238 3853 roli
251 3798 344 3869 Magni
356 3800 438 3853 aetate
452 3799 621 3870 superiores,
637 3801 713 3871 quod
727 3801 811 3856 etiam
823 3803 859 3858 de
872 3802 1015 3858 offertorio
1034 3801 1196 3858 dicendum.
1212 3803 1250 3856 [ie
1266 3802 1360 3856 listula
1379 3801 1466 3856 etiam
1484 3817 1534 3857 seu
1547 3800 1664 3867 calamo,
1679 3814 1737 3872 quo
1752 3797 1870 3870 sanguis

184 3887 286 3942 Christi
299 3886 492 3957 hauriebatur,
508 3904 565 3942 non
576 3888 671 3944 minor
680 3889 838 3945 difficultas.
850 3892 917 3955 Qum
929 3891 1025 3946 omnia
1037 3891 1068 3947 in
1081 3891 1229 3946 Gallicanis
1245 3889 1368 3947 ecclesiis
1381 3890 1507 3946 saltema
1516 3890 1616 3946 sarculo
1630 3906 1658 3945 rx
1668 3887 1771 3945 usitata
1781 3887 1869 3944 fuisse

186 3980 303 4048 conset,
317 3977 435 4033 tortasse
448 3977 579 4050 exemplo
593 3978 717 4034 ecclesiae
730 3980 876 4035 Romanae.

222 4115 264 4167 16.
281 4113 365 4168 Multa
378 4112 518 4185 siquidem
531 4130 597 4169 cum
608 4115 665 4170 ritu
678 4116 806 4171 Romano
821 4117 849 4171 ιιι
864 4117 1037 4174 Gallicanum
1050 4117 1160 4173 invecta
1172 4121 1247 4172 sunt.
1263 4117 1342 4173 Unde
1351 4133 1446 4189 cappae
1453 4118 1591 4172 Romanae
1602 4114 1632 4170 in
1642 4113 1775 4170 Ghmnici
1788 4114 1867 4170 Fon·

184 4201 350 4257 tenellensis
360 4218 420 4273 cap.
440 4205 481 4272 16,
495 4202 543 4259 ubi
559 4203 644 4260 etiam
658 4204 810 4277 ansegisus
823 4206 909 4260 abbas
921 4229 934 4255 ιι
949 4207 1038 4262 altare
1051 4205 1080 4262 in
1094 4206 1202 4262 honore
1218 4210 1363 4279 perpetuae
1376 4206 1493 4279 virginis
1506 4205 1599 4261 ldariae
1615 4202 1803 4276 (perhibetur)
1815 4203 1867 4259 de·

184 4306 293 4346 rorasse
306 4290 403 4347 tabula
415 4291 520 4364 lignea,
534 4309 621 4364 quam
634 4294 807 4366 imaginibus
820 4296 962 4367 argenteis
977 4296 1093 4352 diversis
1106 4297 1260 4368 cooperuit.
1276 4317 1289 4345 ιι
1305 4298 1382 4352 idem
1397 4297 1427 4351 ιιι
1441 4295 1610 4350 Flaviacensi
1623 4292 1795 4349 monasterio
1811 4312 1827 4341 «
1838 4292 1868 4347 in

183 4379 291 4437 honore
313 4385 416 4436 sancte
433 4382 576 4438 Trinitatis
597 4383 742 4439 basilicam
759 4384 916 4453 aedificavit,
931 4390 996 4441 ante
1012 4386 1093 4457 cujus
1113 4403 1203 4456 aram,
1217 4386 1344 4441 tabulam
1357 4384 1499 4457 argenteis
1517 4382 1689 4455 imaginibus
1703 4382 1868 4437 decoratam

183 4470 336 4539 collocavit,
347 4471 456 4543 ipsique
467 4489 524 4527 arae
538 4489 651 4528 crucem
662 4478 828 4545 argenteam
841 4474 987 4546 imposuit,
998 4475 1214 4547 universamque
1227 4475 1371 4530 basilicam
1384 4474 1468 4529 variis
1481 4473 1598 4545 picturis
1610 4470 1736 4527 decorari
1745 4470 1843 4542 jussit.
1852 4491 1866 4520 ιι

184 4559 254 4613 Ante
269 4574 335 4613 eum
347 4561 433 4615 Uvido
445 4563 530 4618 abbas
543 4564 748 4620 Fontauellensi
762 4565 892 4621 Ecclesia
909 4586 923 4614 «
940 4565 1050 4621 tabulas
1069 4566 1218 4621 fabricatas
1234 4570 1299 4621 ante
1318 4564 1418 4620 altaria
1438 4567 1501 4619 octo
1515 4585 1528 4614 ιι
1543 4562 1689 4618 concessit.
1703 4559 1871 4633 antiquitus

184 4647 289 4717 quippe
303 4648 378 4718 apud
392 4654 528 4705 nostrates
540 4652 632 4707 Gallos
648 4670 706 4708 non
718 4654 826 4725 altaria,
842 4655 891 4710 sed
908 4654 1030 4726 parietes
1050 4655 1170 4728 picturae
1184 4656 1362 4711 decorabant.
1376 4655 1463 4725 Cujus
1475 4652 1516 4708 rei
1534 4655 1703 4724 argumenta
1715 4649 1870 4705 retulimus

184 4734 215 4789 iu
232 4734 280 4789 lib.
300 4751 319 4804 1,
339 4752 401 4807 cap.
422 4740 448 4792 8.
470 4740 584 4794 Accedit
604 4742 680 4797 aliud
699 4760 734 4799 er
754 4745 862 4799 Ruricii
883 4745 1090 4800 lemovicensis
1112 4745 1230 4816 epistola
1245 4747 1287 4815 11,
1304 4745 1352 4800 lib.
1365 4761 1395 4814 ιι,
1409 4742 1459 4816 qui
1471 4741 1616 4798 Ceraunia
1626 4739 1714 4796 nobili
1727 4743 1872 4794 matrona

183 4822 321 4895 pictorem
341 4824 454 4896 ιιιιειιι,
471 4831 501 4882 ιιι
515 4829 662 4898 cujusdam
681 4831 802 4887 basilicae
826 4855 840 4883 ι(
861 4834 981 4905 parietes
1000 4834 1085 4890 variis
1098 4836 1225 4890 colorum
1239 4834 1311 4890 iocis
1324 4834 1501 4907 depingeret.
1518 4855 1531 4882 ιι
1546 4830 1680 4903 Apposite
1693 4828 1872 4884 Fortunatus

184 4912 214 4967 in
227 4912 277 4968 lib.
291 4929 311 4982 ι,
325 4913 451 4971 carmina
465 4919 508 4986 13,
523 4916 558 4972 de
567 4916 682 4972 basilica
696 4921 785 4976 sancti
800 4923 927 4995 Eutropii
940 4923 1121 4980 santonensis
1138 4939 1145 4978 ε

513 5066 607 5142 187
624 5075 738 5139 Sumpsit
749 5076 890 5142 imagineas
901 5080 987 5144 paries
1001 5079 1127 5132 imitando
1141 5081 1235 5145 figuras

648 5138 709 5198 Qum
723 5151 809 5204 neque
822 5142 892 5192 tecta
902 5143 987 5206 prius,
1001 5142 1058 5194 brec
1071 5143 1150 5194 modo
1163 5143 1233 5208 picta
1244 5141 1327 5193 uitem

220 5288 264 5341 17.
278 5286 366 5343 Porro
380 5302 438 5343 non
450 5288 546 5347 minus
559 5292 669 5364 prolixa
682 5296 743 5348 erat
754 5293 882 5348 Romana
896 5292 992 5366 missa,
1006 5312 1093 5368 quam
1106 5296 1257 5352 Gallicana.
1270 5294 1340 5349 Nam
1349 5292 1496 5361 unam‚vel
1510 5291 1579 5347 duas
1590 5290 1674 5346 horas
1688 5286 1876 5359 exigebatad

183 5361 511 5448 Gallicanamffaesarius
526 5397 561 5437 er
576 5382 658 5438 dictis
666 5401 675 5452 ;
691 5400 723 5438 ac
735 5383 821 5455 paulo
834 5383 970 5455 prolixius
984 5385 1119 5457 temporis
1133 5387 1257 5458 spatium
1270 5383 1423 5440 adhibebat
1436 5380 1599 5452 Gregorius,
1613 5379 1694 5451 cujus
1705 5377 1770 5433 haec
1785 5376 1877 5433 verba

182 5465 214 5519 in
225 5464 275 5519 lib.
291 5479 349 5533 vm,
370 5466 486 5536 epistola
500 5472 533 5524 35
555 5486 561 5523 :
585 5488 599 5521 a
613 5473 682 5526 Ecce
694 5472 771 5526 enim
780 5472 842 5543 jam
855 5472 1003 5528 biennium
1017 5489 1089 5545 pene
1104 5476 1245 5548 expletur,
1260 5491 1315 5547 quc
1328 5473 1430 5529 lectulo
1444 5477 1563 5528 teneor:
1578 5468 1720 5540 tantisque
1730 5468 1877 5540 podagrae

184 5553 329 5610 doloribus
341 5553 463 5626 affligor,
477 5557 567 5612 utrix
581 5558 611 5613 iu
622 5559 720 5615 diebus
735 5561 812 5617 iestis
825 5578 914 5636 usque
927 5562 962 5618 ad
975 5562 1111 5619 horarum
1129 5566 1216 5621 trium
1237 5564 1360 5638 spatium
1379 5577 1496 5635 singere
1514 5559 1634 5627 valeam,
1650 5557 1808 5612 missarum
1824 5574 1875 5614 so-

142 5718 145 5725 ,
184 5642 291 5698 lemnia
303 5644 454 5699 celebrare.
468 5666 481 5693 »
498 5647 538 5701 lta
549 5645 595 5700 ilic
609 5646 645 5701 ad
657 5648 806 5720 Eulogium
821 5652 986 5725 episcopum
1000 5653 1235 5710 Alexandrinum.
1245 5655 1333 5726 liujus
1347 5651 1517 5726 prolixitatis
1529 5649 1636 5723 partim
1648 5662 1729 5702 causa
1742 5650 1807 5704 erat
1819 5646 1876 5703 ho-

139 5730 142 5737 '
184 5732 328 5788 miliarum
339 5749 417 5804 usus,
431 5751 495 5807 quae
510 5734 806 5793 etiamiiomaestatim
818 5745 882 5810 post
894 5742 1077 5814 Evangelium
1089 5744 1249 5802 admissam
1262 5745 1377 5816 fiebant,
1388 5744 1475 5817 prout
1487 5743 1608 5798 testatur
1620 5738 1699 5795 idem
1717 5735 1877 5811 Gregorius

185 5822 302 5895 llagnus
315 5823 345 5879 in
355 5823 520 5899 praefatione
533 5825 568 5882 ad
582 5825 717 5882 liomilias
730 5827 781 5884 ιιι.
798 5827 853 5885 Sed
865 5829 927 5888 haec
939 5835 1019 5889 extra
1032 5831 1137 5891 locum.
