3884 6150
194 290 246 349 283

588 283 754 341 APPEb'Ulll
771 282 816 338 eb
833 279 945 336 OPERA
963 274 1081 334 SANCll
1098 270 1248 329 GERMANI
1267 266 1481 326 Ptmstuusts.

1825 264 1878 322 181

193 399 315 461 donasti.
336 398 384 456 tlte
399 401 522 456 mortem
537 393 724 468 temporalem
744 392 851 463 intulit,
871 394 903 447 ta
921 390 1153 471 111111Α10111,
1168 381 1350 453 adsumptam
1362 394 1398 436 ex
1419 393 1503 434 came
1525 375 1650 450 Virginis
1671 372 1728 432 riri
1753 373 1881 431 hominis

192 497 361 570 perpetuam
370 488 505 549 tribuisti.
516 493 667 561 Propterea
677 486 800 560 profusis
813 484 924 559 gaudiis
932 486 1007 539 totus
1058 477 1189 544 formam,
1203 474 1315 531 mittere
1328 473 1462 546 dignatus
1475 476 1527 540 est,
1542 469 1802 539 tratres'carissimi,
1817 484 1881 542 aup-

169 587 223 644 ·in
237 585 305 642 orbe
316 588 456 640 terrarum
475 579 599 636 mundus
618 578 743 634 exultat:
762 578 811 632 sed
830 578 858 631 et
877 590 1007 647 supernae

192 685 346 742 concinunt
356 682 509 756 potestates
524 679 665 751 hymnum
680 675 779 748 gloriae
791 677 859 743 tum,
876 675 936 731 sine
950 674 1008 730 tine

193 779 328 836 dicentes.

226 924 229 929 -
263 885 351 945 ltLttt.
368 898 449 940 uisse
459 898 486 939 rs
500 897 544 937 one
557 865 676 937 saasrro
691 893 802 936 ocrarn
814 891 935 935 resena.

228 981 375 1046 Conserra,
390 977 518 1045 Domine,
532 974 667 1031 familiam
684 976 772 1042 tuam,
789 988 859 1044 quos
878 987 913 1025 er
934 986 1008 1043 aqua

193 1080 222 1132 et
239 1073 344 1146 Spiritu
367 1075 462 1127 sancto
482 1068 622 1143 propitius
643 1065 789 1123 redemisti
796 1083 805 1136 ;
830 1069 861 1120 ut
884 1069 1008 1120 veterem

192 1168 340 1227 bominem
361 1182 426 1221 cum
444 1164 502 1220 suis
521 1163 630 1218 actibus
652 1159 850 1234 exspoliantes,
872 1158 902 1214 in
920 1157 1008 1231 ipsius

192 1260 404 1320 conversatione
430 1259 567 1328 vivamus,
594 1256 629 1312 ad
654 1255 734 1328 cujus
751 1251 936 1309 substantiam
957 1268 1009 1325 per

191 1357 252 1415 beto
265 1353 407 1428 paschalia
417 1352 527 1409 dierum
539 1354 701 1406 octavarum
713 1352 770 1404 tuae
785 1345 1008 1404 Resurrectionis

192 1449 328 1523 mysteria
340 1445 518 1504 transtulisti.
532 1446 595 1500 Per.

533 1545 667 1598 Collectio.

228 1637 290 1706 Fac,
304 1635 484 1706 omnipotens
498 1636 526 1688 et
538 1631 697 1688 misericors
710 1629 792 1700 Deus,
807 1632 837 1684 ut
849 1627 925 1701 quod
936 1632 1009 1683 octa—

191 1729 412 1786 varumdicrum
426 1725 649 1783 Resurrectionis
668 1729 724 1779 tua
741 1721 920 1795 paschalibus
939 1722 1009 1777 eele-

191 1824 306 1881 bramus
314 1821 423 1892 ciliciis,
433 1819 612 1877 fructiferum
622 1818 706 1874 nobis
718 1816 934 1888 omnitempore
947 1831 1009 1872 sen·

192 1919 303 1973 namus·
319 1915 374 1972 sal·
485 1963 692 2034 ‘PostnomIna

226 2073 301 2129 [teus
311 2070 513 2127 misericordiae
524 2069 715 2141 sempiterna,
726 2066 815 2139 quiin
825 2067 885 2140 ipso
894 2068 1009 2124 Pascha—

189 2165 224 2222 111
240 2165 304 2222 festi
323 2181 439 2222 recursu
458 2163 544 2220 tidem
563 2165 678 2218 sacratae
693 2160 745 2217 tibi
764 2160 853 2232 plebis
869 2162 1006 2231 accendis,

189 2275 263 2332 auge
277 2258 408 2333 gratiam,
422 2274 510 2331 quam
522 2256 634 2324 dedisti,
648 2258 681 2311 ut
693 2255 781 2329 digna
794 2271 893 2310 omnes
906 2254 1009 2310 intelli·

191 2353 286 2425 gentia
299 2352 542 2424 comprehendant
557 2366 614 2423 quo
629 2349 740 2406 lavacro
752 2349 852 2419 abluti,
872 2365 928 2421 quo
948 2348 1008 2420 Spi-

189 2446 247 2503 ritu
260 2445 429 2519 regenerati,
445 2461 501 2518 quo
513 2443 651 2516 sanguine
660 2445 727 2499 sunt
743 2443 874 2499 redemti.
889 2443 952 2499 Per.

523 2546 562 2598 td
575 2559 679 2612 pacem.

224 2636 305 2704 Deus,
317 2634 366 2707 qui
377 2648 429 2705 per
442 2634 626 2705 Unigenitum
640 2635 723 2688 tuum
738 2629 903 2687 aeternitatis
924 2629 1007 2686 nobis

188 2729 307 2799 aditum,
319 2726 427 2783 devicta
441 2730 542 2796 morte,
557 2725 698 2795 reserasti,
707 2725 798 2781 deduc
810 2741 862 2780 nos
874 2723 909 2779 ad
923 2723 1007 2780 socie-

186 2825 275 2879 tatem
288 2820 442 2877 celestium
456 2820 636 2894 gaudiorum,
651 2823 682 2874 01
694 2818 802 2890 Spiritu
818 2821 914 2874 sancto
927 2834 1007 2874 rena·

188 2918 231 2971 tos
244 2931 367 2988 regnum
380 2918 463 2970 tuum
476 2914 562 2970 facias
571 2912 698 2969 introire.
713 2913 768 2968 Per
776 2927 888 2984 resurg.

512 3013 679 3065 contestatio.

224 3099 347 3172 [tignum
360 3102 390 3155 et
395 3099 505 3170 justum
513 3103 565 3169 est,
576 3098 765 3154 necessarium
778 3101 808 3154 et
819 3099 940 3155 salutare
950 3102 1002 3169 est,

186 3195 267 3249 utta
287 3192 441 3249 Dominum
462 3209 495 3248 ac
512 3194 602 3248 Deum
625 3193 691 3247 totis
710 3191 862 3248 visceribus
879 3193 1005 3248 humana

187 3285 309 3343 ⁰⁰¹¹diti⁰
333 3291 495 3357 venerem*
523 3287 583 3342 ΗΘΚ
610 3285 747 3347 mirabilis
772 3286 893 3342 αἶψ’
918 3286 1004 3358 cujus
1052 3336 1161 3393 tionem
1173 3336 1216 3392 tui
1225 3336 1473 3410 Spiritusamorte
1483 3335 1585 3390 animae
1597 3349 1791 3407 resurgamus·
1808 3333 1874 3389 Per·

186 3379 433 3450 condemnatione,
456 3379 585 3435 tartareis
598 3378 715 3435 vinculis
734 3378 863 3435 absoluta
885 3380 1003 3435 creden-

187 3473 258 3530 tium
272 3474 365 3542 turba,
378 3472 517 3530 libertatis
530 3472 653 3544 insignia
661 3473 830 3544 gratulatur.
839 3473 1005 3538 Quirereut

186 3567 240 3624 teo
252 3568 287 3624 de
300 3567 377 3623 tribu
388 3568 458 3623 luda
472 3567 579 3622 mundo
593 3571 731 3635 ostensus,
748 3567 909 3623 animarum
923 3567 1005 3623 devo·

186 3664 310 3716 retorem
330 3660 487 3715 extinctum
509 3661 621 3716 leonem
641 3661 784 3716 diabolum
809 3661 902 3716 omnis
930 3664 1004 3717 terra

185 3753 308 3808 laetatur.
325 3753 468 3809 Permittis
482 3756 509 3808 te
523 3754 665 3810 clavorum
677 3754 796 3810 neribus
808 3754 956 3827 alligatum
968 3755 1004 3812 ad

186 3846 312 3917 stipitem
322 3846 412 3901 erucis
424 3845 538 3916 tereri·,
549 3850 651 3903 utnon
668 3847 704 3902 sit
712 3864 797 3920 parva
805 3863 891 3919 quem
900 3847 1004 3920 impius

186 3938 329 4010 quondam
342 3942 507 4010 expavescat
519 3940 655 4011 potentia.
668 3941 710 3996 td
718 3941 799 4012 cujus
807 3957 907 3997 rocem
919 3941 1002 3997 emit·

1058 570 1170 643 pliciter
1190 584 1353 636 ereremum
1375 572 1409 622 ut
1434 566 1507 622 sicut
1531 565 1562 620 in
1584 565 1637 620 hac
1663 562 1881 621 Resurrectione

1058 664 1186 738 ejusdem
1199 680 1250 718 nos
1263 680 1280 717 1
1294 663 1387 717 morte
1400 664 1539 734 perpetua
1552 675 1618 715 curn
1632 659 1680 714 illo
1692 656 1881 728 resuscitarit,

1058 757 1098 813 ita
1116 757 1226 830 pietatis
1243 772 1302 812 sum
1317 756 1391 812 dono
1405 755 1440 810 ab
1454 753 1587 809 omnibus
1598 769 1650 808 nos
1663 750 1773 808 inimici
1784 755 1898 807 11111111-

1059 851 1179 920 insidiis,
1197 849 1308 905 inlaesos
1322 849 1405 904 faciat
1414 849 1444 903 in
1457 847 1555 903 matris
1568 845 1697 903 Ecclesia
1710 844 1821 918 gremio
1831 859 1878 902 ro·

1059 945 1156 1000 sedere
1165 961 1174 1012 ;
1191 948 1219 999 et
1233 937 1414 999 conscientias
1434 941 1598 1013 integritate
1612 940 1646 994 de
1665 938 1882 1011 regeneratione

1060 1038 1225 1111 gaudentes,
1242 1041 1350 1092 aeterna
1360 1035 1571 1110 primitivorum
1585 1033 1729 1101 Ecatesiae,
1743 1032 1882 1105 0111111111·

1060 1131 1177 1187 modum
1191 1131 1338 1187 devotione
1351 1130 1385 1184 ad
1401 1145 1537 1202 praesens,
1555 1128 1595 1183 ita
1608 1130 1637 1182 et
1648 1125 1881 1183 remuneratione

1059 1225 1181 1281 adsociet
1193 1225 1223 1280 in
1237 1229 1392 1294 aeternum3
1404 1228 1433 1279 et
1444 1223 1505 1278 haec
1519 1237 1640 1278 munera
1654 1220 1745 1294 plebis
1758 1235 1817 1277 suae
1827 1218 1878 1278 be·

1057 1319 1188 1375 aedicere
1204 1317 1420 1405 dignetur58al.

1403 1403 1538 1474 collectio.

1093 1481 1176 1551 Deus,
1192 1480 1278 1537 totius
1287 1480 1423 1538 claritatis
1436 1480 1566 1537 conditor
1572 1482 1600 1535 et
1609 1478 1781 1549 moderator,
1791 1494 1877 1552 quem

1058 1575 1183 1632 caelestia
1201 1575 1352 1646 mirantur,
1375 1579 1404 1631 et
1417 1579 1530 1631 terrena
1544 1573 1679 1646 pavitant,
1694 1572 1807 1628 interna
1819 1576 1877 1630 tre-

1057 1669 1198 1740 miscunt3
1222 1670 1268 1725 cui
1285 1667 1453 1742 angelorum
1473 1673 1576 1724 turmae
1594 1671 1622 1723 et
1638 1667 1878 1739 archangelorum

1018 1771 1047 1845 Β
1058 1763 1198 1820 exereitus
1208 1762 1340 1834 militant,
1350 1779 1409 1818 non
1416 1762 1458 1819 uti
1466 1762 1607 1818 mundum
1619 1776 1779 1834 expugnes,
1790 1776 1879 1834 quem

1058 1857 1117 1930 ipso
1129 1857 1230 1926 iecisti,
1247 1857 1295 1913 sed
1310 1861 1343 1912 ut
1355 1857 1473 1912 subruas
1486 1856 1587 1911 mundi
1599 1858 1723 1927 peccata,
1737 1871 1803 1927 quae
1816 1853 1878 1911 dia·

1058 1951 1139 2008 bolus
1152 1950 1311 2021 adinvenit3
1325 1950 1391 2023 quia
1404 1951 1444 2005 ita
1464 1951 1596 2022 dignatus
1616 1965 1646 2005 es
1663 1948 1781 2022 diligere
1800 1949 1879 2004 hunc

1057 2045 1208 2114 mundum,
1225 2049 1259 2101 ut
1271 2043 1454 2116 Unigenitum
1465 2047 1548 2099 tuum
1561 2044 1686 2099 traderes
1709 2058 1762 2116 pro
1782 2047 1881 2099 nostra

1058 2139 1157 2209 salute,
1170 2137 1250 2211 cujus
1260 2153 1342 2193 cruce
1352 2137 1492 2210 redempti
1505 2154 1613 2207 sumus,
1627 2140 1718 2193 morte
1732 2135 1877 2207 vivificati,

1056 2233 1185 2305 passione
1199 2232 1306 2302 salvati,
1322 2231 1528 2288 resurrectione
1547 2229 1703 2303 glorificati.
1717 2231 1770 2286 Per
1780 2229 1879 2302 ipsum

1056 2326 1153 2399 itaque
1166 2330 1194 2382 te
1206 2325 1346 2398 supplices
1359 2325 1533 2395 invocamus,
1554 2328 1587 2379 ut
1599 2323 1665 2379 huic
1679 2321 1796 2380 familiae
1817 2327 1875 2381 tua

1056 2419 1087 2474 in
1100 2419 1233 2476 omnibus
1249 2419 1345 2475 adesse
1360 2418 1496 2491 digneris,
1518 2417 1591 2473 sicut
1612 2417 1727 2473 adfuisti
1746 2416 1877 2489 patribus

1056 2513 1159 2569 nostris
1175 2513 1353 2585 sperantibus
1373 2513 1403 2568 in
1421 2518 1471 2568 tua
1487 2510 1700 2566 misericordia:
1726 2510 1765 2565 sic
1787 2510 1879 2567 ethis

1057 2607 1188 2663 omnibus
1200 2607 1296 2662 adesse
1311 2606 1439 2677 dignare,
1460 2609 1493 2660 ut
1512 2605 1549 2659 sit
1568 2603 1599 2659 iu
1623 2604 1753 2660 sensibus
1774 2618 1878 2663 eoman

1055 2701 1142 2757 timor
1156 2700 1311 2756 devotionis
1326 2705 1394 2767 tuse,
1409 2698 1440 2754 in
1452 2698 1535 2754 corde
1548 2697 1628 2767 fides,
1642 2698 1674 2754 in
1691 2713 1777 2770 opere
1794 2698 1879 2769 justi-

1055 2795 1104 2865 tia,
1120 2794 1150 2850 in
1163 2799 1228 2849 actu
1241 2793 1340 2867 pietas,
1357 2793 1388 2848 in
1406 2792 1505 2865 lingua
1519 2791 1630 2861 veritas,
1648 2791 1679 2847 in
1696 2790 1826 2847 moribus
1838 2790 1879 2849 di·

1056 2888 1183 2961 scipliae,
1197 2891 1231 2943 ut
1242 2887 1329 2958 digne
1343 2887 1453 2959 riteque
1466 2884 1684 2941 immortalitatis
1705 2881 1804 2958 260
1822 2883 1880 2942 sibi

1056 2981 1208 3054 praemium
1220 2980 1355 3053 consequi
1369 2984 1543 3035 mereantur.
1557 2980 1620 3034 Per.

1367 3074 1429 3124 Post
1445 3072 1561 3133 nomina,

1014 3143 1042 3219 C
1089 3149 1226 3217 Concede,
1237 3165 1412 3222 quesumus,
1424 3148 1602 3220 omnipotens
1611 3148 1694 3218 Deus,
1708 3144 1806 3218 utqui
1821 3144 1873 3203 Re·

1054 3243 1234 3299 surrectionis
1245 3243 1394 3299 dominicae
1406 3242 1551 3297 sollemnia
1562 3240 1689 3310 colimus,
1697 3255 1749 3312 per
1757 3238 1876 3295 innova·

1090 3504 1197 3561 Exaudi
1215 3520 1277 3573 nos,
1298 3429 1428 3571 Uomirieff
1443 3441 1548 3558 offlam,
1569 3505 1662 3571 Pater,
1690 3501 1875 3574 omnipotens

1054 3601 1141 3669 [teus;
1155 3601 1184 3656 et
1192 3597 1236 3654 his
1243 3597 1432 3653 oblationibus
1442 3596 1628 3669 precibusque
1641 3596 1790 3669 susceptis,
1802 3610 1875 3669 prn-

1054 3693 1151 3750 sentiae
1171 3696 1228 3747 tua
1244 3691 1379 3747 virtutem
1401 3691 1548 3761 intersere,
1566 3696 1597 3746 ut
1617 3689 1693 3765 qarod
1713 3689 1822 3763 singuli
1837 3687 1874 3746 ad

1053 3786 1202 3858 ltajestatis
1215 3790 1271 3841 tum
1280 3785 1445 3841 obtulerunt
1456 3786 1606 3856 honorem,
1621 3784 1730 3842 cunctis
1742 3781 1874 3857 proficiat

1052 3880 1089 3936 ad
1102 3879 1232 3939 salutem.
1246 3880 1300 3935 Per
1311 3895 1424 3951 resurg.

1387 3966 1533 4017 tmmotatio

187 4035 249 4087 tens
271 4032 415 4104 spiritum,
434 4035 510 4088 terra
528 4033 654 4102 tremuit,
674 4034 775 4089 caelum
802 4035 925 4106 expavit,
944 4035 1004 4090 dies
1088 4042 1213 4115 Dignum
1227 4046 1255 4098 et
1263 4043 1433 4114 justumost,
1445 4042 1634 4098 necessarium
1647 4045 1675 4099 et
1687 4041 1812 4098 satutma
1820 4046 1872 4114 est,

185 4125 268 4198 fugit,
282 4127 323 4180 sol
343 4124 507 4182 obscuratus
526 4129 577 4196 est,
599 4130 674 4181 astra
693 4127 896 4183 abscondentes
911 4128 1004 4183 radios
1052 4134 1167 4194 postibi
1179 4135 1284 4208 gratias
1296 4152 1391 4208 agere,
1407 4136 1587 4208 omnipotens
1600 4136 1684 4204 Dens,
1694 4135 1762 4192 licet
1773 4135 1872 4208 glorias

185 4218 691 4293 111011111111101111111111181111111111·
716 4218 812 4294 259
836 4220 922 4292 Cujus
943 4220 1004 4277 det
1052 4234 1109 4286 tuae
1122 4229 1285 4286 mortalium
1298 4229 1429 4285 membra
1442 4246 1500 4285 non
1514 4228 1873 4302 congruantltedemptio-

185 4329 281 4382 censu,
296 4312 447 4370 contractis
459 4313 559 4386 portis,
572 4313 653 4386 luget
664 4313 820 4370 internum.
834 4314 895 4379 Quo
907 4330 1002 4370 resur·
1051 4323 1096 4380 nis
1107 4328 1213 4380 nostra
1224 4323 1350 4396 perferre
1362 4323 1519 4395 preconia:
1534 4323 1603 4378 dum
1616 4322 1768 4378 hominum
1779 4338 1871 4396 genas

185 4411 279 4479 gente,
294 4407 427 4463 laelassltll
441 4408 547 4481 angeli,
562 4408 669 4464 wilm
686 4412 761 4464 11118
779 4424 845 4464 tum
866 4407 1003 4464 htbifflttt
1052 4418 1246 4490 mancipatum
1257 4421 1359 4487 morte,
1369 4416 1546 4472 internorum
1559 4415 1671 4472 sedibus
1683 4415 1871 4472 tenebrarum

183 4499 262 4556 ribus
274 4501 341 4556 suis.
362 4502 393 4556 tn
414 4517 471 4572 quo
492 4501 641 4574 triumpho
661 4501 832 4574 conspicitur
857 4502 1142 4589 comitatioDvincla
1153 4510 1368 4582 restringerent,
1384 4509 1509 4583 spiritate
1525 4509 1658 4579 Verbum,
1679 4524 1732 4580 per
1751 4509 1872 4581 quodin

183 4591 230 4647 illa
250 4591 415 4664 prophetico
433 4610 482 4650 ore
498 4595 636 4666 promissa
651 4611 658 4651 ε
676 4598 730 4652 Ero
750 4612 828 4651 mors
845 4600 904 4666 tua,
924 4612 941 4650 0
960 4596 1002 4651 in·
1051 4604 1192 4677 principio
1207 4603 1303 4660 omnia
1314 4603 1428 4660 iuerant
1438 4604 1601 4672 constituta,
1613 4601 1758 4658 descendit
1772 4602 1803 4659 in
1817 4604 1872 4659 lta·

183 4685 272 4740 ferne.
288 4685 340 4740 Ubi
353 4688 476 4757 astorgo
495 4688 612 4745 ristona
631 4689 697 4745 tuat
716 4690 771 4746 Nec
788 4689 867 4746 enim
887 4690 922 4745 ab
944 4689 1000 4745 alio
1050 4698 1141 4767 riam3
1157 4698 1300 4771 quadum
1314 4701 1429 4770 partum
1443 4714 1527 4753 suum
1538 4697 1623 4771 Virgo
1635 4695 1766 4765 miratur,
1784 4696 1874 4753 111111·

183 4781 302 4850 poterat,
315 4777 370 4834 nisi
382 4796 399 4833 a
411 4779 467 4834 vita
481 4796 560 4836 mors
572 4782 709 4838 devorari.
722 4784 776 4848 Qui
794 4784 930 4840 descensu
949 4801 1001 4839 suo
1050 4806 1113 4848 sum
1127 4790 1275 4847 hominem
1284 4790 1372 4847 edidit
1386 4791 1485 4847 ileum.
1499 4791 1589 4856 Quem
1602 4794 1791 4847 tamentuum
1800 4805 1873 4861 esse,

183 4889 229 4928 eos
241 4872 473 4945 quitenebantur
494 4878 619 4930 amorte
639 4876 749 4946 superis
768 4877 890 4934 reddidit
910 4894 1001 4934 resur
1050 4900 1160 4942 summe
1173 4885 1352 4959 omnipotens
1366 4885 1449 4955 Ueus,
1463 4889 1618 4958 antequam
1635 4888 1812 4953 nasceretur,
1830 4901 1876 4941 co·

183 4966 286 5037 gendo,
300 4970 331 5020 111
342 4966 403 5037 ejus
425 4966 593 5022 resurrectio
612 4967 743 5023 1110111111
760 4969 804 5024 vel
822 4975 1000 5027 mortuorum
1049 4983 1194 5052 gnoverat,
1206 4979 1313 5052 quippe
1321 4995 1386 5052 quaa
1394 4978 1501 5034 sciebat
1510 4977 1609 5035 mundi
1618 4993 1678 5034 esse
1685 4977 1872 5050 principium.

182 5058 342 5114 testimonio
353 5059 535 5116 formaretur.
550 5060 629 5116 Unde
644 5064 738 5116 sancte
758 5063 850 5133 Pater,
872 5065 1000 5136 omnipo
1049 5075 1074 5128 ts
1091 5088 1216 5145 namque
1229 5088 1343 5128 crucem
1358 5078 1511 5146 spontanea
1521 5072 1676 5139 voluntate,
1691 5075 1811 5144 propter
1824 5087 1872 5129 re·
1888 5072 1895 5085 “

181 5155 254 5220 wls,
265 5155 370 5209 &tame
383 5155 469 5222 00⁰³»
483 5155 641 5225 1111131111
652 5153 999 5214 Chrsslumffiliumtuum
1049 5166 1243 5238 demptionem
1266 5166 1385 5223 humani
1409 5166 1531 5238 generis,
1554 5165 1589 5222 de
1613 5163 1729 5221 inimico
1748 5168 1874 5239 tyranno

182 5244 334 5301 Dominum
352 5250 482 5303 nostrum
495 5247 585 5321 gloria
598 5249 649 5306 tibi
663 5264 786 5323 semper,
801 5249 852 5322 qui
866 5249 897 5304 in
912 5254 950 5318 te,
971 5257 1000 5309 et
1051 5260 1287 5333 triumphaturus,
1303 5260 1445 5331 ascendit3
1458 5263 1486 5317 et
1500 5260 1598 5316 relicto
1611 5234 1757 5332 paulisper
1767 5275 1874 5332 corpo·

158 5427 161 5430 .
182 5354 217 5395 ex
229 5343 266 5408 ta,
281 5343 309 5395 et
323 5344 418 5396 tecum
432 5357 544 5414 semper
553 5346 604 5399 est.
620 5344 674 5399 Per
685 5359 771 5416 quem
783 5347 811 5400 te
823 5342 926 5399 landb.
1048 5354 1086 5410 ris
1098 5355 1215 5427 templo,
1225 5353 1384 5410 interorum
1392 5355 1515 5410 claustra
1523 5353 1718 5426 confringens,
1728 5351 1873 5425 pristine,

358 5443 445 5499 XLtV.
458 5459 537 5502 nisse
554 5461 677 5502 amusan
693 5462 813 5503 resena.
1047 5451 1157 5505 utente
1175 5449 1278 5518 fuerat,
1302 5447 1367 5503 vitae
1387 5448 1520 5504 restituit.
1536 5448 1592 5503 Nec
1609 5446 1758 5503 suffecerat
1778 5445 1874 5502 solum

216 5536 317 5607 Deum,
332 5535 381 5608 qui
397 5552 449 5608 pro
460 5537 543 5593 ruina
553 5538 639 5594 totius
652 5539 752 5596 mundi
765 5540 881 5597 unicum
894 5539 997 5596 Filium
1047 5540 1192 5599 hominem
1202 5541 1366 5599 emendasse
1379 5545 1545 5627 peceatum:
1560 5540 1609 5597 sed
1620 5556 1673 5614 per
1694 5537 1874 5600 ablutionem

216 5659 229 5688 ¹
244 5660 287 5716 Sic
301 5660 330 5716 in
343 5661 445 5717 blissali
457 5662 608 5719 Gallicano.
623 5667 665 5719 An
679 5669 771 5722 teneri.

219 5729 321 5788 bltihil
340 5732 387 5790 hic
406 5733 441 5790 de

677 5738 682 5749 ‚
911 5738 917 5749 ,
1047 5666 1228 5740 suscepisset,
1238 5668 1391 5752 quamuis
1412 5667 1605 5750 rememorari.
1617 5666 1747 5750 amone,
1765 5682 1802 5723 ex
1818 5652 1874 5725 ne

138 5879 144 5889 ¹
181 5734 578 5881 qmmemvempffiffi
587 5738 997 5885 gtffpffiqutsglfflshgffi
1046 5740 1130 5798 tardo
1148 5741 1246 5797 110111
1260 5757 1288 5798 rx
1304 5756 1436 5815 episeopo
1451 5742 1618 5812 1111011111,
1637 5755 1669 5796 tn
1686 5738 1813 5817 01011010
1824 5741 1871 5798 13.
