3884 6150
127 300 186 355 237
678 296 722 354 DE
741 271 1100 355 tlituolt'ssnttlctn'a
1120 299 1220 355 iture
1239 300 1283 354 lll.
1765 306 1816 360 238

124 411 164 463 ut
176 421 289 480 nosper
302 406 422 461 verbum
430 405 736 478 Spiritussuiiueorde
747 408 872 480 purgati,
886 408 947 463 sine
958 407 1055 493 Aritu
1079 412 1175 464 saneto
1199 407 1269 463 vivis
1293 412 1321 464 et
1340 423 1442 480 regnas
1463 407 1493 464 iu
1514 409 1617 467 saecula
1635 411 1816 470 seculorum.

125 500 660 557 camisvuluereeircumeideremurin
669 502 830 573 spiritu;nt
838 503 951 575 utrique
1001 505 1101 558 Amen.

123 595 212 650 sexui
225 595 374 668 proficeret
386 594 562 651 circumcisio
575 585 718 667 spiritalis,
740 597 808 668 qnia
819 614 871 669 pro
884 599 950 654 uui·
1135 659 1140 669 ,
1193 573 1318 670 ῬῩΠΕῩΠῩ
1334 576 1393 638 ⁹⁰⁸¹
1410 574 1630 670 ωωωίοῃθω·

123 691 263 746 venitm
279 688 391 762 generis
409 688 530 744 humani
549 690 673 745 Salvator
693 690 855 749 advenerat·
873 693 952 750 Unde
1036 657 1141 762 Reiecti
1157 659 1278 731 spiritali
1291 660 1363 729 cibo,
1386 664 1414 716 et
1433 660 1538 716 caelesti
1557 662 1658 733 poculo
1682 665 1817 735 reparati,

121 789 287 856 utrumque
300 799 400 839 sexum
413 787 620 839 sacramentum
632 785 836 842 lnfflrnationis
848 789 953 859 ampl&
1002 757 1226 855 omnipotentem
1241 754 1341 857 Deum,
1353 754 1452 858 tratres
1465 755 1610 824 carissimi,
1622 756 1817 829 deprecemur,

122 895 187 934 ms
199 882 251 949 est,
267 877 422 950 suscipiens
434 876 542 946 Virum,
557 882 640 934 natus
660 895 692 934 ex
708 880 832 937 Femina·
846 883 951 947 Quam·
1003 850 1092 917 utqui
1113 863 1164 901 nos
1177 863 1304 918 corporis
1324 863 1367 902 sui
1385 848 1599 921 participatione
1622 854 1651 905 et
1673 851 1820 923 sanguinis

120 972 243 1039 obrem,
261 971 389 1039 Domine,
407 970 574 1026 sacrificium
595 971 823 1030 Circumcisionis
836 975 951 1032 sollem—
1002 938 1137 996 ⁰ffi¹⁵i⁰¹¹⁰
1154 942 1284 1012 redemit’
1308 941 1338 1046 {¹¹
1356 941 1485 1014 reqmem
1501 945 1701 1016 sempioemffln
1721 945 1822 1048 inl'fflt

121 1065 222 1121 nitate
235 1066 325 1120 votiva
348 1082 400 1137 pro
417 1069 520 1120 nostrie
539 1065 704 1122 aeternitatis
725 1068 829 1139 gaudio
844 1070 952 1142 suppli·
1003 1035 1156 1091 ⁰⁰¹¹l⁰⁰⁸m
1171 1037 1225 1091 per
1239 1037 1392 1091 nmmum
1413 1042 1542 1092 nmirum
1560 1040 1656 1094 Jesum
1673 1039 1818 1095 Clmstum

1003 1128 1106 1184 Filium
1118 1145 1213 1186 suum.

1276 1200 1402 1252 collectio
1419 1200 1544 1266 sequitur.

1039 1285 1255 1341 Misericordiam
1266 1289 1356 1357 tuum,
1368 1287 1498 1356 Domine,
1509 1287 1650 1359 supplices
1660 1305 1819 1362 exoramus,

1003 1384 1035 1435 ut
1049 1380 1102 1434 hoe
1117 1385 1198 1436 tuum
1219 1381 1432 1438 Sacramentum
1447 1398 1506 1438 non
1523 1382 1558 1438 sit
1573 1383 1653 1437 nobis
1674 1387 1767 1438 reatus
1780 1384 1819 1437 ad

444 1511 505 1562 Post
524 1511 644 1563 sanem
1003 1491 1127 1546 poenam,
1154 1475 1202 1530 sed
1227 1477 1276 1531 ssat
1298 1476 1460 1532 intercessio
1482 1477 1614 1532 salutaris
1637 1477 1672 1532 ad
1697 1477 1820 1532 veniam.

173 1587 243 1643 Vere
267 1586 396 1656 Sanctus,
423 1603 489 1642 vere
513 1587 679 1644 benedictus
705 1588 840 1644 Dominus
858 1593 955 1646 noster
1003 1569 1082 1633 Qu⁰d
1096 1569 1304 1641 ipsepfaeffle
1317 1570 1454 1642 digneris·

127 1677 216 1732 lesus
229 1675 356 1732 Christus
368 1675 456 1730 Filius
470 1679 546 1746 tuiis,
561 1676 701 1749 quiverit
715 1694 842 1750 querere
854 1683 883 1734 et
897 1680 953 1735 sal-
1267 1680 1441 1732 Benedictiob
1455 1682 1555 1746 populi.

130 1787 205 1825 '⁰¹¹¹
220 1770 311 1826 facere
324 1770 402 1842 qu⁰d
415 1771 637 1920 Ρθὲζζῖἒὲοᾞῗ
654 1788 730 1827 emm
745 1774 836 1845 pmdle
857 1789 995 1872 quum'B
1041 1846 1191 1902 Benedicat
1205 1863 1252 1902 vos
1267 1847 1404 1903 Dominus
1417 1847 1606 1919 omnipotens,
1622 1854 1649 1904 et
1663 1865 1714 1921 per
1728 1850 1822 1905 abun-

169 1933 239 2000 time
251 1960 315 2012 nos,
329 1944 456 2014 Domine,
466 1944 596 2000 instituta
606 1951 779 2018 etpraecepta
791 1947 954 2010 retinentes,
1007 1939 1133 1995 dentiam
1149 1940 1349 1997 misericordiae
1370 1943 1821 2006 suaecornostrumconroboiet.
1910 1968 1914 1973 ·

134 2038 305 2111 suppliciter
316 2054 440 2109 oramus,
455 2038 497 2094 uli
515 2039 569 2094 hoe
582 2038 749 2095 sacrificium
764 2041 915 2114 suscipere,
929 2047 957 2099 et
1007 2036 1106 2089 Amen·
1126 2035 1247 2090 Mentem
1268 2035 1431 2104 sanctificet,
1451 2037 1537 2091 Vitam
1554 2037 1718 2109 amplificet,
1740 2037 1822 2092 casii·

135 2132 316 2199 benedieere,
346 2137 374 2187 el
393 2131 567 2188 sanctificare
594 2133 729 2206 digneris,
757 2140 789 2190 iit
809 2136 857 2191 liat
877 2136 956 2192 nobis
1007 2128 1133 2183 moniam
1152 2129 1274 2200 d000ret,
1290 2133 1375 2202 atque
1391 2146 1489 2186 sensus
1502 2137 1607 2187 vestros
1620 2131 1649 2186 in
1662 2131 1822 2203 bonisope-

135 2226 315 2282 Eucharistia
328 2225 456 2299 legitima
469 2226 497 2280 in
518 2231 568 2282 tuo
583 2208 704 2299 Filiique
724 2229 768 2284 tui
789 2229 916 2301 nomine,
930 2234 958 2287 et
1007 2221 1086 2277 ribus
1099 2238 1210 2293 semper
1225 2222 1353 2279 edificet.
1368 2227 1468 2280 Amen.
1485 2227 1620 2297 Prospera
1633 2225 1749 2296 tribuat,
1771 2241 1823 2298 pa-

136 2321 259 2394 Spiritus
278 2320 377 2390 sancti,
400 2321 430 2375 in
455 2319 762 2378 transformationem¹
782 2324 906 2396 corporis
926 2342 957 2380 ae
1008 2331 1070 2371 oeni
1089 2316 1233 2384 concedat,
1257 2318 1378 2373 salutem
1400 2319 1535 2390 conserat,
1559 2319 1685 2390 quietem
1706 2318 1824 2388 nutriat,

137 2414 286 2487 sanguinis
304 2414 417 2470 Domini
436 2414 486 2470 Dei
504 2414 594 2470 nostri
609 2416 674 2471 iesu
692 2416 796 2473 christi
814 2418 958 2491 unigeniti
1008 2410 1152 2466 caritatem
1165 2411 1285 2481 muniat,
1300 2415 1328 2467 et
1341 2412 1376 2467 ab
1389 2411 1521 2467 omnibus
1531 2412 1678 2468 diabolicis
1687 2417 1715 2468 et
1723 2413 1826 2469 huma·
1854 2470 1858 2476 ,

138 2508 190 2565 tui.
211 2510 265 2564 Per
276 2525 363 2580 quem
375 2508 471 2564 omnia
483 2525 571 2578 creas,
586 2514 680 2565 creata
699 2510 853 2579 benedicis,
868 2512 956 2569 hene·
1007 2503 1051 2558 nis
1064 2503 1172 2559 insidiis
1186 2522 1236 2560 sua
1247 2521 1296 2560 vos
1309 2522 1422 2578 semper
1434 2507 1608 2578 protectione
1621 2511 1649 2563 et
1660 2506 1763 2564 virtute
1776 2508 1824 2563 de·

139 2602 214 2657 dicta
239 2602 407 2673 sanctificas,
432 2607 460 2658 et
478 2603 649 2659 sanctificata
670 2604 783 2676 largiris
802 2606 886 2676 nens,
909 2606 959 2678 qui
1008 2598 1335 2655 senoniensium
1354 2600 1536 2656 devotionem
1558 2605 1681 2657 vestram
1699 2602 1826 2674 placatus

141 2697 170 2752 in
181 2697 317 2753 trinitate
330 2696 454 2769 peiteeta
467 2697 538 2752 vivis
553 2702 581 2754 et
594 2714 697 2770 regnos
709 2698 739 2754 in
752 2699 855 2755 saecula
868 2717 957 2756 sreca-
999 2712 1121 2769 ,semper
1133 2698 1276 2769 suscipiat,
1288 2704 1321 2753 nt
1335 2716 1533 2772 quecumque
1551 2700 1587 2755 ab
1598 2717 1631 2757 eo
1643 2700 1828 2772 postulaveri-

141 2791 245 2847 lorum.
1010 2791 1054 2861 tis,
1068 2792 1221 2848 clementer
1235 2792 1378 2848 concedat.
1392 2796 1493 2867 limen.
1503 2793 1620 2849 Auferat
1633 2794 1728 2849 omnia
1737 2793 1824 2865 mala,

347 2863 414 2912 Ante
426 2860 570 2913 emtionem
582 2862 754 2913 Dominicum.

176 2939 409 3011 omnipotentem
430 2938 636 3009 sempiteinum
654 2939 805 2994 Dominum
824 2941 958 3012 deprece-

143 3051 219 3105 mur,
231 3038 265 3090 ut
278 3032 371 3105 quiin
385 3031 497 3087 Domini
510 3032 600 3087 nostri
612 3035 676 3088 lesu
686 3033 789 3090 Christi
804 3035 959 3091 Circumci-

145 3125 960 3203 sionetribuittotiusreligionisinitiumperfectionemque

147 3228 283 3292 constare,
297 3221 346 3276 det
357 3220 439 3275 nobis
456 3220 561 3291 ineius
580 3221 710 3293 portione
728 3223 846 3294 censeri,
862 3225 891 3279 iii
904 3178 998 3296 quoC
1013 3222 1052 3276 tlt.
1086 3237 1221 3279 iiciriiinr
1252 3236 1451 3286 rniuririoi'ss,
1484 3237 1538 3279 ccii
1572 3238 1770 3282 consenesco
1801 3241 1828 3280 is

148 3317 228 3372 totius
238 3315 337 3371 salutis
349 3315 483 3369 humanae
497 3315 632 3386 perfectio
646 3332 757 3372 summa
773 3318 908 3389 consistit,
933 3322 961 3374 et
1266 3308 1374 3349 ‘'¹⁰¹ffls
1402 3309 1573 3349 ΕΡΗῙΡΗΜ·

150 3410 300 3467 orationem
314 3425 401 3482 quam
418 3426 469 3463 nos
487 3410 623 3465 Dominus
635 3418 733 3467 noster
756 3412 877 3483 edocuit,
896 3428 961 3468 cum
1075 3471 1080 3482 ‚
1293 3471 1298 3481 ν
1355 3387 1483 3482 Ρῗξθῗῦῑῑθ·
1574 3472 1579 3482 Ι

152 3505 248 3561 fiducia
260 3504 354 3561 dicere
368 3503 524 3576 permittat,
544 3505 626 3560 pape,
639 3510 745 3561 noster.
1047 3471 1244 3527 Miraculorum
1255 3471 1492 3543 primordiaque
1500 3473 1637 3528 Dominus
1646 3476 1742 3529 noster
1750 3474 1829 3529 Jesus

347 3602 408 3652 poe,
423 3601 568 3652 orationem
585 3601 757 3653 Dominicam·
1012 3564 1272 3637 Christnsproierre
1285 3564 1315 3619 in
1328 3564 1485 3637 adsumptae
1495 3566 1588 3621 carnis
1597 3565 1721 3622 novitate
1730 3565 1831 3639 digna·

184 3684 282 3741 Libera
301 3700 352 3738 „03
373 3699 390 3737 a
411 3683 497 3751 malo,
512 3683 691 3755 omnipotens
712 3682 809 3758 203
831 3685 914 3756 Deus,
935 3690 963 3742 et
1013 3666 1059 3717 tus
1072 3664 1123 3727 est,
1137 3659 1237 3714 fratres
1248 3657 1393 3729 carissimi,
1409 3658 1505 3714 debita
1519 3660 1694 3716 exultatione
1717 3677 1833 3716 venere·

154 3785 260 3851 praesta,
275 3783 308 3835 ut
319 3777 409 3833 incisa
423 3776 678 3849 malefacinorum,
700 3778 798 3834 solain
813 3780 963 3852 nosprofl·
1014 3769 1089 3824 mur,
1103 3753 1168 3825 ‘lma
1181 3752 1250 3808 dum
1265 3768 1294 3807 ⁵⁶
1308 3753 1398 3808 Deum
1418 3752 1632 3810 intfflhumafla
1646 3754 1829 3826 Vssssempffl·
1895 3786 1906 3800 ·

153 3872 221 3928 eiam
239 3873 416 3928 inm-emant,
435 3871 583 3927 virtutum·
602 3873 656 3928 per
669 3872 821 3929 Dominum
836 3877 965 3930 nostmm
1015 3848 1133 3918 ferebat,
1144 3848 1205 3919 jam
1220 3848 1255 3902 de
1270 3847 1366 3902 salutis
1384 3852 1486 3904 nostrai
1498 3848 1672 3905 absolutione
1683 3849 1830 3904 tractabat.

154 3967 242 4025 pesum
253 3966 398 4024 Christum
411 3964 515 4023 pilium
527 3970 619 4022 tuum·
1015 3944 1103 3998 llomo
1116 3947 1158 3998 est
1180 3940 1278 4014 utique
1295 3941 1430 3998 invitatus
1447 3943 1481 3998 ad
1505 3943 1621 4015 nuptias
1626 3959 1635 4013 ;
1658 3948 1686 3999 et
1704 3942 1781 4016 quod
1802 3942 1832 3997 in

121 1159 204 1215 citer
213 1159 372 1226 offerentes,
379 1158 772 1232 placidodignareconspeetu
780 1163 951 1235 conspicere,

123 1260 161 1309 et
178 1252 360 1310 offerentium
373 1268 472 1324 preces
480 1253 608 1323 placatus
621 1254 734 1326 exaudi,
748 1272 800 1327 per
811 1257 952 1313 Christum

123 1348 287 1404 Dominum
301 1351 441 1402 nostrum.
453 1349 504 1403 Per
518 1362 603 1419 quein
618 1348 793 1420 majestatem
807 1356 885 1407 tuam
895 1352 954 1408 lau·

124 1440 206 1496 daut
215 1441 319 1512 angeli.

1011 2984 1106 3057 gastis.
1120 2984 1220 3040 Amen.
1234 2985 1287 3040 Per
1300 2985 1453 3041 Dominum
1469 2990 1598 3042 nostrum
1618 2987 1715 3042 Iesum
1728 2987 1825 3043 Chris·

1010 3083 1072 3134 tum
1086 3077 1187 3133 Filium
1200 3094 1294 3134 suum.

428 4065 575 4116 Benedictio
585 4065 684 4131 populi·
1015 4037 1122 4110 nuptiis
1134 4036 1261 4109 protulit,
1276 4036 1366 4092 Deum
1375 4037 1514 4109 probavit.
1528 4037 1615 4108 CuJ'us
1627 4037 1770 4109 praeconia
1779 4052 1832 4091 nee

185 4140 258 4198 Deus
270 4156 368 4197 rernm
380 4140 509 4195 omnium
519 4145 610 4196 rector
620 4145 648 4196 et
656 4141 793 4212 conditor,
809 4143 857 4214 qui
871 4143 967 4198 omnia
1015 4132 1092 4187 inter
1103 4131 1163 4203 ipsa
1175 4130 1291 4203 quidem
1306 4129 1445 4186 virtutum
1457 4147 1605 4203 possumus
1614 4131 1776 4187 rudimenta
1787 4130 1834 4185 de-

152 4252 211 4308 que
225 4252 242 4290 a
256 4240 285 4291 te
295 4235 369 4290 lacta
381 4237 458 4302 suut,
472 4234 618 4306 majestate
637 4235 751 4308 imples,
765 4237 880 4292 scientia
893 4237 967 4293 ordi.
1015 4241 1157 4298 promere,
1172 4225 1221 4280 sed
1232 4225 1301 4281 duni
1311 4228 1455 4280 tantarum
1469 4241 1566 4280 rerum
1578 4224 1763 4297 stupescimus
1777 4225 1835 4296 glo·

154 4347 207 4392 nas,
220 4329 326 4402 pietate
340 4327 472 4383 custodis.
492 4331 591 4383 Amen.
612 4329 761 4401 Respicere
779 4330 896 4402 dignam
915 4332 967 4386 1105
1016 4320 1099 4388 riam,
1124 4318 1314 4375 temeritatem
1335 4318 1513 4391 proferendus
1533 4318 1625 4374 laudis
1642 4318 1830 4389 ingredimur.

153 4424 268 4497 populos
277 4427 352 4491 tiios,
366 4422 417 4495 qui
426 4438 478 4494 per
487 4421 575 4477 nostri
588 4421 645 4478 oris
654 4424 781 4479 olllciuiu
792 4424 966 4481 benedictio·
1016 4414 1120 4470 Humili
1134 4428 1204 4485 01'80
1219 4413 1346 4467 ⁰mfi⁰¹¹0
1363 4427 1510 4484 P⁰³⁰³¹¹1¹¹⁸
1524 4417 1556 4466 ut
1568 4428 1620 4483 per
1633 4412 1726 4484 il)sum
1739 4412 1775 4467 ad
1789 4413 1833 4466 li·

154 4535 220 4575 num
232 4524 350 4574 uiarum
362 4516 436 4572 dona
448 4516 618 4572 desiderant.
635 4519 732 4574 Anien.
750 4519 837 4591 Reple
852 4536 900 4574 ρος
909 4524 966 4575 tun
1017 4513 1076 4565 tam
1090 4512 1225 4563 aternam
1239 4507 1320 4561 uobis
1334 4506 1476 4561 tribuatur
1496 4505 1651 4578 ingressus,
1666 4506 1747 4579 cujus
1759 4507 1834 4563 uati-

155 4612 269 4670 scientiu
280 4611 443 4682 voluntatis,
457 4611 531 4667 utin
549 4611 681 4667 omnibns
700 4614 897 4670 mandatorum
911 4615 966 4670 im.
1018 4603 1111 4659 vitatis
1126 4600 1234 4657 lumine
1247 4599 1322 4655 orbis
1337 4599 1503 4655 inlustratus
1517 4605 1558 4656 est
1581 4601 1739 4657 universus.
1753 4603 1835 4668 Quod

156 4707 232 4780 perio
255 4706 311 4779 pioe
338 4704 525 4762 venerationis
544 4705 720 4762 famulentur
742 4707 843 4765 officio,
867 4712 967 4765 Amen,
1017 4698 1077 4770 ipse
1089 4697 1225 4769 praestare
1239 4694 1383 4767 dignetur,
1399 4694 1448 4766 qui
1463 4694 1490 4750 in
1503 4695 1638 4751 'trinitate
1654 4696 1779 4768 perfecta
1793 4697 1834 4752 vi-

157 4801 299 4858 amen
311 4799 356 4857 liis
368 4800 518 4857 mannaan
530 4807 559 4856 a
572 4799 667 4874 turpia
685 4799 835 4856 hbidmuin
854 4805 968 4875 probra.
1018 4791 1058 4847 vit
1072 4797 1101 4846 a
1114 4792 1215 4863 reonat
1227 4789 1256 4845 n
1267 4789 1372 4845 secun
1383 4788 1565 4845 saeuorum:

156 4899 254 4953 hierte
280 4895 420 4968 jocundos
445 4899 473 4951 et
497 4894 597 4950 noxias
628 4911 780 4968 corporum
802 4898 967 4970 voluptates.
1293 4895 1418 4948 Collectio
1432 4895 1557 4960 sequitur.

156 4993 254 5047 dvorte
266 4987 405 5045 inuidiam
415 4987 470 5043 tuis
481 4988 625 5044 beneficiis
637 4995 666 5045 et
677 4989 759 5044 bonis
770 4990 901 5047 omnibus
912 4992 968 5048 iui·
1055 4983 1240 5056 Omnipotens
1253 4985 1281 5038 et
1293 4981 1452 5039 misericors
1467 4982 1550 5053 Deus,
1566 4981 1712 5053 plebitum
1726 4983 1835 5057 suppli·

156 5085 268 5140 micam.
282 5086 383 5139 Amen.
393 5083 427 5137 Ut
440 5082 470 5137 in
480 5083 559 5138 omni
567 5083 703 5154 patientia
713 5087 742 5140 et
753 5084 970 5156 longanimitate
1019 5079 1090 5135 citer
1101 5077 1232 5134 exoranti
1244 5077 1290 5150 pia
1299 5075 1474 5148 benignitate
1486 5075 1635 5147 responde,
1646 5092 1732 5149 quam
1744 5079 1838 5134 cernis

157 5181 322 5246 crescentes,
343 5193 361 5230 a
380 5179 408 5231 te
429 5176 518 5231 vocati
535 5176 570 5231 ad
591 5178 704 5233 Patrem
725 5179 825 5234 aeterni
843 5178 968 5250 luminis,
1019 5173 1049 5228 iu
1063 5172 1171 5228 hoodie
1182 5170 1257 5226 fideli
1267 5170 1414 5225 devotione
1429 5169 1563 5241 gaudere,
1575 5169 1650 5240 quod
1660 5169 1796 5227 Dominus
1806 5188 1837 5226 ae

156 5275 299 5328 transeant
318 5270 349 5326 in
368 5285 492 5342 regnum
507 5269 686 5325 hereditariae
704 5272 849 5328 claritatis.
868 5275 968 5328 Amen.
1020 5268 1095 5323 Deus
1116 5269 1221 5333 noster,
1236 5281 1302 5320 iera
1319 5263 1480 5320 humilitate
1496 5268 1636 5336 suscepta,
1651 5264 1690 5320 sic
1707 5266 1839 5321 servilem

189 5365 269 5432 Quod
280 5365 341 5439 ipse
354 5368 489 5436 prestare
499 5362 634 5435 digneris,
645 5365 697 5438 qui
708 5383 773 5422 euin
782 5368 865 5422 Patre
875 5370 904 5421 et
913 5365 972 5439 Spi-
1020 5360 1141 5418 sormam
1154 5358 1374 5416 misericorditer
1387 5356 1511 5414 ostendit
1530 5357 1561 5413 in
1579 5358 1690 5430 saeculo,
1713 5363 1745 5414 iit
1766 5359 1838 5415 divi·

188 5498 293 5556 'Idem
306 5496 476 5554 vocabulum
489 5497 563 5554 infra
578 5498 608 5554 in
629 5500 715 5555 missa
736 5503 771 5557 20
794 5516 848 5572 pro
868 5500 970 5557 Cathe-
1021 5516 1085 5572 quie
1098 5504 1158 5555 erat
1170 5499 1204 5554 ud
1219 5497 1429 5570 prohibendum
1441 5496 1478 5551 ab
1491 5497 1584 5552 idolis.
1603 5495 1840 5554 Commimiouem

156 5568 207 5627 dn
222 5569 314 5627 sancti
333 5566 420 5638 Petri,
430 5573 469 5650 'et
485 5568 515 5624 in
535 5569 620 5626 missa
643 5575 675 5628 65
695 5572 730 5628 de
749 5576 844 5627 saneto
865 5573 971 5630 Leode-
1020 5571 1127 5643 ubique
1139 5570 1274 5643 praeeedit
1285 5568 1456 5638 benedictio,
1477 5585 1512 5626 ex
1527 5569 1612 5651 'dictis
1630 5570 1660 5624 in
1679 5568 1727 5623 lib.
1740 5583 1759 5634 i,
1775 5582 1839 5644 cap.

157 5640 245 5715 geria.
267 5642 339 5698 ltem
355 5639 386 5696 in
401 5639 505 5695 blissali
526 5641 709 5714 Francorum,
728 5660 808 5699 nuni.
833 5646 849 5699 8
868 5643 919 5700 ubi
937 5645 971 5702 de
1022 5643 1049 5711 l,
1062 5658 1143 5697 num.
1160 5643 1203 5712 ii,
1225 5647 1359 5714 patetque
1377 5657 1412 5697 ex
1431 5657 1586 5715 praemissis
1607 5644 1635 5695 et
1656 5636 1842 5718 sequentibus

156 5711 333 5770 ordinatione
355 5710 600 5786 piusbytcrorum3
627 5714 697 5771 item
710 5714 741 5770 in
765 5714 867 5771 Missali
885 5715 971 5774 Galli·
1022 5713 1124 5797 missis,
1138 5713 1369 5788 praeterquamiu
1382 5711 1469 5770 inissa
1487 5715 1517 5768 ai
1543 5726 1595 5783 pio
1607 5709 1841 5793 puadragesimae
1932 5802 1941 5815 .

156 5784 449 5914 aalma
439 5853 466 5914 'o
491 5859 535 5913 cst
552 5855 667 5917 eoum
693 5856 797 5932 misae,
815 5858 887 5919 torta
912 5860 974 5936 eius
1022 5792 1113 5842 mmo·

1010 2906 1074 2962 quie
1090 2888 1188 2963 204
1204 2889 1338 2962 gessistis,
1355 2895 1383 2946 et
1398 2891 1505 2947 tribuat
1524 2892 1655 2964 gratiam,
1675 2908 1761 2965 quam
1778 2909 1826 2948 ro·
1926 2878 1929 2884 ¹
