3884 6150
124 238 174 291 583
559 229 724 285 Arenaria
743 230 786 285 Ab
804 232 915 288 eraut
934 230 960 286 S.
981 230 1130 287 cantuar
1150 230 1362 288 PARlSlEb'SlS.
1625 236 1627 240 ⁴
1755 226 1808 286 tat

156 342 236 409 Quod
249 342 333 398 estad
347 338 469 412 reliquos
483 339 607 407 abbates,
623 339 740 395 eruditis
752 340 829 395 locus
843 341 897 396 crit
909 341 1070 414 inquirendi
1085 357 1184 396 eorum
1198 347 1309 412 tenipus
1322 358 1353 396 ac
1366 339 1535 401 memoriam
1548 337 1577 394 in
1599 339 1724 412 antiquis
1746 343 1806 394 An·

123 435 244 505 nalibus,
260 440 344 506 atque
358 435 376 487 A
381 430 518 502 giotogiis,
534 447 566 484 ac
580 430 759 502 potissimum
772 432 801 486 in
815 432 898 487 vastis
908 431 1141 487 Bollandistarum
1154 432 1241 503 libris,
1259 448 1378 503 eamque
1392 431 1421 486 in
1431 448 1491 487 rem
1501 430 1659 503 plurimum
1671 430 1733 500 opis
1743 446 1809 484 con-

123 525 214 580 ferent
230 541 293 597 qua
309 524 342 578 de
358 521 458 575 sanctis
470 521 608 575 Hibernia
621 521 686 575 viris
699 523 822 593 vaganti,
843 522 890 577 sed
910 521 1007 594 magni
1025 527 1121 577 tamen
1138 521 1274 589 facienda,
1300 521 1457 577 eruditione
1474 520 1614 593 congessit
1632 524 1807 576 memoratas

124 615 251 670 tisserius
264 613 293 667 in
305 612 377 666 libro
391 610 596 681 Antiquitatum
609 610 842 667 Britannicarum.
860 612 909 666 Hic
919 612 1032 667 interim
1048 613 1194 668 adnotasse
1203 610 1315 683 juvabit
1326 612 1450 684 priorem
1466 611 1616 682 hymnum,
1630 609 1680 682 qni
1701 610 1731 663 in
1754 609 1812 665 hoa

124 701 326 775 Antiphonarie
339 701 469 769 occurrit,
483 701 570 755 tribui
583 708 678 756 sancto
703 702 807 757 Hilario
828 702 992 757 pictaviensi
1016 702 1157 774 episcopo,
1176 702 1231 757 illis
1255 701 1369 756 verbis:
1391 704 1528 771 Hymaum
1545 703 1634 756 annoti
1652 701 1757 754 Hilarii
1774 698 1808 754 dc

125 794 237 848 Christo.
254 793 287 845 Et
300 790 424 862 proiecto
437 795 615 862 compertum
628 797 670 847 est
689 792 763 847 inter
779 793 913 860 eruditos,
934 795 1004 848 teste
1025 798 1120 847 sancto
1145 794 1326 864 Hieronymo,
1351 792 1527 863 llymnonrm
1544 790 1651 845 librum
1672 805 1688 843 a
1710 790 1807 843 saneto

124 881 228 936 Hilario
237 880 321 935 luisse
331 881 528 952 compositam.
543 883 583 936 Ex
596 881 630 937 iis
642 882 727 938 etiam
743 884 893 939 nonnullos
908 883 938 938 in
952 883 1066 938 ecclesia
1081 883 1223 938 decantari
1240 883 1333 938 solitos
1353 882 1439 936 luisse
1459 881 1544 937 tradit
1562 878 1713 935 concilium
1729 877 1808 934 ‘lole-

122 975 223 1024 tannm
237 986 274 1038 iv,
289 971 356 1024 anni
368 973 430 1026 633.
441 974 477 1025 At
489 970 519 1026 in
531 972 639 1042 hymno
647 990 722 1027 nunc
736 974 840 1029 anobis
852 973 989 1046 producto
999 973 1138 1045 majorem
1151 973 1267 1029 fortasse
1277 971 1446 1044 elegantiam
1457 970 1657 1027 desiderabunt
1664 967 1806 1039 nonnulli,

124 1064 157 1114 ut
169 1075 234 1115 cum
249 1065 344 1115 saneto
358 1060 462 1115 Hilario
474 1062 623 1117 ascribant.

161 1179 202 1234 Ad
215 1179 275 1233 baec
289 1178 410 1250 legimus
423 1179 452 1234 in
465 1180 668 1253 Antiphonario
682 1187 778 1237 nostro
789 1185 928 1253 Hymuum
938 1186 1027 1240 sancti
1039 1184 1154 1239 Potrieii
1165 1186 1292 1252 mapistri
1302 1182 1451 1238 Scotorum.
1461 1180 1574 1236 Memini
1585 1184 1691 1246 autem,
1708 1175 1807 1233 claris·

125 1268 230 1325 simam
243 1268 334 1323 virum
352 1270 380 1322 P.
395 1271 426 1324 ll.
442 1271 619 1326 Bernardum
635 1271 669 1326 de
683 1273 886 1342 llontelaacon,
900 1274 969 1329 dum
983 1274 1051 1328 elim
1065 1273 1209 1328 Mediolani
1228 1278 1335 1345 ageret,
1354 1276 1502 1343 conspecta
1525 1268 1634 1327 Codicis
1657 1268 1752 1339 hujus,
1774 1284 1807 1322 ac

124 1359 303 1414 monumenti
316 1364 461 1430 vetustate,
476 1360 547 1415 mibi
562 1363 720 1418 ostendenti
733 1363 818 1418 luisse
834 1364 1017 1435 gratulatum.
1032 1364 1167 1418 Narrabat
1179 1363 1295 1435 qnippe,
1311 1362 1341 1416 in
1352 1362 1448 1417 Galliis
1461 1378 1520 1416 esse
1538 1359 1681 1416 eruditum
1705 1371 1805 1427 quern-

126 1449 203 1517 dam,
217 1448 262 1503 coi
275 1453 341 1503 nata
352 1449 472 1521 suspicio
486 1451 577 1506 inerat
590 1469 646 1506 non
661 1452 734 1524 ipsas
744 1454 834 1507 solum
848 1455 938 1509 sancti
951 1453 1062 1510 Patricii
1075 1470 1119 1508 res
1142 1458 1242 1525 gestas,
1266 1452 1315 1507 sed
1341 1451 1475 1506 eumdem
1497 1455 1627 1504 sanctum
1653 1445 1808 1503 Patricium

50 1598 60 1618 ,
125 1538 200 1594 inter
212 1538 327 1593 Fabulae
346 1541 538 1596 Romanenses
551 1558 609 1597 esse
624 1544 843 1615 amandandum,
860 1545 944 1600 tantis
958 1561 1061 1616 nempe
1070 1540 1620 1613 anilibuscommentisdeturpatafuerat
1631 1537 1722 1592 sancti
1735 1536 1809 1590 illius

126 1627 248 1699 episcopi
262 1628 389 1684 Historia.
403 1634 437 1685 At
448 1632 574 1702 prolecto
584 1648 658 1687 unus
671 1633 716 1688 hic
730 1635 853 1705 hymnus
866 1634 932 1689 satis
945 1650 1005 1690 esse
1019 1637 1110 1706 potest
1124 1633 1160 1688 ad
1173 1632 1396 1688 confirmandam
1410 1631 1558 1686 veritatem
1570 1645 1636 1685 cum
1648 1626 1810 1698 insignium

125 1718 238 1773 Patricii
251 1736 381 1791 operum,
392 1723 454 1775 tum
469 1722 659 1778 celeberrima
673 1724 766 1794 famae,
781 1742 847 1798 quae
860 1725 894 1779 de
904 1728 1000 1780 saneto
1014 1724 1074 1779 viro
1084 1723 1119 1780 nd
1133 1729 1228 1779 nostra
1243 1739 1333 1795 usque
1348 1725 1477 1793 tempora
1484 1718 1670 1793 permanavit.
1681 1719 1724 1772 Tu
1738 1715 1811 1771 ube·

126 1807 210 1877 riora,
226 1809 277 1863 etsi
290 1826 347 1864 non
362 1811 442 1881 paria
455 1813 632 1885 antiquitate,
646 1814 681 1869 ab
695 1816 804 1871 tisserio
819 1821 893 1888 pete,
905 1833 967 1889 cap.
984 1819 1026 1885 17,
1040 1831 1105 1887 pag.
1124 1815 1175 1870 425
1189 1819 1217 1870 et
1227 1830 1298 1887 seq,
1315 1812 1466 1868 Britannic.
1482 1810 1700 1883 Antiquitatum.

129 1987 1818 2050 υ

419 2187 523 2311 IN
570 2190 941 2314 NOMINE
991 2190 1147 2314 om
1198 2187 1521 2313 suman.

281 2518 420 2574 Canticum
434 2521 533 2590 Moysi,

164 2634 275 2702 Audite,
289 2635 359 2705 coeli,
374 2652 438 2707 qnae
452 2636 563 2709 loquor,
578 2641 630 2692 etc.

840 2405 1098 2421 w

714 2523 798 2578 llulte
812 2539 924 2593 parvus,
936 2526 1026 2579 multa
1038 2523 1150 2578 adultus

713 2612 798 2683 Signa
812 2612 879 2669 lacit
892 2613 1009 2669 caelitus.

379 2764 384 2775 .
428 2765 432 2775 .
483 2765 499 2776 ..
614 2767 619 2778 ,
748 2710 1189 2783 Quaelatent,atqoaeleguntur

147 2765 283 2830 Hymeam
296 2767 383 2817 sancti
396 2763 497 2817 Hilaro
508 2764 541 2818 cte
555 2765 668 2822 Chresto.
713 2800 813 2855 Coram
826 2801 923 2855 mum,

935 2802 1062 2871 testibus,

165 2878 308 2948 Hymnum
320 2878 393 2932 dicat
412 2879 495 2934 turba
507 2879 643 2935 fidelium.
714 2888 870 2943 Prndicans
883 2889 991 2945 caeleste
1003 2905 1136 2962 regnum,

128 2967 271 3037 Hymnum
286 2971 384 3021 cantus
397 2984 531 3039 person...

129 3054 240 3109 Christo
255 3055 325 3126 Regi
335 3056 540 3112 concinnantur

130 3142 238 3199 Laudas
262 3184 651 3204 ..............

129 3284 133 3293 ,
166 3233 206 3289 Tu
220 3232 269 3289 nei
282 3233 315 3288 de
319 3274 443 3291 .....
467 3252 472 3264 ’
497 3278 652 3294 ......

716 2977 795 3031 Dicta
807 2978 888 3033 lactis
903 2978 1052 3051 adprobat.

749 3076 859 3131 Debitos
871 3076 937 3132 lecit
950 3077 1056 3148 rigere,

674 3189 680 3204 ·
714 3166 1057 3235 Caecosluceinluminat‚

672 3276 679 3293 ·
714 3254 812 3309 Verbis
825 3259 929 3327 purgat
941 3254 1028 3327 lepra
1041 3255 1184 3326 morbum,

674 3368 680 3382 ·
714 3343 835 3399 Mortuos
849 3342 1007 3400 resuscitat.

673 3458 680 3472 ·
748 3440 861 3511 Vinum,
873 3441 950 3516 qnod
962 3442 1059 3498 deerat
1072 3442 1189 3516 hydriis,

674 3546 680 3559 ·
714 3531 814 3586 Mutari
827 3548 932 3604 aquam
941 3531 1033 3604 jubet.

167 3590 270 3643 [lextra
282 3589 380 3658 Patris,
394 3606 486 3658 mons,
497 3595 526 3646 et
537 3594 645 3663 Agnus,
714 3621 823 3693 Nuptiis
834 3638 914 3677 mero
926 3622 1043 3678 retentis

131 3675 281 3748 Angularis
291 3680 323 3730 tu
336 3676 417 3748 lapis,

17 3801 20 3807 «
131 3768 256 3838 Sponsas
269 3764 354 3834 idem,
370 3767 414 3821 rel
427 3767 566 3826 columba.

132 3856 266 3924 Flamma,
277 3855 382 3924 Pastor,
395 3856 493 3912 tanna.

168 3942 198 3995 ln
208 3940 353 4012 prophetis
367 3939 501 3996 inveniris

132 4029 231 4086 Nostro
244 4033 327 4083 natus
340 4030 442 4085 saeculo

119 4100 202 4177 'Ante
218 4119 299 4173 saecla
313 4123 343 4172 tu
357 4118 435 4174 luisti

132 4210 231 4264 factor
242 4208 328 4280 primi
338 4208 443 4264 saeculi.

167 4300 266 4354 Faetor
279 4297 352 4368 cccli,
368 4303 451 4354 terrae
465 4297 565 4371 lactor,

130 4391 361 4462 Congregatortu
374 4388 470 4458 maris,

132 4478 324 4550 Omniumque
336 4482 368 4533 tu
381 4484 489 4535 creator

132 4569 199 4633 Qum
212 4569 293 4623 Pater
306 4568 383 4622 nasci
394 4569 487 4639 jubet.

169 4654 289 4726 Virginis
305 4660 432 4727 receptus
445 4657 592 4729 membris,

131 4741 265 4801 Gabrielis
278 4744 377 4799 nuntio

131 4832 235 4890 Crescit
247 4833 324 4891 alaris
337 4834 414 4905 prole
429 4839 524 4889 sancta

136 4965 288 4982 ......
309 4923 385 4980 erius
397 4925 521 4980 credere.

171 5367 242 5422 Cam
251 5364 333 5436 jubet
345 5382 444 5438 parvos
453 5365 557 5441 necari,

133 5454 256 5515 Turbam
268 5442 334 5508 lecit
344 5454 512 5525 Martyrum3

135 5546 236 5603 Fertur
249 5542 340 5599 intans
352 5542 531 5611 occulendus,

134 5633 188 5692 ltili
201 5635 376 5707 flumenque
391 5630 463 5688 lluit.

170 5723 223 5790 Qui
236 5723 358 5781 retertur
370 5725 436 5796 post
448 5719 586 5778 Herodem

136 5807 307 5871 Nutriendus
320 5809 455 5867 Nazareth

1277 2521 1393 2576 ldortern
1406 2517 1473 2572 vicit
1485 2515 1624 2572 omnium.

1310 2619 1382 2672 Tum
1395 2617 1483 2672 Deum
1496 2615 1620 2671 clamore
1632 2627 1744 2685 magno

1278 2707 1388 2761 Patrem
1403 2705 1529 2776 pendens
1543 2704 1657 2758 invocat

1279 2832 1434 2849 ......
1455 2792 1582 2848 membra
1593 2791 1705 2848 Christi

1315 2981 1379 3034 Vela
1391 2980 1490 3052 templi
1500 2979 1583 3035 scissa
1596 2979 1744 3052 pendent3

1277 3072 1639 3128 Noxobscoratsaeculum:

1278 3163 1444 3218 Excitantur
1455 3163 1490 3218 de
1504 3161 1662 3234 sepulchris

1280 3251 1392 3307 budam
1405 3253 1497 3306 clausa
1510 3267 1638 3323 corpora.

1313 3350 1410 3406 Adfuit
1422 3351 1524 3422 loseph
1537 3350 1637 3406 beatus
1650 3368 1660 3421 ;

1277 3442 1385 3514 Corpus
1396 3457 1492 3513 myrra
1506 3441 1642 3514 perlitum

1277 3530 1374 3585 Linteo
1388 3530 1452 3585 rudi
1469 3529 1591 3602 ligatum

1277 3620 1348 3676 Cum
1362 3620 1458 3675 dolore
1472 3619 1606 3676 condidit.

1314 3719 1413 3774 Milites
1426 3734 1538 3773 serrare
1552 3734 1658 3791 corpus

1209 3830 1216 3842 ·
1278 3811 1358 3864 Anna
1371 3807 1502 3880 princeps
1515 3808 1657 3880 praecipit,

751 4174 843 4229 Turba
855 4191 889 4228 er
902 4175 980 4230 omni
993 4175 1187 4232 discumbente

716 4265 816 4335 iugem
832 4263 944 4319 laudem
957 4264 1084 4335 pertulit,

717 4352 868 4408 Duodecim
883 4352 958 4407 viros
970 4354 1108 4425 probarit,

717 4441 769 4496 Per
781 4456 853 4512 quos
865 4440 921 4494 rita
934 4441 1059 4497 discitur.

752 4539 791 4594 Ex
803 4539 905 4610 quihus
915 4556 988 4595 nnrrs
1003 4541 1146 4598 invenitur

717 4626 820 4683 Christi
833 4628 917 4682 ludas
931 4628 1059 4698 traditor,

716 4718 897 4771 instruuntur
909 4716 988 4772 missi
1002 4718 1037 4773 ab
1050 4720 1130 4774 Anna

716 4803 869 4860 Proditoris
883 4805 989 4861 osculo.

753 4906 888 4959 innocens
900 4909 997 4976 captus
1009 4909 1132 4976 tenetur,

716 4992 772 5046 Nec
790 5007 954 5064 repugnans
967 4993 1089 5061 ducitur,

676 5139 682 5155 ι
716 5079 829 5135 Sistitur
841 5079 927 5149 falsis,
940 5088 1103 5151 grassantur

676 5232 682 5247 ,
715 5166 869 5223 Offerentes
889 5167 997 5224 Pontio.

676 5321 682 5336 ‚
752 5266 883 5321 Dicerent
903 5266 1047 5323 Christum
1071 5270 1250 5342 negandum:

716 5355 817 5411 Tarhis
829 5359 941 5410 sanctus
954 5356 1093 5427 traditur3

717 5443 817 5517 lmpiis
829 5444 921 5499 verbis
931 5451 1112 5520 grassantum

717 5533 813 5606 Sputa,
828 5532 918 5605 flagra
932 5535 1062 5604 sustinet,

753 5632 893 5689 Scandere
907 5648 1020 5689 crucem
1026 5633 1145 5706 jubetur

720 5720 856 5780 innocens
868 5741 921 5798 pro
934 5724 1026 5781 noxiis
1033 5743 1043 5795 ;

718 5808 804 5868 tlorte
816 5814 918 5887 camis,
934 5828 1022 5889 quana
1039 5813 1163 5891 gerebat,

1281 3899 1317 3954 Ut
1330 3898 1447 3967 videret,
1462 3897 1484 3952 si
1496 3898 1629 3969 probaret

1278 3986 1416 4054 Christus,
1430 3987 1506 4059 qued
1519 3988 1717 4060 spoponderat.

1310 4086 1451 4157 Angelum
1464 4086 1515 4141 Dei
1530 4089 1686 4142 trementes

1280 4176 1360 4230 Veste
1370 4173 1505 4229 amictum
1517 4174 1648 4244 candida,

1279 4263 1339 4327 Quo
1352 4262 1472 4317 candore
1491 4261 1626 4317 claritatis

1280 4351 1374 4406 Vellus
1389 4351 1456 4406 vicit
1468 4351 1601 4406 sericum.

1317 4450 1443 4505 Demovit
1456 4466 1555 4505 saxum
1569 4450 1717 4521 sepulchro

1279 4541 1405 4611 Surgens
1420 4539 1547 4595 Christus
1557 4539 1685 4610 integer3

1281 4629 1342 4682 Haec
1353 4628 1421 4683 vidit
1431 4628 1528 4683 Judaea
1541 4628 1675 4694 mendax,

1281 4717 1343 4770 Haec
1357 4720 1452 4786 negat,
1468 4730 1534 4769 cnm
1547 4715 1667 4771 rideret.

1316 5179 1405 5254 Seque
1418 5199 1434 5237 a
1447 5183 1568 5239 mortuis
1581 5187 1698 5255 paterna

1281 5270 1451 5327 Suscitatum
1465 5272 1581 5328 dextera

1279 5360 1371 5416 Tertia
1381 5360 1426 5416 dic
1437 5361 1553 5418 rediisse

1280 5449 1397 5504 Nuntiat
1409 5449 1551 5521 apostolis.

1314 5547 1376 5602 lton
1386 5546 1498 5603 ridetur
1509 5564 1526 5602 a
1538 5548 1639 5616 beatis,

1278 5636 1358 5701 Quod
1370 5635 1509 5710 probavit,
1523 5636 1669 5710 fratribus,

1279 5724 1360 5792 Quod
1371 5726 1490 5784 redisset
1504 5725 1692 5802 ambigentes,

1280 5814 1367 5873 latrat
1376 5815 1471 5891 januis
1483 5814 1596 5880 clausis.
