3884 6150
150 293 201 360 022
895 291 1094 354 teneurunt
1780 287 1831 348 ⁸24

147 404 379 482 respondeamus.
393 399 428 462 er
452 401 541 459 libere
555 398 708 459 audeamus
728 403 821 460 dicere
847 404 876 460 in
895 422 958 488 pra-
968 417 997 490 Α
1008 405 1086 460 dunt.
1103 404 1162 459 Nou
1176 417 1280 460 eleseu
1295 416 1477 458 resrruoureu
1493 414 1589 458 arces:
1606 392 1743 455 similiter
1755 394 1831 454 intel·

148 505 225 560 tione
235 501 511 558 Donrinieatbimitte
525 499 601 552 uobis
615 499 705 554 debito
718 503 822 561 nostro,
834 503 903 555 sicut
913 517 962 558 nos
1012 499 1161 570 ligandum
1182 503 1234 568 est,
1247 497 1315 568 quia
1329 497 1378 569 qui
1399 496 1518 551 fratrem
1538 495 1634 566 diligit
1648 494 1723 549 sicut
1735 500 1830 549 semet·

148 600 307 655 dimittimus
330 594 493 648 debitoribus
518 595 627 647 nostris.
641 593 720 657 Quod
734 593 780 647 ille
796 608 893 647 servus
915 596 958 649 la·
1013 593 1115 663 ipsum,
1125 591 1411 647 contraeumlalsnm
1425 589 1621 644 testimonium
1632 588 1764 660 prolerre
1774 604 1826 644 nen

149 708 211 746 cere
224 690 323 757 noluit,
338 687 412 740 cuia
430 686 545 740 domino
558 686 672 740 dimissa
691 691 757 740 sunt
778 686 875 741 decem
898 689 960 742 mil·
1011 689 1104 757 potest
1118 704 1126 755 3
1141 687 1259 757 propter
1280 684 1349 738 illud
1361 683 1437 754 quod
1452 683 1665 754 scriptumest:
1680 683 1777 736 Falsus
1787 688 1821 736 te·

146 785 186 840 lia
198 783 310 850 talenta,
326 786 353 835 et
369 780 429 850 ipse
443 796 578 833 conserve
593 785 709 835 centum
728 779 857 834 denarios
871 782 963 836 noluit
1012 783 1061 834 stis
1076 796 1129 835 nou
1143 782 1194 834 erit
1205 781 1366 851 impunitus.
1383 777 1460 832 Sicut
1479 792 1531 831 nce
1551 776 1590 831 illi
1605 775 1665 831 diro
1677 790 1763 830 senes
1776 776 1827 830 lue

148 875 300 932 dimittere.
325 876 372 929 Est
396 874 473 927 aliud
499 874 640 941 debitum,
665 873 771 928 scilicet
797 878 960 945 peccatum,
1012 877 1088 941 runt,
1104 872 1154 944 qui
1167 877 1265 927 centra
1275 872 1434 927 Susannam
1446 869 1549 924 falsum
1560 869 1700 924 dixerunt
1712 869 1826 923 testimo

145 968 223 1042 quod
237 968 276 1021 ita
291 968 449 1038 persolvere
465 967 612 1033 debemus,
627 981 658 1021 us
676 966 750 1021 ultra
772 967 807 1021 ad
820 967 890 1022 illud
904 984 962 1023 non
1011 966 1104 1020 niurn.
1121 968 1153 1020 Et
1167 967 1197 1020 in
1210 966 1339 1038 passione
1355 963 1464 1019 Domini
1474 968 1501 1018 et
1516 965 1546 1018 in
1556 963 1634 1017 beati
1643 962 1784 1032 Stephani
1794 963 1826 1017 le·

147 1063 305 1119 redeamus.
334 1062 371 1115 De
389 1077 444 1131 quo
459 1058 589 1113 alioleeo
616 1059 692 1114 idem
708 1060 852 1131 apestolus
869 1061 959 1117 dicit:
1013 1059 1106 1130 gimus
1121 1059 1202 1113 falses
1217 1064 1300 1114 testes
1314 1059 1446 1124 udinese,
1464 1073 1587 1129 quorum
1601 1058 1701 1112 nullus
1714 1056 1826 1128 impuui

146 1156 284 1212 Debitores
297 1170 390 1209 sumus
403 1170 456 1208 nou
467 1157 553 1215 correi,
564 1159 596 1209 ut
604 1155 752 1208 secuudum
767 1170 875 1208 caruem
888 1158 961 1209 eine·
1011 1158 1057 1207 tus
1071 1169 1130 1208 esse
1143 1153 1244 1223 potuit.

147 1266 217 1305 mus.
241 1251 275 1303 Et
289 1251 333 1302 cst
344 1248 481 1316 debitum,
497 1248 573 1319 qued
585 1247 624 1301 ita
646 1248 753 1301 solvere
771 1248 915 1318 debemus,
930 1254 962 1304 ut
1046 1247 1105 1300 Nou
1119 1262 1353 1301 concerrscesanu
1363 1262 1472 1301 naorrur
1485 1262 1538 1301 rur.
1553 1244 1630 1300 Sicut
1646 1244 1782 1316 superius
1793 1245 1827 1299 di·

148 1359 262 1414 semper
273 1348 420 1397 teneamus
433 1360 441 1411 ;
459 1342 497 1395 ita
512 1345 618 1410 tenere,
634 1344 667 1394 nt
677 1340 818 1394 solvamus
831 1358 958 1412 semper:
1011 1340 1112 1406 ximus,
1121 1339 1162 1394 ita
1177 1339 1395 1410 intelligendum
1407 1345 1458 1395 est.
1470 1339 1523 1394 Sed
1536 1342 1579 1393 est
1589 1339 1663 1393 alter
1672 1339 1825 1409 proximus,

149 1436 256 1492 scilieet
269 1435 399 1503 charitas,
411 1451 497 1505 quam
512 1451 624 1505 semper
638 1434 744 1488 solvere
758 1439 786 1488 et
798 1450 909 1505 semper
921 1438 961 1489 te·
1010 1432 1138 1487 videlicet
1164 1432 1299 1487 Dominus
1323 1435 1403 1487 lesus
1428 1432 1565 1501 Christus,
1593 1431 1644 1502 qui
1666 1447 1737 1485 cum
1760 1435 1825 1486 essd

146 1545 215 1585 nere
230 1529 376 1583 debemus.
398 1530 452 1582 lloc
467 1527 593 1598 estquod
606 1528 683 1594 dicit,
698 1529 799 1583 merniui
811 1511 960 1597 quidquam
1011 1527 1083 1580 Deus
1098 1530 1202 1593 noster,
1219 1526 1365 1596 proximus
1380 1525 1443 1580 llcri
1457 1526 1588 1597 dignatus
1614 1529 1668 1593 est,
1687 1525 1825 1595 sicutipse

148 1624 278 1685 debeatis,
292 1625 345 1676 nisi
358 1628 389 1675 ut
403 1624 515 1675 inuicem
530 1622 662 1690 diligatis.
687 1621 755 1684 Quia
775 1637 920 1692 uunquam
943 1638 960 1674 a
1010 1621 1038 1673 in
1052 1619 1183 1690 parabola
1196 1619 1318 1673 hominis
1333 1620 1383 1690 qui
1397 1618 1588 1674 descendebat
1603 1633 1620 1671 a
1634 1617 1792 1672 Jerusalem
1800 1618 1826 1673 in

148 1717 295 1773 dilectione
311 1716 431 1786 proximi
444 1731 552 1769 cessare
563 1714 707 1781 debemus,
719 1714 824 1769 scilicet
837 1715 960 1769 esurien-
1008 1713 1128 1777 iericho,
1144 1717 1172 1767 et
1181 1712 1279 1766 incidit
1289 1712 1318 1766 in
1332 1712 1466 1781 latrones,
1483 1709 1559 1766 dicit.
1573 1713 1647 1766 Cum
1661 1711 1742 1766 euim
1752 1711 1825 1765 dixis

76 1805 82 1814 '
146 1811 168 1864 ti
191 1810 297 1878 cibum,
312 1808 418 1864 sitienti
442 1812 552 1878 potum,
574 1807 679 1877 algenti
705 1807 916 1877 vestimentum,
933 1787 1051 1863 etBset
1072 1807 1147 1877 quod
1161 1807 1289 1861 sacerdos
1308 1806 1440 1875 etleribu,
1456 1805 1512 1859 viso
1533 1806 1630 1859 saucio
1656 1805 1822 1876 pertransis·

147 1909 326 1974 caeteraque
345 1901 622 1972 indigereridemuS,
638 1901 832 1970 exhibeamus,
849 1907 877 1956 et
891 1919 960 1956 sem-
1010 1905 1081 1967 sent,
1106 1905 1134 1955 et
1157 1900 1267 1956 miserti
1291 1916 1349 1954 nen
1371 1905 1447 1964 sunt,
1474 1899 1674 1954 Samaritanus
1696 1899 1824 1953 transiens

145 2013 198 2068 per
217 1997 307 2052 Deum
320 1999 378 2050 toto
391 1995 473 2049 corde
488 1994 617 2065 diligere,
631 1995 793 2064 proximum
806 1995 879 2049 sicut
893 2012 958 2049 nos·
1010 1994 1141 2048 misertus
1153 1998 1216 2048 est:
1233 1994 1327 2048 statim
1342 1993 1512 2047 subintulit:
1536 1994 1602 2060 Quis
1623 1994 1724 2047 borum
1750 1995 1822 2047 trium

145 2090 292 2161 metipsos.
308 2091 341 2143 Et
354 2089 406 2143 hoc
428 2088 631 2155 indeficienter,
656 2092 773 2158 propter
793 2088 884 2142 illud:
910 2089 961 2155 Qui
1009 2089 1115 2142 uidetur
1140 2088 1190 2142 tibi
1201 2090 1342 2158 promimus
1364 2089 1449 2153 subse
1463 2088 1507 2140 illi
1521 2089 1569 2156 qui
1589 2087 1692 2140 inridit
1705 2089 1735 2139 ia
1750 2087 1822 2139 latro

143 2186 356 2255 perseuerauerit
380 2185 508 2252 usquein
530 2184 618 2249 pacm,
633 2183 675 2234 bic
695 2183 787 2236 solens
802 2185 861 2236 erit.
889 2182 959 2237 lline
1009 2184 1081 2235 ees?
1098 2182 1135 2236 At
1150 2183 1194 2235 ilie
1213 2181 1307 2235 dicit:
1325 2181 1377 2246 Qui
1397 2182 1464 2246 feeit
1486 2181 1703 2234 misericordiam
1722 2183 1750 2232 in
1770 2181 1820 2233 illo.

144 2275 223 2331 idem
246 2277 391 2346 apostolus
415 2275 483 2329 dicit
499 2292 505 2328 :
523 2276 600 2330 Alter
615 2275 728 2329 alterius
743 2290 825 2328 onera
839 2279 957 2344 portate.
1009 2275 1087 2328 Hunc
1100 2273 1167 2328 dicit
1180 2274 1355 2345 proximum,
1370 2273 1420 2344 qui
1433 2273 1524 2343 diligit
1541 2289 1658 2327 ornnem
1683 2273 1785 2344 legem,
1797 2277 1822 2327 et

148 2370 182 2424 Et
209 2369 345 2423 Dominus
369 2369 452 2438 ipse:
480 2369 641 2423 Mandatum
657 2384 754 2422 meeum
774 2368 808 2421 do
828 2368 914 2431 vobis,
929 2374 960 2424 ui
1008 2368 1138 2422 universa
1166 2367 1299 2421 mandata
1313 2367 1343 2420 iu
1363 2367 1424 2436 ejus
1441 2382 1536 2421 amore
1551 2366 1687 2437 complet:
1710 2367 1820 2436 Deque

146 2462 477 2531 diligetis'ieoicrm.Qe1
499 2477 562 2516 nuru
583 2477 680 2518 ereren
698 2477 848 2529 euoxrueu,
872 2477 957 2516 ceusu
1009 2464 1200 2535 scriptumest
1217 2481 1223 2518 :
1240 2466 1316 2520 Finis
1331 2466 1396 2534 lepis
1416 2465 1547 2522 cbristus.
1564 2464 1662 2536 Neque
1675 2464 1734 2518 ullo
1746 2467 1820 2534 pacto

147 2573 283 2612 rnreavrr.
1009 2558 1069 2611 fieri
1083 2562 1182 2628 potest,
1200 2562 1231 2611 ut
1244 2574 1277 2611 ex
1289 2560 1348 2611 toto
1368 2557 1450 2611 corde
1464 2557 1584 2628 totisque
1596 2556 1752 2611 visceribus
1769 2557 1820 2611 suis

182 2648 298 2703 Dilectio
311 2653 339 2701 et
352 2648 380 2701 in
395 2647 486 2701 Veteri
500 2649 676 2702 Testamenta
691 2651 718 2701 et
737 2648 766 2701 in
785 2649 859 2702 Nove
884 2648 956 2702 obti—
1009 2651 1072 2722 quis
1084 2651 1204 2722 diligens
1217 2650 1371 2719 Christum,
1385 2651 1469 2704 iaciat
1483 2650 1590 2721 aliquid
1601 2650 1679 2721 quod
1691 2667 1750 2705 non
1764 2652 1817 2721 pla-

143 2745 193 2799 net
205 2742 406 2813 principatum.
424 2743 454 2795 ln
469 2741 560 2795 Veteri
574 2740 710 2794 habemus
723 2741 877 2812 scriptum:
893 2743 957 2797 Diti·
1008 2748 1069 2799 ceat
1088 2745 1209 2798 Christe.
1232 2745 1291 2798 Non
1307 2744 1384 2798 enim
1402 2743 1542 2798 adulterat
1558 2743 1680 2798 verbum
1704 2744 1818 2809 illius,si

142 2852 187 2904 ges
205 2838 347 2891 Dominum
372 2839 454 2890 Deum
470 2839 546 2887 tuum
561 2850 594 2888 eso
607 2840 659 2888 toto
682 2836 760 2888 corde
783 2840 838 2897 tuo,
855 2852 888 2890 eu
903 2840 958 2890 tota
1008 2838 1142 2892 veraciter
1154 2854 1220 2892 eum
1238 2837 1330 2908 diligit
1344 2855 1351 2904 3
1365 2838 1436 2891 sicut
1457 2853 1509 2891 nec
1533 2837 1680 2907 apestolus
1694 2837 1817 2904 iaciebat,

143 2932 235 2983 animo
249 2931 588 2997 tuaetproaimamtuum
602 2931 708 2982 sicutte
723 2931 820 2998 ipsum.
836 2931 866 2981 ln
881 2930 957 3001 Nero
1007 2933 1056 3002 qui
1080 2931 1190 2986 dicebat
1204 2946 1210 2985 :
1224 2933 1284 2987 Noa
1306 2944 1407 2986 sumus·
1420 2931 1606 2985 adulterantes
1631 2931 1742 2985 eerbrrm
1764 2934 1816 2995 Dei,

143 3021 279 3074 Dominus
296 3021 472 3089 recapitulat,
489 3037 554 3073 cum
567 3020 638 3090 legis
654 3021 743 3091 perito
757 3021 955 3091 interroganti,
1007 3026 1054 3079 sed
1066 3027 1134 3079 sicut
1146 3040 1180 3079 eu
1199 3027 1250 3079 Deo
1272 3039 1359 3078 coram
1373 3026 1470 3079 Deo-iu
1492 3024 1595 3078 Christo
1618 3025 1764 3093 loquimur.
1789 3025 1816 3077 Et

144 3114 219 3184 qnod
234 3119 306 3166 esset
321 3111 477 3165 maximum
498 3112 627 3166 omnium
642 3118 670 3167 et
683 3113 811 3182 primum
839 3116 954 3169 manda·
1007 3118 1144 3189 propheta
1155 3118 1185 3171 in
1197 3118 1305 3187 psalmo
1322 3117 1487 3172 :Perdidisti
1499 3132 1588 3171 ornnes
1610 3121 1660 3186 qui
1682 3120 1815 3184 sentiren-

143 3212 214 3273 tum,
230 3206 366 3262 Dominus
380 3207 437 3259 ait:
463 3208 562 3273 Diliges
577 3209 718 3260 Dominum
731 3210 814 3261 Deum
831 3213 906 3262 leem
925 3225 958 3263 cc
1008 3217 1052 3265 iar
1065 3213 1111 3265 obs
1126 3217 1159 3266 te.
1174 3211 1223 3264 Hic
1237 3210 1299 3264 talis
1311 3227 1368 3265 non
1380 3210 1470 3264 solum
1481 3226 1536 3264 non
1544 3210 1695 3279 adulterat,
1711 3211 1757 3264 sed
1770 3226 1816 3263 nec

143 3301 289 3356 totocorde
304 3306 359 3361 tuo,
380 3304 405 3353 et
417 3305 515 3354 catate
529 3302 622 3354 enimc
642 3305 699 3362 tarr,
715 3306 740 3355 et
752 3318 784 3355 eu
806 3307 860 3356 tota
872 3309 957 3357 monte
1006 3304 1155 3358 mulierem
1182 3304 1295 3375 respicit
1318 3304 1353 3358 ad
1375 3303 1644 3374 concupiscendum,
1669 3303 1717 3358 sed
1732 3303 1815 3373 magis

143 3399 201 3449 tua.
219 3397 274 3451 Hoc
289 3400 328 3447 est
340 3396 490 3447 meruimum
503 3400 528 3447 et
539 3397 660 3462 primum
674 3396 843 3449 rreoudatum.
859 3398 957 3452 Seerm-
1006 3397 1073 3450 dieit
1096 3413 1161 3450 curn
1183 3396 1327 3451 Psalmista
1342 3413 1348 3449 :
1365 3398 1457 3453 Sitieit
1479 3398 1571 3450 amireo
1596 3413 1657 3451 meo
1681 3397 1720 3450 ad
1739 3399 1813 3450 Deum

141 3490 207 3543 dum
226 3492 315 3542 erilem
329 3489 416 3542 simile
430 3492 468 3541 est
483 3489 545 3541 linio
561 3506 569 3541 :
593 3488 690 3556 diliges
707 3492 859 3558 prouimum
881 3495 957 3544 turem
1004 3492 1108 3556 [aretem
1122 3492 1213 3543 etrum
1230 3509 1237 3554 ς
1252 3490 1361 3559 pedride
1374 3491 1480 3543 erisiam
1502 3494 1526 3543 et
1550 3491 1688 3558 apparebo
1702 3495 1761 3543 irrite
1772 3493 1812 3556 te·

140 3586 250 3636 sicutte
277 3585 373 3650 ipsum.
391 3580 554 3635 Proximum
573 3581 628 3635 hoc
644 3582 672 3634 in
688 3582 747 3636 loce
764 3599 954 3638 noncousau-
1006 3586 1071 3637 ciem
1097 3584 1248 3638 DrotNon
1270 3585 1361 3636 selum
1384 3586 1480 3636 autern
1505 3583 1688 3648 neneceidit,
1705 3584 1753 3637 sed
1769 3601 1814 3637 uec

142 3675 279 3744 guincum
295 3680 403 3728 tanturn
421 3674 578 3744 intelligere
599 3674 743 3743 debemus,
771 3677 819 3730 sed
842 3693 955 3730 esuriem
1006 3677 1133 3730 irascitur
1149 3694 1156 3744 ;
1174 3680 1290 3746 propter
1310 3676 1396 3729 illud:
1415 3677 1505 3731 Darnis
1527 3677 1722 3745 maturaretur
1738 3679 1814 3743 fratri

142 3767 298 3820 hominem.
311 3767 339 3820 Si
354 3767 515 3836 proximum
531 3768 775 3838 consanguineum
788 3774 897 3823 tantrrm
911 3773 953 3825 vel

141 3859 499 3929 propinquumintelligere
514 3860 645 3926 volucris,
662 3860 771 3915 videtur
782 3862 831 3914 tibi
845 3863 903 3916 dari
918 3864 952 3917 li-

140 3952 231 4006 centia
245 3951 349 4005 utalios
364 3951 608 4021 ediisinsequaris,
622 3969 686 4006 curn
700 3954 756 4007 tuis
769 3959 879 4009 brutum
891 3957 953 4010 cha-

139 4046 252 4099 ritatem
263 4049 369 4098 terrere.
385 4045 440 4098 Sed
455 4045 555 4098 melius
566 4050 608 4098 est
619 4047 826 4115 utproxinrum,
839 4065 952 4103 omnem

138 4138 284 4192 hominem
298 4139 459 4209 intelligas:
475 4155 561 4208 quem
575 4138 623 4209 qui
644 4137 714 4191 sicut
737 4156 764 4193 se
779 4140 881 4210 diligit,
898 4142 951 4196 inr-

137 4234 197 4304 plet
210 4232 303 4302 legem
313 4231 427 4297 Christi,
438 4231 486 4302 qui
500 4230 584 4285 dicit:
597 4234 628 4286 ln
638 4233 686 4285 beo
699 4239 952 4302 coguoscemtouures

1004 3785 1061 3833 sero,
1074 3786 1135 3824 reus
1149 3770 1321 3838 eritjudioio.
1336 3769 1389 3824 Sed
1402 3784 1494 3840 neque
1510 3770 1622 3822 tueatur
1635 3769 1722 3823 rerba
1736 3770 1812 3835 illius,

1005 3863 1076 3916 sicut
1102 3864 1142 3916 illi
1167 3863 1308 3917 iaciebant
1329 3862 1479 3934 dequibus
1505 3862 1550 3916 ille
1573 3862 1661 3916 dicit:
1688 3865 1813 3933 Quotquot

1003 3961 1132 4011 timuerent
1146 3962 1209 4010 aute
1225 3973 1275 4019 me,
1296 3959 1372 4023 ferres
1390 3957 1503 4022 inererat
1517 3959 1544 4008 rt
1564 3957 1695 4011 latrones.
1725 3958 1812 4028 Neque

1003 4050 1105 4103 falsum
1115 4049 1307 4103 testiinonium
1319 4049 1394 4117 dicit,
1409 4048 1498 4103 sciens
1510 4049 1605 4120 ipsum
1624 4066 1713 4122 quern
1728 4050 1812 4122 diligit

1002 4143 1070 4196 salso
1097 4142 1258 4196 testimonio
1280 4142 1434 4213 proditum.
1457 4141 1506 4196 Vel
1520 4158 1579 4196 neu
1595 4159 1663 4197 erun
1680 4143 1811 4197 minorem

1002 4234 1076 4288 Patri
1088 4235 1163 4303 lacit,
1172 4235 1244 4289 sicut
1255 4235 1363 4302 Ariani,
1376 4235 1424 4306 qui
1435 4235 1532 4288 dicunt
1543 4235 1660 4289 Patrem
1670 4237 1810 4306 majorem,

137 4328 202 4395 quie
215 4328 266 4380 erici
279 4328 341 4379 estis
356 4325 494 4395 discipali,
512 4327 536 4377 si
556 4325 723 4380 dilectionem
746 4326 894 4382 brrburritis
908 4331 949 4382 in·
1002 4328 1102 4382 Filium
1109 4328 1259 4397 minorem,
1267 4328 1403 4400 Spiritum
1412 4331 1612 4382 verosanctunr
1626 4330 1809 4400 perminorem

135 4422 226 4473 uicem
240 4420 273 4472 Et
288 4419 520 4473 hecmandatum
534 4418 701 4472 habemuse
716 4420 782 4487 Deo,
798 4421 891 4491 utqui
906 4421 949 4474 di·
1001 4421 1099 4476 dieunt
1111 4422 1251 4492 falsiloqui
1266 4427 1294 4476 et
1309 4422 1478 4477 seductores.
1503 4422 1539 4475 Er
1553 4438 1575 4475 si
1590 4438 1664 4483 enon
1679 4440 1725 4478 usr
1741 4439 1809 4478 serre

134 4511 198 4580 ligii
212 4512 371 4579 Dominum,
393 4512 491 4582 diligat
513 4517 541 4565 et
559 4512 678 4565 fratrem
700 4528 793 4566 snum.
818 4514 878 4567 Nau
899 4516 1150 4588 nonDuauearru
1174 4533 1200 4569 ru
1227 4532 1276 4569 noc
1293 4531 1377 4569 verino
1399 4530 1596 4570 rusrauuareu.
1619 4516 1693 4571 Sunt
1706 4517 1808 4588 qxriden

137 4619 325 4658 anurauuanrs.
334 4605 387 4668 Oui
397 4606 436 4658 ita
447 4604 540 4675 diligit
551 4605 712 4675 proximum
723 4606 831 4660 sirutse
843 4608 948 4678 ipsum,

135 4695 163 4749 id
177 4701 218 4750 est
231 4714 345 4751 onlnem
359 4697 515 4765 hominem,
536 4698 695 4753 adulterare
710 4716 767 4753 non
783 4705 872 4770 potest
882 4718 950 4755 uxo

134 4806 204 4858 rem,
223 4790 289 4861 quia
302 4808 352 4844 urie
368 4790 427 4862 ipse
442 4792 501 4845 vult
514 4795 544 4845 ut
553 4791 624 4845 alius
637 4809 756 4846 uxerem
769 4794 829 4863 ejus
842 4793 949 4850 adulte-

133 4888 185 4949 ret,
215 4884 335 4938 maxime
353 4902 418 4938 cum
431 4885 578 4955 Apostolus
601 4885 691 4938 dicat:
720 4889 904 4943 Form'cetorrs
923 4893 948 4943 et

133 4976 269 5032 adiabaros
284 4979 420 5046 judicabit
442 4982 518 5032 Deus.
540 4979 591 5031 Et:
620 4981 714 5047 Fugite
727 4980 946 5044 fornicationem,

133 5070 197 5134 quia
220 5085 295 5125 opine
306 5077 456 5141 peccatum,
479 5071 655 5141 quodeunque
669 5072 738 5137 facit
757 5073 844 5136 bomo,
870 5082 947 5129 outre

131 5174 226 5228 corpus
243 5168 304 5220 est:
333 5168 380 5231 qm
403 5170 492 5219 autem
513 5167 678 5231 sorriieatur,
703 5167 731 5217 in
748 5181 845 5234 eonius
867 5182 946 5222 sirum

126 5259 229 5322 procot.
246 5255 305 5309 Neu
320 5272 438 5311 (recines.
455 5259 487 5311 Et
509 5259 641 5312 facillime
657 5263 734 5329 [latet
761 5259 827 5329 quia
850 5262 946 5314 nullus

129 5347 295 5417 proximum
322 5364 403 5402 surim
426 5351 550 5406 occidere
564 5356 666 5422 potest,
682 5351 705 5405 si
719 5352 813 5421 diligit
826 5369 891 5407 eum
904 5354 943 5406 si-

128 5445 175 5494 cet
189 5456 227 5506 se,
240 5440 305 5510 quia
319 5439 377 5510 ipse
391 5457 449 5494 nen
463 5444 522 5495 vult
537 5444 677 5514 abaliquo
691 5445 781 5499 occidi
798 5462 836 5512 se,
853 5445 943 5500 sciens

127 5535 262 5605 scriptum
280 5550 286 5586 :
303 5534 394 5588 (lirinis
407 5536 455 5603 qui
473 5538 596 5591 occiderit
609 5538 711 5605 plodio,
725 5540 817 5606 gladio
829 5540 941 5608 peribit,

125 5629 168 5681 vel
192 5628 239 5681 Dei
253 5629 294 5682 vel
312 5628 446 5683 hominis.
470 5629 530 5683 Neu
546 5645 700 5685 renitentes.
729 5634 760 5686 Et
774 5633 846 5687 sient
862 5650 942 5703 supc-

124 5721 181 5774 rius
196 5722 328 5787 diximus,
344 5723 438 5777 nullus
451 5723 530 5777 fratri
547 5739 597 5776 sno
614 5723 733 5792 iuratur,
748 5726 769 5777 si
785 5742 851 5779 enm
871 5725 940 5782 sicut

123 5830 151 5868 se
163 5816 269 5885 bitini:
286 5817 375 5877 solens
388 5818 535 5894 seriptum,
548 5817 614 5892 quia
627 5817 703 5884 sures
718 5818 754 5872 od
765 5835 873 5892 panem
887 5836 934 5875 err·
949 5837 951 5840 ’

1000 4609 1053 4662 alia
1078 4610 1209 4663 mandata
1234 4609 1277 4663 vel
1300 4624 1364 4679 qnae.
1388 4607 1518 4680 superius
1535 4613 1603 4662 sunt
1623 4608 1710 4678 dicta,
1727 4612 1768 4665 rel
1787 4611 1807 4662 iu

999 4702 1101 4756 treliulis
1111 4703 1228 4773 lapideis
1242 4703 1359 4772 sculpta,
1377 4702 1427 4756 sed
1442 4701 1470 4755 in
1481 4702 1535 4756 hoc
1548 4702 1637 4756 verbo
1651 4704 1804 4758 instauran—

999 4801 1055 4861 tur,
1075 4796 1179 4850 scilieet
1204 4796 1233 4849 in
1251 4795 1402 4849 dilectione
1426 4794 1473 4848 Dei
1493 4799 1521 4848 et
1544 4796 1684 4865 proximi,
1699 4797 1805 4850 Domino

999 4890 1129 4944 dicente:
1153 4893 1185 4945 lu
1208 4890 1248 4944 bis
1274 4889 1377 4942 duobus
1399 4888 1538 4942 mandatis
1563 4892 1621 4942 tota
1650 4891 1695 4944 lea
1716 4891 1804 4960 pendet

974 4971 976 4975 ⁷
998 4988 1023 5037 et
1033 4984 1172 5053 propbeta
1186 5002 1193 5036 :
1214 4983 1325 5036 Dnreus
1339 4996 1478 5036 ruexruen
1495 4997 1568 5035 seen
1582 4997 1660 5036 srcur
1672 5000 1705 5037 ru
1721 4999 1801 5038 uses.

999 5077 1033 5130 Et
1042 5080 1109 5130 nota
1122 5077 1190 5146 quia
1202 5075 1230 5128 in
1253 5073 1403 5129 dilectione
1420 5074 1469 5128 Dei
1482 5073 1689 5145 equalitatem,
1701 5077 1729 5131 in
1745 5092 1800 5146 pro-

998 5169 1066 5224 ximi
1080 5186 1145 5224 vero
1160 5168 1309 5223 dilectione
1327 5168 1518 5237 quantitatem
1541 5183 1608 5222 cum
1622 5168 1694 5224 dixit
1712 5186 1719 5223 :
1745 5172 1803 5223 sirm

997 5269 1021 5316 te
1033 5266 1131 5333 ipsum.
1143 5262 1258 5317 Dilectie
1274 5269 1369 5315 antem
1380 5261 1429 5315 Dei
1441 5261 1515 5314 nulla
1531 5277 1667 5316 mensura
1682 5264 1803 5319 constrin-

996 5357 1082 5427 gitur.
1108 5357 1233 5410 Dnucne
1253 5370 1361 5409 ruamur
1389 5370 1480 5409 naseu
1509 5371 1563 5409 neu
1580 5371 1733 5412 ornamur.
1757 5357 1799 5409 t'e·

995 5467 1058 5504 rum
1074 5456 1125 5518 est,
1141 5449 1207 5520 quia
1220 5463 1367 5519 nunquam
1382 5447 1412 5501 iu
1429 5447 1593 5518 proximum
1607 5466 1692 5504 suum
1706 5450 1799 5506 malim

994 5548 1137 5613 operatur,
1155 5542 1221 5613 quia
1235 5542 1272 5595 ita
1287 5540 1368 5594 illum
1382 5539 1476 5611 diligit
1490 5544 1570 5595 utse.
1584 5542 1633 5597 Vel
1647 5543 1698 5614 qui
1715 5542 1798 5598 (hris-

993 5636 1054 5686 tum
1069 5632 1161 5703 diligit
1182 5635 1212 5685 nt
1228 5648 1267 5699 se,
1282 5630 1389 5684 malum
1402 5646 1460 5683 nou
1479 5633 1624 5700 operatur,
1647 5631 1732 5686 idest
1746 5647 1798 5702 pec·

992 5729 1085 5778 catum
1111 5742 1168 5780 non
1195 5725 1280 5789 lacit,
1306 5722 1371 5795 quia
1400 5723 1492 5777 omnis
1518 5722 1567 5794 qui
1596 5728 1683 5778 natus
1708 5729 1797 5780 estex

991 5819 1057 5892 Deo,
1071 5836 1128 5874 non
1149 5821 1257 5896 peccat.
1282 5816 1426 5875 Plenitudo
1442 5831 1511 5889 erge
1525 5815 1596 5892 legis
1615 5824 1658 5874 cst
1682 5817 1795 5886 dilectio,
