3884 6150
105 243 302 302 acaunum.
322 244 493 301 oblato-
505 242 606 299 RleO
625 242 867 299 lusrlrtrrtorus
885 243 1044 300 attustsslllt
1065 240 1401 302 ECCLESleTlCDRUM.
1541 238 1592 304 878

105 369 126 409 n
139 354 222 424 dicat,
237 356 265 408 et
278 352 322 408 die
335 353 384 407 illo
395 353 516 425 jejunet.
732 352 835 437 Asert
847 354 974 424 calicem,
990 357 1017 409 at
1030 353 1161 409 effuderit
1180 353 1209 408 iu
1237 359 1350 425 terram,
1377 355 1475 410 decern
1491 355 1590 411 diebus

105 448 135 503 a's
150 446 320 503 sacrificium
334 463 385 519 per
400 445 604 518 negligentiam
626 445 720 518 perdi·
772 448 908 520 paeniteat
920 449 949 502 iu
960 464 1034 521 pauc
1047 451 1075 503 et
1087 465 1169 520 aqua.

105 558 147 597 ruo
159 541 301 614 paeniteat.
809 558 889 597 amu.
902 543 929 597 Si
946 542 1117 598 tutoareritc
1136 542 1264 597 sacerdos
1283 558 1370 614 super
1389 543 1515 599 oratioue
1537 547 1589 598 lto-

105 634 128 691 ri
141 634 301 707 neglexerit
314 633 492 702 sacrificium,
510 637 537 688 et
552 651 568 688 a
580 633 722 689 vermibus
772 635 887 706 minim,
903 636 948 691 die
957 653 1014 691 uno
1027 635 1056 691 in
1070 653 1143 710 pane
1154 643 1182 692 et
1193 653 1275 708 aqua.
1292 635 1345 701 Qui
1357 641 1451 691 autem
1465 655 1592 694 coraruu-

105 750 118 800 ἱ,
129 727 510 800 dimidioaunopaenitcatiu
521 743 593 798 pane
604 733 721 799 elaqua.
773 729 909 784 nieaverit
927 729 1071 785 inconsius
1085 731 1109 800 d,
1129 735 1237 802 septem
1253 729 1352 785 diebus
1372 731 1516 802 paeniteat.
1538 731 1592 797 Qui

104 822 169 895 igne
186 822 380 891 comburatur,
402 826 431 900 et
447 821 601 876 abscondat
615 821 723 876 cineres
772 840 823 896 per
837 823 1025 894 ignorantiam
1046 822 1306 893 communicaverit,
1321 840 1369 878 sex
1388 823 1486 881 diebus
1500 825 1590 896 paeni·

772 921 839 973 teat.

105 1013 175 1065 rtem
189 1009 297 1064 miserit
317 1027 368 1082 par
382 1010 543 1081 neglectum
562 1008 591 1063 in
616 1006 721 1061 sacrifi·
1012 998 1098 1048 0f³fi0
1112 1010 1193 1061 ⁸¹¹l³er
1207 997 1359 1061 Doenilfflit·

105 1103 221 1175 traginta
234 1103 331 1158 diebus
346 1104 488 1176 paeniteat.
810 1105 900 1160 Deum
922 1105 1146 1178 omnipotentem
1171 1122 1202 1159 ac
1220 1105 1441 1174 misericordem,
1460 1106 1510 1178 qui
1531 1123 1590 1164 nou

105 1197 161 1254 *dos
179 1198 229 1268 qui
243 1196 335 1266 offert,
350 1201 378 1252 et
391 1197 523 1252 ceciderit
537 1197 572 1252 de
594 1193 724 1251 manibus
773 1199 832 1253 uult
844 1201 965 1254 mortem
979 1203 1168 1271 peccatorum,
1183 1199 1231 1254 sad
1258 1203 1290 1254 ut
1301 1203 1500 1254 convertantur
1514 1206 1542 1256 et
1554 1202 1592 1255 vi·

105 1290 168 1346 istie
191 1291 219 1345 in
241 1295 326 1359 terra,
351 1296 380 1345 ct
404 1308 461 1346 uon
485 1289 625 1346 invenerit
649 1305 722 1357 eam,
773 1297 849 1361 rant,
869 1293 970 1347 fratres
991 1292 1136 1362 carissimi,
1159 1293 1357 1364 deprecemur;
1378 1293 1462 1347 atad
1481 1294 1592 1350 veniam

105 1431 107 1439 ,
121 1389 218 1456 scopet
228 1389 255 1439 et
272 1385 418 1440 comburat
437 1385 513 1456 igue,
534 1387 561 1439 et
573 1382 724 1438 abscondat
774 1390 879 1441 rectam
892 1385 1014 1441 famulus
1027 1390 1092 1441 tuus
1104 1386 1144 1441 ill.
1159 1385 1360 1441 misericordia
1374 1387 1485 1442 veniam
1499 1389 1592 1460 propi·

105 1477 151 1533 sub
164 1479 251 1533 altare
262 1478 387 1547 interra,
404 1483 432 1533 et
445 1477 594 1533 dimidium
616 1492 723 1531 aunum
775 1479 863 1534 cintus
875 1479 1032 1551 indulgeat,
1047 1479 1069 1533 si
1084 1496 1140 1551 qua
1155 1483 1221 1533 suut
1236 1479 1384 1550 culparum
1399 1497 1515 1535 suarum
1529 1497 1590 1535 om·

110 1576 206 1627 autem
225 1572 481 1641 mammillarum,
499 1570 629 1626 similiter
642 1569 725 1624 saciat
773 1572 854 1628 nium
867 1573 994 1640 vulnera,
1009 1588 1074 1645 quae
1087 1576 1150 1645 post
1163 1572 1236 1627 sacri
1251 1573 1353 1627 lavacri
1365 1573 1472 1628 undam
1485 1579 1592 1630 coutra-

105 1664 277 1737 [uadraginta
297 1665 405 1720 diebus.
422 1665 449 1720 Si
461 1669 560 1719 autem
581 1679 670 1736 usque
689 1662 722 1716 ad
775 1667 827 1737 xil,
846 1666 884 1721 ila
900 1666 929 1721 in
943 1665 995 1720 hac
1010 1666 1122 1739 publiea
1135 1666 1308 1721 confessione
1327 1667 1427 1723 delicta
1447 1674 1590 1740 sanentur,

105 1758 145 1828 rit,
158 1776 217 1812 uuo
232 1758 276 1813 die
297 1759 439 1830 paeniteat.
463 1758 490 1814 Si
512 1774 578 1812 vcro
598 1757 722 1812 declina·
734 1738 762 1809 Β
773 1765 806 1816 ut
818 1760 897 1815 nulla
910 1760 1073 1816 cicatricum
1090 1759 1169 1832 sigua
1185 1764 1360 1816 remaneant.
1373 1762 1426 1816 Per
1439 1762 1591 1818 Dominum

108 1850 225 1923 ,lingua
239 1869 289 1906 sua
301 1852 401 1923 lingat.
416 1851 444 1907 Si
459 1850 545 1905 suerit
555 1850 660 1919 tabula,
676 1866 720 1903 ra-
771 1858 912 1910 nostrum.

105 1946 182 2016 uerit,
198 1945 292 2000 mitta
303 1946 440 2015 tabulam,
455 1950 557 2000 utnon
576 1944 721 1999 conculce-
1113 1934 1177 1984 Ῑῑθῐῐ]
1189 1934 1247 1984 ²¹¹³·

106 2038 197 2107 bristi,
210 2039 400 2111 quadraginta
408 2039 517 2094 diebus.
532 2038 559 2094 Si
573 2043 669 2092 autem
679 2054 723 2091 su-
807 2036 934 2094 Salvator
949 2037 1156 2109 Redemtorque
1175 2042 1282 2109 noster,
1297 2037 1347 2110 qui
1361 2055 1418 2095 nou
1431 2040 1525 2098 solum
1538 2060 1593 2116 pae-

105 2133 203 2188 cideril
217 2134 302 2200 stilla,
319 2134 431 2187 sorbeat
446 2133 534 2202 illam,
551 2136 579 2187 ct
593 2134 649 2187 tres
663 2130 723 2188 dies
773 2130 938 2201 nitentibus,
953 2131 1100 2187 sedetiam
1113 2148 1211 2187 omnes
1225 2133 1273 2204 qai
1290 2149 1341 2189 nec
1355 2139 1421 2190 ante
1437 2135 1532 2192 venire
1546 2155 1592 2193 cu-

105 2227 228 2299 exegerit
240 2244 292 2298 per
304 2227 424 2282 linteum
437 2227 472 2282 ad
486 2226 584 2295 alium,
600 2242 649 2281 sex
662 2224 721 2281 die·
773 2225 865 2298 piant,
876 2225 987 2280 veniam
1000 2225 1141 2299 propitius
1156 2231 1184 2281 ct
1205 2226 1352 2283 miserator
1372 2228 1514 2303 indulges,
1528 2248 1593 2304 sup

111 2321 235 2393 inpane;
251 2325 279 2375 et
292 2321 489 2388 siadtertium,
502 2326 610 2392 septem
625 2319 723 2374 diebus
773 2318 859 2391 plicas
872 2334 1034 2391 quaesumus
1055 2324 1114 2381 :m
1132 2319 1209 2375 huuc
1228 2320 1369 2376 famulum
1388 2327 1470 2378 tuum
1492 2324 1531 2380 ill.
1557 2326 1591 2379 ad

105 2432 114 2469 ι
128 2420 159 2469 ut
180 2420 269 2486 ponat
284 2415 399 2470 calicem
421 2415 473 2469 sub
493 2412 666 2483 linteamina,
681 2412 721 2467 ef·
773 2413 900 2486 eorpmis
910 2417 938 2468 et
945 2410 1092 2484 sanguinis
1105 2413 1148 2467 tui
1159 2414 1376 2485 communionis,
1384 2415 1493 2472 indulta
1501 2417 1591 2488 venia,

105 2509 226 2564 utribus
241 2509 359 2578 vicibus,
376 2514 403 2564 et
417 2509 505 2563 bibat.
520 2508 668 2580 Siquando
678 2507 722 2562 iu·
774 2507 914 2561 calestem
924 2504 1151 2562 benedictionem
1164 2508 1309 2579 perducat.
1322 2510 1383 2563 Per.

109 2639 187 2707 patet
208 2633 412 2690 Eucharistiam
430 2651 481 2705 per
498 2650 530 2688 aa
543 2636 681 2704 tempora,
696 2631 723 2687 id
774 2647 838 2687 vero
851 2629 1017 2687 Columbaui
1035 2646 1041 2685 :
1060 2632 1090 2688 Si
1107 2631 1253 2688 decumam
1268 2633 1404 2704 psalmam
1420 2636 1589 2699 titubaverit,

105 2723 123 2762 e
142 2723 240 2776 annos,
259 2706 288 2761 iu
301 2706 434 2761 viaticum
446 2705 722 2775 infirmorumasscr·
774 2709 827 2759 ete.
873 2745 876 2751 .

809 2773 918 2838 dQuasi
940 2773 1046 2829 diceret
1062 2773 1199 2843 conscius,
1214 2775 1259 2830 cui
1273 2775 1407 2846 ignorans
1426 2779 1591 2850 opponitur.

105 2850 227 2905 bscurus.
254 2849 403 2904 Crederem
425 2849 578 2919 legendum
604 2850 725 2903 amiserit
773 2847 975 2911 Commeauus,
998 2845 1027 2899 iu
1045 2844 1101 2899 fine
1120 2859 1181 2916 cap.
1203 2848 1261 2901 1³:
1290 2849 1342 2914 Oai
1359 2852 1592 2905 cearmuaicaoertt

105 2920 146 2976 risi
160 2921 296 2975 articulus
309 2922 342 2975 43
357 2921 439 2975 aliter
449 2920 589 2975 suaderet.
774 2918 1080 2986 sacrifictamiaaoascii,
1095 2922 1194 2987 septem
1208 2917 1264 2972 dies
1274 2921 1413 2988 peniteat.
1429 2922 1593 2991 Quicumque

104 2989 111 3046 i
130 2993 268 3047 cautando
289 2991 458 3046 titubaverit..
480 2992 680 3056 Cemmeauus,
695 2989 725 3043 iu
774 2989 859 3043 alicui
872 2989 989 3059 capitale
1003 2991 1102 3043 ramea
1115 2989 1272 3044 admittenti
1279 2994 1521 3055 communicaverit,
1537 3007 1594 3063 sep·

105 3064 254 3119 *itabaocrit
270 3064 393 3118 sacerdos
410 3076 489 3133 saper
509 3064 656 3117 orationem
673 3065 724 3116 Do·
778 3064 830 3116 tem
843 3059 900 3116 dies
911 3061 1048 3131 paeniteat.

105 3150 128 3191 re
146 3135 246 3190 dicitur
265 3135 427 3205 pertcalosa,
454 3140 508 3189 etc.
531 3116 765 3190 PoeuitentialeC

158 3385 284 3437 namo
314 3383 633 3437 msrxrumoms
662 3382 871 3436 consultu
901 3382 1355 3438 zccnnsuermonuua

642 3509 852 3521 ——nn-——nn—

105 3600 229 3661 edicente
239 3602 378 3678 scriptura
390 3622 442 3677 pro
455 3600 534 3677 quali
549 3604 652 3660 virtute
664 3618 728 3657 can·
812 3602 904 3658 lertio
924 3618 991 3658 vero
1004 3600 1188 3675 crucifigitur.
1205 3604 1239 3659 Et
1250 3604 1320 3660 hora
1330 3605 1413 3660 tertia
1427 3605 1467 3661 sic
1476 3605 1594 3663 descen·

107 3715 240 3754 seorsus.
777 3695 818 3752 dit
839 3696 959 3768 Spiritus
976 3702 1088 3752 sanctos
1109 3710 1193 3770 super
1214 3698 1364 3770 apostolos,
1389 3699 1503 3772 quaudo
1524 3700 1594 3758 dixit

105 3797 243 3848 autautur
254 3811 306 3865 pro
318 3793 366 3849 illa
375 3791 489 3863 virtute,
505 3810 592 3866 quam
604 3791 730 3848 secitDo-
778 3790 915 3845 Dominus
931 3808 937 3845 :
951 3790 1075 3863 Accipite
1089 3791 1225 3865 Spiritum
1245 3798 1383 3865 sanctum,
1403 3811 1525 3867 quoram
1544 3795 1593 3852 de·

106 3885 143 3942 do
177 3887 300 3942 ostendit
327 3887 516 3959 primogenita
548 3886 672 3960 AEgypti‚
702 3890 730 3941 ct
778 3883 912 3940 miseritis
936 3888 1061 3957 peccato,
1081 3881 1203 3941 demissa
1226 3890 1309 3959 sunt;
1331 3893 1359 3944 et
1380 3905 1505 3961 quorum
1525 3888 1593 3947 reti-

105 3981 137 4038 rit
150 3981 279 4049 Paulum,
294 3986 322 4036 et
335 3981 438 4037 Sileam
453 3982 487 4036 de
501 3998 612 4038 earcere
633 3981 729 4036 clauso
778 3978 906 4049 nueritis,
920 3983 1031 4035 retenta
1044 3983 1120 4036 sunt.

104 4076 156 4131 boc
170 4076 240 4131 dixit
253 4076 430 4147 Evangelista
444 4094 451 4131 ε
468 4075 558 4132 ldcdia
578 4080 659 4132 nocte
672 4075 728 4130 cla·
814 4073 898 4130 Sexta
911 4089 977 4129 vero
990 4073 1063 4129 hora
1078 4074 1117 4129 sic
1130 4075 1254 4132 ascendit
1266 4076 1403 4132 Dominus
1426 4079 1454 4133 iu
1468 4096 1591 4150 crucem,

109 4175 160 4240 est,
184 4186 247 4226 ecce
270 4187 388 4242 sponsus
410 4170 496 4240 venit,
518 4172 591 4227 exite
619 4168 730 4225 obviam
780 4167 818 4223 sic
829 4168 952 4224 tenebrae
963 4167 1045 4224 iactae
1061 4173 1128 4225 sunt
1145 4187 1236 4243 usque
1255 4172 1291 4226 ad
1306 4171 1407 4227 horam
1430 4189 1545 4231 uanam.
1562 4176 1595 4230 Et

780 4264 848 4318 tunc
870 4264 979 4319 vocavit
995 4263 1132 4319 Dominus
1152 4264 1268 4320 Saulnm
1299 4246 1412 4336 quaudo
1436 4274 1597 4339 persecutor

105 4401 108 4415 .
132 4400 139 4415 .
161 4399 167 4414 .
190 4401 196 4414 .
218 4365 316 4415 cantus
338 4377 389 4431 pro
403 4360 456 4414 hoc
471 4361 601 4414 cantatur
621 4353 1087 4429 quaudoDeratChristiauorum,
1107 4362 1135 4412 et
1149 4358 1241 4414 dixit:
1257 4359 1349 4427 Saule,
1371 4360 1451 4416 Saule
1468 4361 1535 4435 qnid
1550 4380 1596 4419 me

105 4459 154 4508 :tus
170 4455 267 4509 Petrus
281 4470 313 4509 ae
329 4454 489 4527 passionem
509 4450 630 4522 Domini,
644 4455 672 4507 et
685 4467 732 4508 re·
781 4450 977 4522 persequeris?
988 4451 1022 4504 Et
1031 4455 1099 4505 tunc
1111 4451 1188 4506 veuit
1197 4468 1249 4507 vox
1261 4452 1296 4507 ad
1310 4454 1471 4511 Cornelium
1485 4457 1597 4528 quaudo

105 4553 148 4603 tea
159 4548 195 4602 ad
216 4590 372 4603 ......
393 4564 509 4619 corpore
520 4547 582 4601 sani
605 4587 730 4602 .....
783 4543 862 4613 dixit,
887 4543 997 4598 Corneli
1019 4543 1150 4599 exaudita
1171 4549 1213 4601 est
1231 4546 1390 4618 deprecatio
1406 4553 1464 4618 tna,
1481 4556 1509 4607 et
1527 4552 1597 4608 elec·

105 4641 137 4716 m]
150 4641 264 4715 probor
273 4647 411 4711 canatur,
428 4641 493 4713 quia
500 4640 635 4696 Dominus
649 4655 732 4695 mane
782 4649 908 4700 mosynae
921 4641 977 4692 tuce
990 4637 1180 4694 ascendemut
1193 4655 1288 4695 coram
1300 4658 1356 4696 me.

105 4736 176 4791 dixit
190 4736 364 4807 evangelista
379 4752 386 4790 ι
399 4735 493 4791 Prima
505 4738 600 4789 autem
617 4734 733 4790 Sabbati
818 4732 896 4787 Noua
907 4747 974 4787 rere
993 4731 1062 4786 hora
1076 4731 1114 4787 sic
1129 4732 1222 4789 emisit
1236 4734 1381 4808 spiritum,
1397 4743 1425 4794 et
1446 4737 1484 4794 sic
1501 4746 1596 4798 osten·

107 4832 186 4886 eleue
214 4830 290 4885 venit
311 4846 404 4900 mane,
424 4846 487 4884 cum
503 4829 595 4884 adbuc
608 4828 733 4884 tenebrae
782 4843 845 4882 sum
858 4830 900 4881 est
911 4843 959 4881 vas
972 4829 1066 4882 sancto
1080 4828 1171 4897 Petro,
1183 4828 1233 4884 ubi
1246 4830 1367 4887 habebat
1380 4832 1474 4888 omnia
1491 4835 1599 4892 munda

105 4924 127 4979 ia
146 4925 191 4980 die
216 4925 369 4980 resurrexit
387 4941 450 4996 quse
472 4923 585 4979 lucessit
607 4922 733 4995 aprima
783 4925 811 4977 et
823 4921 980 4992 immunda,
1003 4919 1043 4976 sic
1065 4921 1138 4981 dixit
1155 4923 1276 4996 augelus
1300 4941 1307 4979 ε
1329 4925 1418 4998 Surge
1436 4928 1527 5001 Petre,
1551 4944 1598 4985 co⁴

105 5035 127 5073 a
147 5024 176 5074 et
196 5019 300 5090 angeli,
322 5023 350 5073 et
367 5017 508 5088 homines,
531 5022 559 5074 et
579 5033 653 5088 ares,
670 5034 734 5091 quea
783 5015 876 5071 mode.

115 5116 231 5183 terram,
248 5129 344 5167 omnes
357 5113 387 5167 in
406 5113 452 5167 illa
463 5113 541 5167 'horo
559 5113 646 5167 Deum
666 5128 731 5167 con·
819 5108 973 5166 Undecima
985 5126 1051 5166 vero
1064 5111 1103 5166 sic
1116 5112 1234 5168 caenavit
1247 5130 1312 5168 cum
1326 5115 1469 5188 apostolis,
1487 5121 1600 5191 quaudo

114 5209 182 5262 tunc
205 5207 314 5262 animas
332 5207 475 5278 justorum
498 5206 547 5278 q'ui
569 5206 600 5260 in
621 5206 734 5262 inleruo
780 5200 1599 5282 jeiunaritquadragintadiebusetquadragintanoctibus.

105 5301 337 5358 aresarreetioue
348 5301 489 5370 liberavit,
506 5301 555 5374 qui
569 5317 651 5356 mane
671 5316 732 5356 sur·
819 5298 990 5354 Duodecima
1000 5314 1067 5354 vero
1086 5299 1125 5354 sic
1141 5300 1267 5356 ascendit
1279 5303 1414 5360 Dominus
1431 5305 1462 5362 in
1475 5314 1601 5365 montem

785 5390 885 5449 Oliveti
896 5408 987 5463 orare,
1002 5397 1030 5448 et
1042 5391 1107 5464 qula
1124 5397 1204 5465 gutta
1217 5397 1364 5469 sauguinis
1376 5398 1403 5454 iu
1418 5401 1519 5456 sudore
1531 5394 1600 5457 ceci·

105 5488 281 5562 emproquid
291 5489 517 5554 cantaturlQuia
528 5495 595 5545 tunc
605 5488 660 5544 fuit
670 5505 734 5545 con·
785 5487 836 5557 dit,
850 5490 966 5560 propter
978 5484 1048 5542 illud
1062 5484 1140 5559 quod
1154 5489 1189 5544 ad
1210 5490 1299 5548 Adam
1319 5493 1425 5548 dictum
1441 5493 1532 5550 suerat
1546 5509 1554 5548 :
1570 5493 1599 5551 ln

105 5587 200 5639 contra
214 5582 314 5639 Filium
329 5585 387 5652 Dei,
402 5583 618 5657 quomodoeum
631 5584 732 5657 perde·
785 5580 886 5637 sudore
898 5580 995 5637 vultus
1006 5575 1048 5638 tui
1063 5582 1181 5640 vesceris
1194 5600 1308 5657 panem.
1324 5588 1456 5644 ssxrucu.

105 5813 198 5887 alum,
213 5813 262 5888 qui
276 5813 307 5871 in
319 5815 421 5872 Codice
435 5814 493 5889 lagi
509 5831 566 5872 non
579 5817 683 5891 potest,
697 5814 733 5876 de
744 5814 842 5875 uostm
856 5811 1050 5887 apposuimus.
