3884 6150
67 276 99 332 57
868 286 954 344 l'l'lh.
1717 290 1751 347 58

66 383 158 441 babai
174 383 205 441 in
222 390 331 456 ventre,
348 391 380 445 ut
397 388 527 463 pondere
544 391 719 463 proeiodaret
737 410 824 466 quem
838 411 885 449 re·
896 418 926 491 Α
973 397 1015 450 lV.
1032 396 1121 467 Igitur
1136 395 1262 468 quadam
1277 396 1336 454 uice
1351 396 1421 453 dum
1434 396 1529 454 cibum
1542 396 1633 454 sessus
1644 395 1753 471 accipe·

68 493 147 534 nene
167 479 280 537 caedere
302 499 361 538 non
383 484 522 539 valerent.
546 484 682 542 Certabat
704 490 798 542 mater
820 503 885 543 cnm
936 490 990 556 ret,
1001 488 1181 560 ingrediente
1196 491 1328 546 rimando
1339 493 1482 548 monacho
1493 493 1523 547 in
1533 491 1620 547 senile
1631 507 1697 547 curn
1711 491 1752 546 lu·

65 574 200 643 parvulo,
225 575 405 632 renitebatur
429 576 525 632 intans
546 578 582 633 ab
607 581 710 635 utero:
731 583 794 636 erat
815 597 885 654 ergo
935 581 1156 650 mine,carbone
1166 583 1558 653 decidente,ilammaienum
1568 584 1715 657 corripuit,
1723 586 1753 640 et

66 681 169 738 pugna
189 666 266 722 inter
282 670 434 725 mulierem
453 674 483 726 et
502 671 618 728 viscera.
636 672 806 730 Laedebatur
822 691 884 730 ma·
936 673 1018 731 arida
1034 675 1211 732 nutrimenta
1223 694 1309 732 vorax
1324 678 1398 749 ignis
1414 678 1553 733 allambit.
1570 679 1750 734 Concurren-

65 763 165 829 trona,
187 778 240 816 nec
260 763 419 819 nocebatur
438 764 582 821 infantia:
605 767 805 823 obluctabatur
824 785 884 824 sar·
935 767 1010 823 tibus
1024 768 1151 841 reliquis,
1163 786 1216 824 nec
1226 771 1323 824 tamen
1340 770 1560 838 incurrentibus,
1571 771 1681 826 tardius
1691 771 1751 843 ipse

65 852 145 921 rina,
161 870 198 908 ne
218 855 341 926 genitrix
358 856 441 912 lieret
459 858 611 929 parricida.
626 861 657 915 ld
672 864 769 916 actum
785 864 838 929 ast,
854 864 886 917 ut
935 861 1096 932 prosiliens,
1111 865 1194 934 rapta
1209 862 1245 917 de
1263 863 1327 918 ioco
1348 880 1476 932 cucuma,
1493 864 1652 919 ascendens
1665 880 1752 937 supra

65 950 199 1002 servatus
211 948 372 1018 incolumis,
387 951 447 1023 ipse
465 951 569 1008 illaesus
589 955 768 1024 procederet,
781 958 811 1010 et
822 973 883 1012 ma·
935 954 1751 1029 fabricamconcinansAlleluia,lundenspaululumaques

64 1041 146 1095 trem
163 1041 300 1099 redderet
319 1043 513 1101 innocentem.
535 1046 603 1101 Erat
616 1047 682 1102 hinc
696 1049 793 1104 sutura
811 1067 885 1122 proe·
936 1047 964 1102 in
978 1047 1068 1103 crucis
1080 1048 1239 1120 imaginem
1252 1048 1383 1104 restinxit
1397 1049 1531 1105 incendia
1542 1067 1548 1105 :
1561 1066 1593 1105 ac
1609 1050 1645 1105 de
1661 1066 1750 1105 manu

66 1150 200 1201 noscere,
213 1140 281 1191 ante
296 1137 397 1195 iecisse
408 1138 478 1210 tat,
492 1140 599 1196 iactam
615 1156 667 1213 pro
682 1142 728 1213 ao]
740 1143 883 1212 virtutem,
935 1140 1033 1197 Sancti
1052 1140 1144 1196 imbre
1164 1142 1265 1197 sedata
1288 1145 1331 1196 est
1351 1141 1426 1214 ignis
1439 1143 1526 1209 unde,
1541 1159 1629 1215 quam
1644 1143 1687 1198 rix
1702 1159 1750 1198 ex·

66 1243 159 1298 quarn
173 1229 252 1283 nasci
267 1231 431 1303 contigerit.
935 1234 1116 1306 stinguerent
1127 1234 1256 1290 llumina.
1269 1235 1352 1300 Quod
1367 1238 1465 1290 tamen
1481 1239 1596 1307 postero
1607 1236 1655 1290 dia
1671 1236 1751 1309 cujus

101 1321 137 1374 ll.
155 1321 263 1377 Deinde
279 1339 345 1379 cum
357 1325 493 1382 rivallone
509 1331 602 1384 castro
619 1329 656 1401 (o)
667 1345 733 1385 cum
748 1330 884 1386 Stratidio
935 1327 1045 1382 insidiis
1060 1330 1155 1383 actum
1176 1330 1219 1382 est
1231 1328 1320 1384 hostis
1335 1328 1395 1400 ipse
1410 1330 1558 1384 consessus
1574 1331 1625 1383 est.

64 1413 233 1486 propinquo
241 1432 313 1487 puer
320 1417 424 1473 scholis
431 1424 603 1488 excurreret,
610 1425 705 1477 mater
711 1423 884 1495 parentistb)
969 1422 1000 1476 V.
1013 1420 1174 1477 Chariulius
1190 1421 1307 1493 quidam
1322 1422 1448 1477 Francus
1464 1423 1571 1495 partim
1589 1422 1663 1477 villae
1678 1421 1751 1476 basi·

64 1510 98 1562 ut
124 1508 186 1578 ejus
207 1509 408 1567 hereditatem
435 1513 606 1586 acquireret,
629 1516 665 1570 de
695 1516 885 1572 adolescentis
934 1513 995 1568 licae
1010 1531 1057 1568 res
1072 1515 1231 1570 obstinatus
1246 1515 1399 1570 invaserat.
1412 1516 1503 1581 Quem
1518 1532 1584 1570 curn
1594 1516 1642 1570 Vir
1652 1514 1702 1570 Dei
1713 1514 1751 1569 ad

64 1600 196 1656 fallitura
208 1619 277 1657 nece
291 1605 434 1660 tractavit.
447 1606 514 1671 Quae
530 1610 722 1680 temperatam
735 1610 884 1681 potionem
934 1607 1115 1663 reddendum
1139 1608 1321 1679 aliquatenus
1343 1611 1552 1676 commoneret,
1573 1625 1627 1663 nec
1651 1610 1750 1663 tamen

64 1694 94 1748 in
105 1696 267 1766 ampullula
277 1697 416 1766 condidit,
426 1699 525 1755 uinum
536 1718 651 1774 quoque
662 1702 692 1757 in
702 1704 803 1771 altera,
815 1722 885 1776 prae-
934 1700 1097 1772 proliceret,
1109 1701 1146 1755 ad
1160 1701 1321 1756 orationem
1337 1718 1367 1756 se
1381 1702 1530 1769 convertit,
1545 1717 1598 1756 nac
1611 1701 1683 1756 tides
1692 1699 1752 1754 rin·

64 1780 289 1860 cipienspdellae
300 1787 924 1870 utvenientibnsambobusilliporrigeretB
937 1793 1043 1848 dictam
1066 1793 1183 1848 distulit.
1200 1793 1303 1850 Statim
1324 1811 1358 1849 ax
1378 1795 1470 1851 ricino
1490 1795 1568 1850 serus
1582 1811 1664 1849 ursus
1678 1791 1751 1849 exsi-

65 1880 258 1948 devi110‚isti
279 1883 315 1938 do
335 1886 486 1955 maleficio.
504 1887 561 1944 Sed
580 1887 720 1961 ignorans
740 1891 883 1960 ministra,
934 1886 1007 1941 liens
1028 1889 1086 1942 tres
1102 1887 1177 1942 illius
1196 1904 1285 1958 equos
1305 1887 1457 1955 interiecit,
1476 1904 1529 1943 nec
1548 1888 1588 1943 sic
1608 1905 1625 1942 a
1645 1886 1752 1942 duritie

65 1975 257 2045 ampullulam
277 1980 371 2033 mutat
393 1981 422 2034 et
442 1982 559 2052 pocula;
579 1982 677 2038 vinum
697 1987 795 2040 sancto
815 1984 882 2040 Ger·
935 1979 1083 2051 resipiscit.
1099 1980 1237 2052 Sequenti
1251 1997 1319 2036 vero
1332 1984 1416 2036 nocte
1431 1981 1585 2053 duplicavit
1599 1982 1750 2053 ultorper·

66 2083 165 2135 mano,
178 2085 324 2126 uenenum
340 2072 390 2127 dat
401 2073 555 2141 Stratidio;
570 2078 599 2130 et
613 2076 682 2131 dum
694 2077 801 2133 insonti
814 2095 886 2149 prae·
935 2073 1049 2128 niciem.
1078 2074 1132 2129 sex
1155 2073 1289 2145 jumenta
1317 2073 1475 2143 interemit,
1501 2091 1555 2129 nec
1583 2073 1606 2128 si
1635 2089 1751 2146 quoqne

65 2164 188 2230 paratur
210 2162 357 2233 interitus,
383 2169 483 2222 auctor
503 2168 581 2224 cadit
601 2169 631 2224 in
656 2171 801 2242 laqueum.
822 2172 884 2237 Quo
934 2183 1020 2238 poena
1036 2166 1155 2222 sutfecit.
1176 2167 1271 2222 Tertia
1289 2167 1367 2223 idem
1391 2169 1475 2222 nocte
1498 2183 1603 2222 nouem
1620 2165 1752 2221 vehicula

66 2257 162 2309 mater
185 2255 247 2325 ejus
270 2259 397 2330 cognito,
416 2261 541 2331 puellam
566 2261 696 2335 increpat
718 2280 783 2319 cum
804 2265 883 2333 tletu,
934 2260 1100 2331 prosternit,
1117 2260 1258 2332 triplicato
1273 2261 1413 2316 cadavere
1427 2277 1434 2315 :
1450 2260 1488 2315 sic
1504 2260 1587 2316 labor
1605 2259 1753 2314 crescebat

67 2347 233 2403 exstinxisse
249 2367 278 2405 se
290 2350 390 2407 hlium.
402 2353 452 2409 Cui
464 2354 611 2423 Stratidio,
623 2356 742 2411 sollicite
754 2357 884 2429 impenso
935 2353 964 2407 in
979 2353 1101 2408 cladem.
1114 2353 1222 2408 Dehinc
1237 2353 1273 2408 ad
1286 2354 1403 2409 beatum
1417 2354 1515 2408 Virum
1530 2353 1641 2409 tardius
1654 2350 1753 2424 dirigit

67 2441 174 2508 studio,
196 2442 273 2499 lacto
297 2445 333 2499 da
354 2445 421 2517 ipsis
442 2447 591 2503 maleficiis
615 2450 705 2518 vario,
728 2450 781 2505 etsi
806 2466 885 2505 mors
934 2462 1189 2518 puerum;agrum
1202 2447 1344 2502 reformat
1355 2447 1496 2515 invasum,
1513 2446 1662 2502 calamitas
1676 2459 1753 2501 com-

67 2533 157 2588 ritam
171 2552 230 2590 non
243 2537 371 2606 abstulit,
388 2542 485 2594 tamen
502 2540 616 2612 signum
633 2542 846 2598 mortisinfixit.
935 2538 1068 2610 pascitur.
1085 2539 1116 2594 ld
1138 2543 1234 2595 actum
1258 2543 1309 2607 est,
1328 2544 1360 2594 ut
1380 2540 1473 2596 bestia
1489 2540 1650 2612 castigante
1663 2540 1752 2593 homo
1791 2534 1795 2546 '

104 2629 151 2681 lll.
161 2628 230 2684 Hinc
240 2631 277 2684 ad
289 2635 441 2702 parentem
451 2650 534 2688 suum
545 2639 675 2689 sanctum
691 2636 885 2707 Scopilionem
935 2648 1050 2686 sensum
1073 2633 1225 2704 acciperet,
1239 2636 1269 2709 et
1284 2633 1366 2688 daret
1386 2650 1444 2688 non
1467 2631 1640 2705 intelligenti
1656 2632 1753 2687 bellua

68 2722 170 2777 lausia
185 2722 220 2795 (c)
234 2740 264 2778 se
280 2724 442 2793 conterens,
457 2727 585 2782 moribus
607 2728 735 2799 honestis
758 2729 841 2783 alitus
856 2731 887 2784 et
936 2724 1088 2780 rationem.

68 2815 214 2870 institutus
227 2819 280 2871 est.
292 2817 345 2882 Qui
355 2819 490 2873 sumsere
501 2820 579 2874 mille
591 2838 689 2891 passus
699 2822 785 2893 longe
797 2822 885 2878 avico
970 2819 1013 2872 Vl.
1028 2818 1137 2873 Dehinc
1146 2819 1247 2874 boatus
1262 2819 1395 2891 Agricola
1408 2818 1616 2876 cabillonensis
1628 2817 1752 2890 (Chalon-

68 2909 269 2978 consisterent,
283 2910 392 2982 jugiter
406 2911 443 2965 ad
457 2912 615 2968 matutinos
628 2916 791 2983 currebant,
808 2915 885 2970 ducti
935 2912 1091 2984 sur-Suriae)
1105 2912 1254 2984 episcopus
1269 2914 1380 2969 habens
1400 2912 1607 2968 cubicularium
1627 2911 1753 2983 grauiter

69 3002 132 3057 fidei
143 3003 241 3056 calore
251 3019 304 3074 per
314 3005 526 3075 tempestatem,
538 3023 590 3078 per
599 3007 735 3062 hiemem.
746 3008 799 3073 Qui
809 3008 886 3063 intra
935 3003 961 3058 vi
975 3004 1100 3060 febrium
1114 3005 1231 3073 fessum,
1247 3006 1295 3077 qui
1319 3006 1463 3062 destinato
1475 3005 1574 3060 auimo
1590 3006 1667 3060 totus
1680 3019 1752 3075 pen·

69 3095 141 3150 terni
157 3095 242 3149 lustri
257 3096 381 3167 spatium
392 3096 432 3168 (d)
446 3099 561 3154 abesto
574 3100 732 3172 Agrippino
748 3101 886 3157 diaconus
936 3097 1023 3152 debat
1037 3097 1066 3151 in
1077 3099 1209 3167 transitu,
1221 3099 1320 3171 dirigit
1331 3099 1367 3154 ad
1378 3102 1509 3155 sanctum
1520 3098 1618 3153 Virum
1628 3097 1753 3152 interce·

68 3188 236 3253 instituitur,
246 3191 276 3243 et
286 3194 425 3261 sequente
434 3191 559 3247 triennio
568 3193 717 3264 presbyter
724 3195 883 3250 ordinatur.
936 3190 1023 3245 dandi
1041 3191 1219 3263 suffragium.
1236 3182 1313 3248 Tunc
1328 3193 1471 3265 perceptis
1486 3191 1613 3263 apicibus
1628 3189 1754 3246 basilicae

70 3281 176 3337 dehinc
189 3299 207 3336 a
218 3282 353 3353 pontifice
364 3283 496 3339 Nectario
508 3285 597 3340 abbas
608 3287 645 3341 ad
657 3286 794 3342 Sanctum
806 3288 887 3359 Sym·
936 3284 987 3338 sub
1003 3284 1114 3354 porticu
1134 3284 1170 3339 ad
1190 3285 1280 3339 sancti
1296 3284 1498 3357 symphoriani
1513 3285 1675 3356 sepulcrum
1690 3299 1754 3355 pro·

69 3376 222 3445 porianurn
231 3375 886 3448 meritodignusasciscitur.Quantaveroinibi
936 3376 1075 3448 graditur.
1091 3379 1204 3432 lnteraa
1224 3377 1267 3432 vir
1277 3378 1372 3448 justus
1394 3378 1518 3433 orationi
1539 3376 1677 3444 incubuit,
1694 3379 1751 3430 ter·

70 3468 244 3523 abstinentia
267 3469 376 3537 vixerit,
396 3470 510 3542 quantis
530 3488 644 3544 quoque
669 3473 771 3544 vigiliis
794 3474 886 3529 conti·
936 3486 999 3524 ram
1024 3487 1144 3542 corpore
1165 3487 1300 3542 premens
1320 3475 1350 3525 et
1370 3471 1465 3526 sidera
1483 3474 1581 3525 mente
1602 3473 1752 3524 transcen-

70 3561 185 3618 nuando
202 3561 357 3630 duraverit,
372 3563 475 3635 quibus
488 3565 678 3636 eleemosynis
693 3568 826 3637 profusus
842 3584 886 3622 ex·
937 3563 1022 3629 dens;
1039 3567 1068 3617 et
1083 3564 1164 3635 quasi
1180 3568 1247 3618 ante
1260 3581 1290 3618 se
1303 3564 1414 3619 habens
1430 3563 1614 3635 praesentiam
1626 3559 1751 3626 Domini,

71 3654 181 3720 stiterit,
195 3655 245 3709 illa
264 3672 310 3709 res
328 3672 386 3710 una
405 3657 486 3711 testis
502 3660 554 3726 est,
569 3675 635 3713 curn
645 3659 707 3730 jam
722 3660 808 3714 rebus
819 3660 884 3715 rali-
936 3672 988 3727 pro
1012 3659 1077 3711 voto
1098 3657 1233 3729 supplicis
1256 3658 1421 3713 obsecrator
1443 3657 1563 3712 accedit.
1589 3657 1661 3711 Nam
1685 3670 1753 3708 mox

71 3748 130 3818 quis
150 3747 327 3819 pauperibus
348 3749 474 3820 erogatis
492 3767 545 3806 nec
564 3752 647 3823 panis
669 3752 729 3822 ipse
748 3752 887 3808 resideret
936 3749 1044 3804 vicinus
1067 3751 1268 3822 Redemptoris
1290 3752 1406 3806 auribus
1427 3750 1586 3816 exauditur,
1609 3752 1638 3803 et
1658 3747 1753 3803 adhuc

70 3843 212 3911 quatenus
224 3842 328 3896 fratres
341 3842 537 3898 reficerentur.
550 3844 612 3909 Qua
623 3845 658 3900 de
669 3861 699 3899 re
711 3845 885 3918 insurgenti·
936 3842 990 3897 isto
1006 3844 1162 3898 recubante
1180 3844 1209 3898 in
1223 3845 1350 3917 pulvere,
1367 3847 1509 3916 {egrotum
1525 3841 1670 3897 medicina
1685 3857 1752 3911 per-

69 3934 120 3987 bus
136 3935 289 3990 adversum
305 3936 508 4004 semonachis,
519 3938 672 4004 retrudens
687 3955 716 3993 se
733 3939 760 3994 in
771 3941 884 4008 cellula,
936 3936 1023 4003 iudit3
1047 3954 1080 3991 ac
1100 3937 1179 4008 justo
1197 3938 1313 4008 J'acente
1340 3938 1371 3992 in
1396 3937 1572 4009 pavimento,
1598 3933 1752 4006 languidus

68 4044 167 4082 amare
179 4028 886 4105 sseritetdoluit.lnterhaecipsoorantequaedem
936 4029 1028 4101 surgit
1049 4030 1085 4085 de
1109 4031 1223 4099 lectulo,
1242 4035 1311 4086 ante
1333 4034 1498 4086 currentem
1521 4029 1666 4085 medelam
1689 4028 1752 4099 [Pro

67 4125 151 4175 Anna
164 4124 300 4177 matrona
314 4122 438 4177 duorum
453 4123 664 4180 saumariorum
678 4125 712 4197 (e)
729 4142 795 4180 cum
810 4143 885 4198 pane
936 4127 1068 4179 currente
1086 4125 1210 4196 medela]
1226 4142 1314 4197 quam
1329 4127 1446 4197 peroret
1461 4124 1509 4195 qni
1531 4123 1672 4195 supplicat
1688 4137 1694 4175 :
1711 4119 1752 4174 ita

67 4215 168 4287 dirigit
181 4231 281 4270 onera.
294 4216 432 4287 Sequenti
447 4217 535 4272 etiam
549 4217 595 4272 die
612 4235 806 4274 cumennora
821 4221 885 4275 des·
937 4219 968 4270 ut
989 4217 1121 4288 portitori
1143 4218 1276 4274 redeunti
1298 4217 1412 4274 obviam
1431 4234 1504 4289 puer
1523 4216 1686 4271 occurrerat
1705 4211 1751 4267 cui

67 4309 170 4364 tinavit
196 4310 282 4380 plena
310 4309 439 4382 carpenti
469 4311 598 4366 vehicula
622 4328 628 4366 :
652 4310 693 4367 ita
721 4316 753 4366 ut
782 4313 886 4368 exinde
936 4311 1113 4381 parabantur
1130 4312 1333 4383 exsequiae3ut
1348 4327 1408 4366 non
1427 4313 1503 4365 esset
1519 4307 1750 4378 ambigunmea·

66 4402 205 4458 monachi
224 4419 290 4457 cum
309 4407 507 4459 saturarentur
528 4405 607 4473 cibo,
631 4408 809 4461 terrerentur
830 4407 883 4460 mi·
936 4403 1003 4458 darn
1023 4405 1095 4459 hora
1114 4404 1283 4476 languidum
1303 4403 1386 4458 saluti
1407 4402 1493 4457 luisse
1516 4399 1673 4467 redditum,
1694 4414 1751 4469 qua

65 4497 167 4551 racnlo
187 4496 236 4566 (l).
259 4495 306 4550 llis
329 4497 426 4569 itaque
451 4497 605 4571 celebriter
625 4498 754 4554 intentus
772 4499 883 4568 olllciis,
895 4521 924 4592 D
935 4495 1175 4585 Virbeatissimus
1188 4498 1267 4551 fusus
1280 4513 1376 4552 orasse
1391 4495 1577 4567 comperitur.

64 4607 125 4644 non
144 4587 228 4643 desiit
242 4588 433 4660 praedicandis
447 4590 625 4646 manifestari
641 4591 795 4647 miraculis.
972 4591 1026 4643 Vll.
1042 4591 1098 4644 Nec
1117 4590 1188 4645 illud
1204 4590 1297 4645 omitti
1317 4589 1460 4658 convenit,
1475 4589 1554 4661 qnod
1574 4587 1611 4643 ad
1631 4588 1751 4643 domum

100 4751 247 4821 (othvallo
256 4767 307 4805 seu
316 4751 416 4807 Aballo
427 4752 577 4825 (Aeolion),
590 4753 728 4825 oppidum
740 4753 770 4809 in
781 4754 886 4809 ducatu
935 4756 972 4808 nt
984 4768 1052 4807 uero
1070 4755 1185 4807 sanctus
1199 4753 1359 4808 Germanus
1374 4768 1451 4807 anno
1467 4751 1564 4816 citato,
1580 4749 1681 4822 viginti
1696 4749 1749 4804 mi-

66 4821 235 4897 Bnrguntias
255 4822 332 4877 inter
352 4824 592 4895 Augustodunum
605 4824 883 4880 etAntissiodorurn.
937 4823 1047 4878 nimum
1067 4840 1160 4879 annos
1174 4823 1237 4895 jam
1261 4823 1406 4895 attigerat,
1423 4823 1565 4894 siquidem
1587 4821 1648 4876 fere
1670 4823 1750 4876 octo·

103 4892 215 4961 (biblia
223 4894 398 4978 exemplaria
408 4895 526 4962 habent,
532 4897 693 4966 propinqui,
703 4895 754 4949 sed
764 4897 885 4966 utraque
936 4893 1071 4965 genutius
1086 4895 1208 4950 evolavit
1227 4895 1264 4949 ad
1283 4896 1369 4950 coelos
1383 4895 1438 4965 (Ea
1449 4897 1597 4950 Fortunato
1616 4908 1691 4947 num.
1705 4890 1750 4962 76)

64 4966 884 5107 ppiquzppdwqqreetnprmqprqqqp'pquqqr'pagqoqyipupppnrqaeqqt
936 4967 1178 5108 andiddd‘marii,
1201 5036 1267 5108 equi
1289 5035 1453 5103 Sarcinarii,
1470 5033 1556 5090 Gallis
1577 5020 1752 5088 sommiersa

65 5106 126 5169 bic,
145 5120 225 5159 num.
242 5108 267 5160 3.
935 5107 1026 5169 σαγμὰ,
1042 5110 1160 5163 sarcina

103 5175 143 5243 (cl
158 5176 260 5231 lausia
282 5192 333 5230 seu
355 5177 465 5232 Lenaea
489 5178 594 5248 (turcl.
620 5195 656 5250 op
678 5178 789 5233 idolum
809 5176 886 5232 inter
972 5176 1009 5249 (f)
1025 5179 1092 5233 Post
1106 5178 1167 5232 haec
1181 5179 1269 5234 rerba
1286 5178 1363 5249 apud
1380 5177 1495 5233 Surium
1516 5178 1545 5230 et
1561 5175 1590 5230 in
1605 5173 1751 5257 nonnullis

63 5246 311 5327 Augustodunum
334 5249 363 5301 et
381 5246 506 5319 Ligerim
529 5249 625 5305 medio
649 5195 711 5304 titre
734 5249 885 5304 intervallo
936 5249 1111 5330 apographis
1120 5249 1290 5331 posterioris
1298 5248 1395 5330 ¹atatis
1411 5249 1576 5328 inseruntur
1590 5247 1620 5300 hr
1633 5261 1749 5301 versus:

64 5320 278 5469 Po(sidiliirlibium
290 5390 333 5441 est
342 5405 379 5443 an
392 5391 516 5472 spatium
531 5390 606 5445 istud
618 5389 782 5462 quindecim
797 5406 886 5445 anno-
936 5319 1752 5470 putrllrlrjqqllpqunanpleurqbqqqqlpapqtrqaqqqpppqqqlqlqs,ppplcn

65 5476 135 5513 rum
149 5475 167 5513 a
179 5460 270 5513 sancti
285 5459 420 5515 Germani
438 5462 594 5529 nativitate,
607 5479 672 5517 ana
687 5465 817 5532 tompore
828 5477 884 5532 quo
937 5463 1023 5514 atram
1043 5461 1239 5531 predicabant
1261 5461 1415 5527 damonia,
1433 5461 1463 5517 in
1483 5459 1642 5516 custodiam
1657 5460 1749 5512 trusit.

64 5528 241 5600 Scopilionis
250 5529 319 5585 disci
342 5530 430 5586 linum
442 5532 779 5599 subiit,sitmetiendum.
792 5533 886 5587 Poste-
936 5531 985 5586 Cui
1000 5533 1093 5586 lataor
1108 5534 1178 5586 nutu
1194 5532 1289 5586 divino
1306 5533 1489 5604 aperiebatur
1502 5531 1689 5601 ergastulum,
1700 5526 1751 5581 sed

65 5602 128 5654 rius
140 5600 235 5669 magis
250 5601 307 5655 arri
330 5604 456 5658 etznam
467 5603 640 5674 Agrippinas
650 5602 824 5658 AEdnensise
847 5603 883 5657 is·
937 5618 994 5657 non
1017 5602 1083 5656 binc
1103 5602 1316 5673 egrediebatur,
1333 5604 1388 5658 nisi
1405 5604 1522 5675 supplex
1538 5605 1567 5655 et
1581 5597 1751 5669 episcopalis

64 5687 167 5796 fflgffls
179 5670 227 5741 (lui
239 5672 416 5752 hermanum
428 5673 742 5739 ordinavitdiaconum,
755 5690 814 5729 uon
836 5690 885 5728 um
936 5672 1054 5754 daretur
1072 5673 1235 5755 preceptio.
1252 5695 1265 5723 u
1281 5676 1318 5728 ht
1332 5691 1398 5730 cnm
1416 5675 1469 5729 ista
1490 5672 1519 5727 in
1540 5667 1749 5738 antiquioribus

65 5759 95 5795 se
120 5757 169 5823 em
182 5741 337 5823 'obhnebat
354 5760 433 5798 anno
451 5748 512 5810 517,
527 5761 584 5816 quo
603 5744 784 5826 Pragmatius
797 5744 885 5826 ipsius
936 5744 1194 5826 sincerioribusque
1211 5745 1389 5800 membranis
1403 5762 1461 5799 non
1475 5744 1616 5814 legantur,
1634 5737 1689 5792 huc
1705 5754 1751 5795 ra·

66 5816 221 5886 Agrippum
241 5811 376 5871 decessor
388 5815 551 5886 Epaonensi
566 5815 687 5871 coucrlro
709 5815 883 5889 subscrrpsrt.
936 5815 1064 5874 vocanda
1078 5832 1108 5872 rn
1121 5831 1264 5873 secessum
1279 5815 1420 5875 duximus.
