3884 6150
162 256 1845 316 W
1866 266 1870 281 ¹

781 429 856 491 saar
878 444 986 492 norum
1008 431 1232 490 anx-mxan
1286 512 1289 517 ι

395 550 960 812 romans
1038 603 1360 965 esra
1442 602 1625 806 ιιι.

790 889 920 972 (Mansi,
940 888 1069 955 Collect.
1088 887 1213 954 Coaeil.

587 1079 624 1085 .-
635 1056 1462 1099 -.w-

469 1225 739 1367 vrrn
811 1220 1286 1361 aoaaars
1363 1220 1551 1402 ιιι,

715 1447 798 1547 aa
835 1447 990 1548 raro
1028 1445 1333 1578 ratapant

234 1641 327 1701 (Nora.
342 1639 452 1690 Lahboeo
467 1652 522 1689 esse
537 1637 705 1689 tribuendum
719 1636 854 1703 quidquid,
869 1636 972 1688 uncinis
986 1635 1011 1702 []
1027 1636 1190 1700 conclusum,
1202 1648 1256 1686 non
1271 1634 1329 1685 cod.
1347 1634 1455 1684 bucensi
1467 1633 1621 1686 nominatim
1630 1633 1772 1700 tribuitur.)

194 1870 318 1923 loannes
332 1869 368 1939 (o)
385 1868 496 1925 natione
517 1869 662 1923 Romanas
679 1867 714 1922 de
736 1870 816 1938 patre
836 1866 980 1921 Anastasio
990 1863 1133 1950 Aillustri
1157 1863 1230 1935 lCod.
1253 1864 1327 1926 aaa,
1343 1861 1486 1934 illustriol,
1504 1861 1576 1917 sedit
1595 1877 1684 1917 annos
1698 1861 1847 1919 duodecim

809 1992 909 2047 NOTAE
928 1989 1086 2046 severam
1107 1991 1196 2045 Blh'll.

199 2083 235 2150 te)
250 2084 342 2138 arear
357 2084 558 2155 mensistaaii,
572 2100 647 2138 anno
663 2082 765 2139 Christi
777 2081 976 2152 Redemptoris
1026 2080 1117 2137 ersilii
1135 2080 1242 2135 bellam
1264 2079 1392 2146 dictaret,
1414 2078 1516 2133 visibili
1539 2079 1611 2134 ictus
1630 2077 1714 2160 plaga
1736 2094 1770 2134 er
1790 2079 1844 2136 hac

163 2157 224 2219 539,
253 2155 303 2224 qui
332 2160 374 2209 est
396 2155 545 2210 lastiniani
566 2154 745 2225 imperatoris
768 2156 813 2219 33,
832 2153 977 2207 inlocum
1026 2153 1081 2208 vita
1094 2152 1221 2208 excessit.
1239 2173 1252 2200 a
1267 2151 1384 2215 Quando
1404 2150 1541 2204 nimirum
1555 2149 1637 2204 annis
1650 2150 1768 2221 triginta
1781 2156 1844 2207 octo

162 2224 268 2294 Pelagii
280 2225 451 2295 subrogatus
465 2226 519 2280 fuit
532 2227 653 2281 loannes
668 2226 754 2296 bitias
766 2225 889 2278 nominis
903 2240 978 2295 papa
1027 2229 1055 2279 et
1066 2224 1210 2278 mensibus
1224 2228 1286 2277 octo
1299 2221 1450 2293 imperium
1464 2221 1697 2277 administrasset.

162 2297 273 2362 tertius,
291 2301 442 2368 postquam
457 2298 536 2351 sedes
549 2296 703 2368 apostoliea
724 2296 814 2350 tribas
832 2295 976 2349 mensibus
1061 2295 1260 2364 corrupticolas
1283 2293 1341 2347 sive
1369 2292 1528 2359 severiani,
1559 2297 1587 2347 et
1612 2291 1844 2364 Aphthardocitae

162 2371 190 2419 et
202 2367 304 2435 viginti
316 2370 441 2438 quinquo
459 2368 557 2422 diebus
580 2374 691 2439 pastore
714 2367 810 2421 orbata
823 2372 851 2421 et
865 2367 977 2420 viduata
1026 2365 1083 2420 sive
1098 2364 1334 2436 Incorruptibiles,
1349 2363 1495 2434 quierant
1511 2363 1632 2417 duarum
1654 2363 1842 2434 Eutychiana-

162 2437 273 2491 fuisset.
296 2439 343 2492 llis
360 2440 537 2510 temporibus
555 2438 770 2506 Theodosium,
793 2442 859 2508 post
885 2437 977 2490 illium
1027 2453 1092 2491 rura
1105 2442 1245 2490 sectarum
1258 2434 1360 2489 diversi
1371 2435 1492 2499 sectarii,
1512 2435 1556 2488 his
1576 2434 1752 2506 temporibus
1769 2434 1844 2490 inter

163 2509 292 2561 suumin
311 2512 550 2580 transportatione
562 2510 745 2580 reliquiarum
760 2509 847 2562 sancti
866 2508 977 2562 blartini
1027 2525 1056 2562 se
1068 2507 1267 2578 confligebant.
1283 2507 1371 2560 Corra
1394 2506 1484 2560 ticolae
1496 2505 1677 2560 affirmabant
1691 2505 1776 2577 (qaod
1789 2505 1845 2560 hae-

165 2579 331 2656 miracalose
346 2587 486 2647 sanatam,
500 2582 535 2634 ab
557 2581 714 2635 Arianismo
728 2580 763 2633 ad
778 2579 863 2633 tidem
878 2579 975 2633 catho—
1027 2579 1147 2633 reticem
1158 2581 1207 2648 est)
1218 2578 1362 2632 Christum
1373 2524 1503 2631 babuisse
1511 2592 1626 2631 carnem
1633 2575 1845 2647 corruptibilem

163 2648 252 2702 liram
269 2655 308 2703 est
322 2667 479 2705 conversus.
503 2653 576 2705 Gens
600 2652 754 2718 Pictorum,
779 2650 810 2703 in
835 2649 978 2704 Britannia
1027 2655 1056 2704 et
1068 2649 1246 2719 passionibus
1268 2665 1303 2702 ex
1321 2648 1486 2702 necessitate
1506 2647 1667 2715 obnoxiam,
1689 2653 1768 2702 utne
1791 2664 1842 2702 aa·

161 2720 257 2773 insula
271 2724 516 2790 commorantium,
528 2738 579 2792 per·
588 2729 716 2776 sanctum
724 2720 932 2775 Columbanum
940 2720 977 2774 ad
1047 2736 1113 2773 aara
1127 2736 1156 2773 se
1173 2720 1207 2773 ab
1223 2718 1266 2772 his
1280 2719 1400 2772 liberum
1416 2716 1532 2771 reddere
1548 2718 1682 2788 potuerit.
1698 2664 1842 2788 Aphtbar-

161 2791 249 2844 iidem
263 2793 367 2847 Christi
381 2795 515 2864 perducta
528 2794 581 2847 t'uit
594 2795 677 2862 (lierda
698 2794 730 2846 de
747 2791 833 2846 Gestis
850 2791 975 2858 anaticis,
1027 2736 1125 2845 doeitoe
1147 2796 1244 2843 contra
1262 2789 1400 2843 docebant
1420 2788 1524 2841 Christi
1543 2803 1657 2842 carnem
1676 2788 1761 2858 (qaod
1784 2805 1843 2845 non

162 2863 233 2916 libro
244 2879 273 2915 ιιι
283 2881 343 2933 capr.
355 2866 391 2932 l).
404 2864 659 2918 belisariusann03
670 2863 849 2936 pontificatus
861 2861 977 2916 loannis
1028 2861 1124 2915 minas
1137 2875 1288 2914 erroneam
1298 2864 1348 2929 cst)
1371 2874 1422 2912 sua
1441 2864 1543 2912 natura
1560 2858 1803 2928 incorruptibilem
1816 2864 1845 2916 et

140 2933 191 2986 ,ιιι
204 2934 395 3002 suspicionem
409 2935 613 3005 conjurationis
627 2935 774 2999 adductus,
790 2933 976 2987 atastiniaao
1027 2931 1192 3003 passionum
1204 2935 1350 3002 expertem
1364 2929 1469 2999 fuisse,
1487 2935 1583 2983 tamen
1596 2929 1710 2999 qnando
1721 2929 1842 3002 volebat,

159 3004 344 3073 imperatore,
359 3007 487 3060 omnium
501 3007 671 3077 scriptorum
682 3004 853 3071 testimonio,
861 3003 891 3056 in
904 3004 977 3058 ordi·
1027 3002 1276 3073 compassionibus
1289 2999 1427 3070 subjicere
1441 3000 1573 3070 potuisse.
1590 3000 1739 3055 llorumde
1752 3001 1843 3057 incor-

159 3091 229 3129 nern
245 3076 375 3130 redactas
389 3077 459 3146 fait5
482 3093 601 3147 eamque
620 3092 678 3130 suae
699 3075 850 3145 impietatis
864 3091 976 3145 poenam
1026 3074 1158 3144 ruptione
1184 3088 1353 3126 venenosam
1382 3071 1551 3126 sententiam
1580 3071 1755 3126 lastinianus
1783 3088 1842 3130 non

159 3146 293 3211 irrcrarit,
301 3148 336 3201 de
346 3165 402 3219 qua
411 3165 496 3218 supra
510 3148 569 3201 diri
578 3148 609 3201 iu
623 3147 698 3201 notis
710 3147 745 3200 ad
756 3145 974 3214 VitamSilverii,
1027 3149 1137 3199 tant-um
1150 3144 1271 3212 imbibit,
1286 3144 1335 3198 scd
1354 3142 1439 3196 etiarn
1454 3142 1612 3196 inconsulta
1625 3143 1763 3197 sententia
1778 3144 1841 3214 epi-

160 3233 250 3287 quera
266 3219 312 3272 ille
331 3219 509 3273 innocentem
523 3219 627 3288 injuste
639 3219 821 3287 relegaverat.
835 3218 899 3271 Post
914 3216 974 3269 obi·
1026 3231 1188 3287 scaporum,
1204 3216 1294 3269 edicto
1309 3212 1432 3285 publico,
1445 3219 1479 3267 at
1499 3213 1585 3267 refert
1599 3214 1734 3285 Evagrias
1750 3213 1799 3269 lib.
1816 3229 1843 3270 ιιι

159 3293 223 3341 tum
234 3289 639 3359 Chlidebertiregis,Clotarius
648 3286 881 3358 germanasillias
890 3287 977 3341 frater
1026 3303 1087 3358 cap.
1103 3289 1147 3353 38,
1160 3285 1295 3341 stabilivit
1313 3289 1342 3340 et
1358 3283 1554 3352 coutirmavit3
1578 3283 1617 3337 ita
1631 3290 1662 3339 ut
1676 3285 1767 3340 exsilii
1779 3301 1840 3356 poe·

160 3375 285 3428 regnam
299 3360 420 3431 accepit;
443 3361 594 3431 ejectisque
610 3360 719 3414 filiabus
737 3358 918 3426 Clrildeberti,
934 3375 977 3412 so·
987 3369 1014 3440 B
1026 3374 1092 3412 nani
1108 3357 1265 3411 incurreret
1278 3356 1408 3480 qpispuis
1420 3361 1519 3410 contra
1531 3371 1611 3408 suam
1624 3354 1677 3408 hac
1686 3356 1721 3409 de
1735 3371 1767 3410 re
1779 3357 1841 3428 opi·

159 3429 204 3484 las
218 3431 305 3484 totius
317 3433 336 3485 F
340 3432 441 3485 ranciei
454 3432 536 3502 regni
556 3430 720 3485 monarchia
733 3430 841 3500 potitus
851 3429 914 3483 fuit.
928 3430 976 3484 llic
1026 3429 1141 3483 aionem
1155 3428 1280 3482 sentiret.
1294 3427 1346 3480 i'ul
1359 3445 1375 3481 o
1388 3433 1468 3481 meta
1489 3424 1578 3479 exsilii
1595 3431 1645 3479 aut
1662 3427 1761 3481 mortis
1793 3443 1841 3482 ro·

159 3517 228 3554 cam
247 3502 369 3557 Parisios
384 3503 513 3571 venisset,
535 3502 629 3573 ibique
651 3506 767 3572 repente
788 3500 819 3554 in
842 3500 976 3554 morbum
1025 3501 1151 3567 bibente,
1188 3497 1349 3552 Anastasius
1375 3496 1531 3552 Antiochia
1568 3495 1715 3566 episcopas
1750 3443 1841 3554 adicio

159 3572 315 3642 incidisset,
329 3574 394 3628 ideo
406 3574 481 3644 quod
499 3579 625 3627 sanctuar
640 3573 812 3627 Germanum
834 3571 895 3641 ejus
913 3571 977 3624 civi·
1025 3568 1205 3641 imperatoris
1218 3567 1397 3623 contradixit.
1411 3567 1585 3622 iustinianas
1600 3583 1667 3620 eum
1682 3566 1742 3620 sine
1754 3567 1841 3625 dubio

159 3645 225 3697 tatis
238 3646 401 3715 episcopum
423 3645 647 3715 contempsisset,
667 3660 719 3714 per
740 3643 866 3713 ejusdem
889 3642 977 3696 sancti
1027 3643 1105 3712 gravi
1119 3656 1200 3712 poena
1214 3639 1395 3719 relegationis
1413 3639 1579 3710 punivisset,
1602 3637 1657 3691 nisi
1675 3637 1784 3693 ultione
1796 3639 1841 3694 di-

160 3714 463 3770 Germanicorrtaetam
472 3713 977 3783 miraculosesaaitatemrecuperavit
1025 3713 1261 3783 rina⁴pereussas,
1277 3727 1307 3764 ra
1344 3711 1467 3781 roposito
1486 3725 1536 3763 suo
1556 3709 1736 3789 exsequendo
1750 3716 1842 3767 morte

161 3785 974 3855 (Fortunatusial‘itasanetiGerraaaiapadSariura,etc.).
1025 3789 1184 3855 praeventas
1200 3783 1308 3836 fuisset.
1325 3728 1402 3836 iacti
1424 3781 1509 3852 hujus
1528 3779 1686 3850 turpissimi
1706 3780 1788 3836 illurn
1811 3781 1841 3839 in

198 3858 258 3910 iles
279 3859 472 3930 compluribus
496 3858 602 3912 delictis
625 3857 775 3925 obnoxius,
797 3855 832 3911 ob
857 3856 975 3909 incestas
1025 3856 1159 3910 extremis
1173 3853 1345 3925 poenituisse,
1360 3859 1445 3923 atque
1459 3851 1639 3922 Eutychium,
1661 3868 1748 3923 quem
1766 3852 1839 3907 rele-

157 3929 693 3999 nuptiasaNicetioTrevirensi,qaem
706 3929 879 3998 relegaverat
901 3943 975 3996 sape
1026 3932 1150 3997 gereret,
1177 3925 1212 3979 ab
1237 3923 1334 3978 exsilio
1356 3922 1480 3990 revocari
1504 3921 1662 3992 mandasse,
1687 3939 1747 3978 non
1771 3923 1841 3980 citra

158 4000 289 4053 monitus
310 4006 338 4054 et
357 4000 627 4065 excommunicatus,
659 3999 739 4054 obiit.
762 3999 897 4052 lleluneto
914 3997 974 4066 illo,
1024 3997 1250 4069 probabilitatem
1262 4012 1279 4048 a
1290 3995 1421 4066 plurimis
1434 3994 1568 4048 asseritur
1581 4010 1616 4047 er
1629 4009 1673 4062 eo,
1687 3993 1763 4065 qaod
1776 4010 1840 4050 saa-

158 4077 284 4196 p'uatuor
303 4071 379 4125 illius
392 4072 453 4140 litii,
467 4088 571 4142 nempe
583 4071 773 4137 Charibertus,
789 4069 973 4140 Chilpericus,
1024 4074 1085 4123 ctus
1107 4067 1259 4137 Gregorius
1286 4083 1360 4137 papa
1380 4082 1437 4120 una
1458 4080 1524 4119 cum
1549 4064 1678 4119 Patribus
1700 4065 1800 4137 synodi
1813 4081 1840 4121 vr

171 4143 371 4196 'tmtheramus
383 4149 411 4197 et
423 4143 585 4213 sigebertus
595 4158 716 4212 regnam
729 4140 848 4194 vicissim
861 4142 935 4193 inter
945 4156 974 4193 sc
1024 4139 1142 4210 aliisque
1167 4138 1298 4210 pluribus
1327 4153 1394 4191 eam
1416 4136 1544 4191 nominet
1562 4135 1763 4207 imperatorem
1784 4135 1840 4206 piae

156 4212 258 4302 partiti
272 4214 396 4281 luerunt,
410 4230 485 4268 anno
499 4218 561 4284 post
573 4217 673 4267 nattum
685 4211 828 4271 Christum
842 4214 892 4266 503
906 4211 974 4280 [imo
1023 4210 1177 4278 memoriae,
1194 4209 1307 4280 quaudo
1319 4207 1394 4264 illius
1408 4208 1474 4262 alibi
1486 4207 1661 4262 mentionem
1674 4207 1750 4262 facit.
1764 4207 1799 4261 Ut
1807 4212 1840 4263 ut

157 4285 618 4356 adl,arrt562],postqueobitum
634 4281 909 4353 Clodoveiregisbl.
1023 4282 1069 4351 sit,
1096 4298 1154 4335 non
1180 4280 1322 4334 immerito
1343 4279 1450 4350 respuit
1471 4276 1590 4332 Ecclesia
1617 4277 1666 4330 illa
1688 4277 1840 4333 lastiniani

193 4356 368 4409 lastinianus
387 4356 552 4426 imperator,
566 4355 616 4427 qai
636 4371 665 4409 se
688 4353 790 4408 divinis
814 4353 897 4408 rebus
910 4353 973 4423 plus
1023 4354 1127 4423 scripta
1148 4356 1177 4407 et
1194 4350 1418 4416 constitutiones,
1441 4365 1511 4420 quas
1529 4348 1564 4402 de
1584 4347 1685 4416 usuris,
1704 4347 1837 4420 ecelesiis,

158 4426 250 4479 nimio
262 4426 422 4492 immiscuit,
436 4425 726 4507 quiquepontiliciam
739 4424 974 4478 muuusiaieren-
1044 4424 1207 4494 ersonisqac
1229 4421 1419 4476 ecclesiasticis
1441 4423 1609 4490 arroganter
1631 4417 1717 4473 nimis
1737 4418 1837 4477 edidit.

158 4496 203 4551 dis
216 4498 326 4568 legibus
336 4497 539 4567 ecelesiasticis,
552 4498 642 4569 risque
656 4495 811 4569 exigendis,
823 4495 888 4550 etin
903 4495 972 4549 rele-
1022 4441 1123 4550 guidus
1136 4494 1221 4549 tradit
1241 4493 1321 4546 illurn
1339 4493 1499 4546 litterarum
1516 4488 1681 4560 imperitum
1704 4506 1736 4544 ao
1754 4491 1838 4562 plane

159 4569 262 4639 gaudis
281 4569 426 4639 episeopis,
446 4569 499 4623 sibi
524 4573 691 4640 arroganter
716 4566 809 4621 assub]
832 4567 877 4632 sit,
907 4582 972 4620 eura
1022 4566 1241 4636 analphabctam
1258 4564 1352 4617 fuisse.
1372 4562 1452 4626 Quod
1468 4561 1491 4616 si
1512 4577 1612 4616 verum
1630 4566 1682 4628 est,
1699 4560 1836 4618 affirmari

159 4638 300 4693 haereticis
318 4641 475 4694 velamento
496 4640 571 4711 pacis
593 4645 622 4695 et
634 4639 789 4694 concordia
807 4584 973 4692 ibmiliarias
1021 4637 1114 4703 debet,
1133 4634 1210 4708 quod
1229 4635 1301 4690 sicut
1316 4633 1478 4689 Triboniani
1493 4631 1610 4687 fueruat
1629 4633 1706 4714 leges
1732 4631 1837 4702 civiles,

160 4727 248 4782 quara
272 4711 417 4782 oportebat
437 4728 522 4782 agere
546 4711 699 4780 consuevit,
724 4727 741 4763 a
761 4709 905 4764 Theodoro
922 4708 971 4762 illo
982 4739 1009 4814 C
1021 4709 1060 4763 ita
1077 4709 1161 4763 etiam
1180 4706 1319 4761 Theodori
1338 4703 1516 4761 Caesariensis
1538 4702 1646 4758 fuerint
1664 4702 1712 4758 rlla
1734 4702 1838 4775 scripta

160 4783 334 4853 nequissimo
347 4784 462 4837 Caesarne
483 4782 664 4853 Cappadocia
687 4781 896 4851 archiepiscopo
909 4780 970 4835 Ori·
1023 4784 1108 4851 atque
1131 4779 1221 4834 edicta
1240 4778 1274 4833 de
1295 4777 1362 4845 fide,
1385 4792 1449 4848 qaae
1476 4774 1528 4830 sab
1549 4774 1664 4830 nomiae
1687 4774 1838 4831 iustiniani

183 4854 272 4907 euista
285 4860 313 4909 et
325 4854 432 4908 occulto
452 4854 635 4925 Eutychiana,
650 4853 679 4907 in
692 4868 817 4907 errorem
830 4851 972 4924 Aphtbar-
1023 4853 1137 4921 vulgata
1149 4852 1293 4922 leguntur.
1307 4849 1320 4903 J
1324 4848 1432 4902 ustinus
1451 4863 1487 4901 ex
1508 4861 1603 4900 sorore
1623 4844 1771 4900 lastiniani
1784 4862 1836 4901 ne-

160 4867 318 4979 docitaram
336 4925 393 4979 sire
410 4925 667 4996 incorruptibilium
684 4924 761 4993 justo
780 4923 829 4978 uei
856 4923 973 4978 vindicis
1023 4939 1085 4994 pos,
1100 4929 1185 5004 prout
1203 4921 1242 4975 illi
1262 4919 1416 4991 Eutychiae
1431 4918 1578 4989 episcopas
1593 4921 1658 4972 ante
1679 4916 1837 4974 triennium

159 4997 299 5066 permissu
321 4996 464 5063 inductus,
492 5001 520 5050 et
537 4997 661 5067 specioso
681 4994 902 5065 incorruptibilis
920 5010 972 5047 no·
1022 4994 1201 5076 praedixerat,
1221 4992 1352 5046 defuncto
1369 4989 1525 5044 lustiniaao
1544 4987 1696 5043 successit:
1711 4988 1837 5061 insignia

158 5067 238 5122 mine
253 5067 395 5138 dereptus,
409 5068 611 5122 exsecrabilem
628 5071 656 5121 et
674 5065 866 5121 detestabilem
880 5066 971 5119 heere·
1022 5065 1136 5137 imperii
1149 5081 1205 5119 non
1218 5063 1297 5135 prius
1317 5061 1433 5133 aceepit,
1453 5077 1538 5132 quam
1556 5059 1592 5113 ad
1608 5058 1750 5184 templum
1767 5077 1834 5132 pro·

158 5138 213 5192 sim
242 5137 272 5191 in
299 5140 445 5193 ecclesiam
468 5139 591 5207 induxit,
615 5152 780 5208 eorumque,
803 5137 972 5207 quibuscum
1022 5153 1135 5209 gressus
1158 5136 1218 5207 pias
1238 5149 1334 5205 preces
1354 5133 1480 5188 fudisset.
1502 5135 1525 5185 A
1547 5134 1705 5201 patriarcra
1728 5131 1835 5190 Joanuo

157 5208 276 5262 liberius
289 5211 409 5278 vivebat,
424 5225 533 5264 reneua
543 5210 771 5281 pestilentissima
784 5208 906 5262 imbibit.
922 5209 973 5263 lte·
1020 5208 1195 5274 benedictus,
1210 5209 1368 5270 coronatus,
1392 5208 1420 5258 et
1436 5202 1466 5256 in
1485 5202 1555 5255 solio
1576 5201 1734 5270 collocatrrs,
1753 5202 1835 5259 abso·

157 5282 304 5334 sistentem
318 5297 375 5335 sare
389 5285 535 5335 sententiae
556 5281 724 5353 Eutycbium
737 5279 970 5349 Constantinopo·
1022 5279 1089 5333 lutis
1101 5275 1346 5332 acclamationibus
1357 5275 1393 5328 ad
1407 5273 1546 5353 populum
1558 5272 1713 5353 orationem
1723 5273 1834 5346 habuit,

156 5351 281 5407 literram
294 5353 458 5423 episcopam
472 5352 577 5406 exsiliis
589 5352 866 5421 multavit:curaqae
881 5355 973 5405 «aaa
1021 5356 1086 5404 aute
1096 5350 1177 5420 cujus
1197 5347 1310 5402 initium
1326 5349 1448 5400 frontem
1461 5360 1542 5470 arpeo
1559 5360 1651 5398 craers
1666 5344 1833 5417 obsignavit.

158 5424 245 5493 alasii,
261 5424 353 5496 inquit
364 5424 538 5495 Nicephorus
556 5423 605 5478 lib.
630 5440 684 5478 xvir
703 5440 764 5494 cap.
783 5425 827 5488 31,
843 5421 971 5476 sacerdo·
1022 5421 1060 5476 lie
1073 5421 1127 5475 tide
1140 5419 1275 5475 'catholiea
1292 5417 1416 5472 edictam
1434 5416 1478 5470 edi
1500 5416 1530 5469 it.
1551 5415 1619 5478 Quae
1632 5431 1698 5471 sane
1711 5417 1835 5473 maxima

156 5499 278 5567 turaque
293 5497 364 5566 ejus,
377 5495 428 5568 qai
440 5495 539 5551 eodem
552 5511 618 5549 curn
629 5495 679 5548 illo
692 5496 792 5549 ardore
805 5494 971 5565 flagrabant,
1022 5492 1105 5548 laude
1118 5492 1204 5565 digna
1214 5491 1317 5559 terrent,
1328 5489 1351 5544 si
1364 5505 1420 5543 non
1431 5486 1585 5542 admodum
1597 5487 1628 5541 in
1642 5488 1834 5560 voluptatibus

191 5603 366 5656 'Auctoribus
375 5615 440 5668 quos
448 5603 476 5653 ln
484 5603 535 5654 hoc
545 5606 617 5654 tomo
627 5602 786 5664 recudimus,
797 5603 884 5652 locum
894 5605 953 5653 anto
963 5601 1116 5667 Gregoriam
1124 5601 1303 5649 Turonenscm
1312 5595 1461 5648 vindicabat
1472 5593 1537 5644 ordo
1546 5593 1746 5658 chronologicas
1757 5610 1764 5644 ε
1774 5596 1835 5658 qrrie

157 5681 221 5719 vero
230 5667 428 5731 paucistantum
437 5665 512 5717 anais
521 5666 606 5718 abillo
616 5665 907 5730 distabant,jastumqrie
919 5670 1020 5730 poterat
1028 5678 1061 5714 es
1069 5662 1467 5728 ipsiusoperibusiacunctanter
1475 5658 1624 5731 coalescere
1633 5657 1765 5717 volumen,
1773 5672 1836 5711 cum

176 5731 291 5796 terisque
301 5729 413 5781 aliorum
424 5730 557 5795 opusculis
566 5729 672 5787 nonnisi
685 5729 834 5794 perlongus
845 5727 1071 5794 investigationum
1083 5727 1125 5777 ret
1138 5725 1248 5778 transcri
1267 5725 1366 5775 tionum
1378 5722 1502 5786 ambages
1515 5721 1595 5786 potiri
1607 5721 1706 5792 liceret,
1715 5723 1837 5777 sanctum

156 5746 318 5866 dampna
328 5805 481 5860 praeponere
493 5806 547 5846 non
558 5792 741 5860 dubitavimus,
751 5789 862 5845 licenda
873 5791 953 5847 dubio
965 5791 1058 5865 procat
1069 5789 1222 5846 ianocaeta
1240 5788 1245 5799 “
1258 5802 1301 5843 eru
1309 5784 1381 5859 apud
1391 5781 1855 5866 tectoresventambahamtaaa,

322 5873 460 5948 Parnoi..
483 5874 600 5947 taxii.
1639 5872 1663 5935 t

105 5911 214 6107 ,a
