3884 6150
135 273 201 330 loos
705 271 832 328 SAECULI
850 269 942 326 suan
961 268 1239 326 SUPPLEMENTUM.
1746 271 1813 324 lasa

132 396 198 435 rum
208 343 342 451 opdribus
352 378 420 434 etde
437 394 470 432 ea
483 392 546 449 quse
559 377 594 432 ob
607 377 722 432 ruinosa
735 380 865 434 etdiruta
875 377 942 433 aedi-
955 388 1069 462 Amas,
1082 376 1106 430 si
1116 376 1282 430 conteratur
1295 374 1333 429 ad
1345 373 1704 431 totamconsummationis
1720 376 1816 447 perle-

133 473 197 527 ilcia
214 472 317 545 [datur]
343 470 549 538 satisfactione,
571 475 601 526 ει
615 471 659 526 his
673 472 764 543 quiin
780 472 825 526 his
840 471 947 544 aliquid
996 470 1120 524 ctionem
1133 470 1193 540 [seu
1203 466 1408 540 harmoniaml.
1425 497 1460 507 -
1472 465 1488 541 ἓ
1499 470 1525 522 a.
1541 469 1609 536 Quae
1622 469 1722 524 omnia
1732 483 1814 523 corn-

133 564 303 621 insidiarum
317 567 365 618 aut
378 564 486 619 fraudis
499 563 676 634 admiserint,
698 568 727 619 et
741 565 776 620 de
791 565 835 619 his
847 565 897 637 qui
912 582 948 620 ex
996 561 1088 631 posita
1103 564 1178 629 sunt,
1189 563 1218 615 et
1228 561 1374 616 elaborata
1383 560 1593 632 peroptime,et
1604 565 1638 615 ut
1651 563 1816 633 nostrajus·

133 674 273 731 aquarum
286 657 394 728 impetu
407 657 515 713 vicinos
527 657 661 725 laeserint,
676 663 705 713 et
720 657 755 713 de
768 658 947 729 publicorum
997 654 1076 710 sione
1093 655 1212 725 dignum
1225 655 1289 722 luit,
1302 669 1355 725 per
1364 653 1568 709 Tribonianum
1576 653 1813 722 illustrissimum,

133 750 600 823 vectigaliumcoactoribus,atque
608 751 725 823 insuper
735 751 770 805 de
786 751 945 807 donationi·
997 763 1112 802 necnon
1119 746 1596 819 prudentissimum,magistrurn,et
1604 751 1813 820 erquaestorem

133 843 186 898 bus
199 844 258 896 tam
270 842 428 897 indefinitis
437 844 497 915 [seu
508 843 706 914 sirnplicibns],
721 860 809 915 quam
824 844 854 897 in
869 843 947 915 cogi·
996 843 1160 896 nostrorum
1179 839 1362 912 palatiorum,
1380 846 1410 896 et
1423 842 1618 919 exconsulem,
1634 841 1730 896 virrnn
1743 845 1773 896 et
1783 842 1812 896 in

132 935 274 990 tationem
289 935 391 990 martis
403 936 500 990 relatis
511 936 590 1008 leges
600 953 632 991 ac
639 937 706 1007 jura
722 936 864 991 ordinant.
878 937 947 992 Rur-
995 932 1064 1004 ipsis
1078 949 1175 987 rerum
1188 932 1402 1004 experimentis,
1416 933 1484 988 etin
1496 933 1673 1004 eloquentia,
1690 937 1721 987 et
1732 934 1763 987 in
1778 935 1813 990 le-

133 1032 309 1084 sumentem
329 1029 468 1100 quidquid
481 1030 516 1084 de
535 1045 705 1122 quacunque
722 1029 947 1085 manumissione
997 1025 1079 1097 gibus
1088 1025 1244 1081 scribendis
1254 1026 1322 1080 satis
1331 1029 1500 1098 spectatum,
1510 1027 1595 1097 etqui
1604 1026 1676 1080 nihil
1684 1042 1810 1097 unquam

133 1123 285 1189 exstat,vel
299 1123 333 1176 de
343 1122 387 1177 his
398 1138 462 1193 quae
477 1139 563 1194 super
575 1123 636 1195 ipsa
651 1123 796 1194 agitantur
808 1123 907 1190 causis,
919 1124 948 1176 et
996 1123 1160 1173 nostrarum
1174 1119 1337 1189 jussionum
1350 1119 1532 1190 contempsit,
1546 1135 1662 1182 necnon
1676 1135 1730 1190 per
1743 1118 1810 1174 alios

133 1216 188 1270 hoc
210 1214 259 1269 uni
275 1215 414 1270 traditum
427 1220 470 1270 εει
484 1215 567 1271 libro.
579 1215 708 1287 Amplius
724 1221 819 1271 autem
835 1233 870 1270 ea
884 1231 947 1287 quae
997 1210 1093 1281 [viros]
1099 1211 1148 1283 qui
1156 1212 1207 1266 sub
1218 1211 1279 1284 ipso
1288 1212 1372 1267 nobis
1381 1211 1436 1267 hoc
1446 1227 1518 1284 opus
1529 1210 1722 1279 elaborarunt,
1729 1212 1758 1266 id
1768 1216 1811 1267 est

134 1308 169 1363 de
182 1309 370 1379 possessione,
382 1312 412 1363 et
423 1309 576 1381 peripsam
587 1308 785 1380 acquisitione,
797 1313 826 1363 ει
837 1309 872 1363 de
883 1325 947 1364 cau·
995 1304 1664 1377 Constantinummagniiicentissimumcomitem
1670 1320 1808 1360 sacrarum

133 1401 170 1455 sis
180 1418 244 1456 eam
259 1401 505 1456 introducentibus
521 1405 597 1471 sunt,
611 1402 641 1456 in
659 1418 750 1456 unum
770 1401 948 1474 seposuimus
996 1390 1810 1469 largitionum,etantigraphariuu'r[seumagistrumbacri

133 1497 285 1549 tractatum
296 1492 356 1564 [scu
365 1494 492 1565 librum].
502 1496 535 1549 lit
541 1493 681 1566 quidquid
690 1495 776 1549 etiam
786 1495 821 1550 de
828 1494 948 1566 judicia·
997 1489 1139 1558 scrinii,et
1148 1505 1293 1545 sacrorum
1303 1490 1466 1545 libellorum
1478 1495 1506 1545 et
1514 1490 1717 1562 cognitionum
1725 1491 1809 1562 impe-

133 1588 183 1641 riis
198 1591 286 1643 exstat
298 1587 457 1656 sententiis,
475 1591 503 1642 et
517 1587 561 1642 his
577 1588 671 1659 quiin
688 1588 728 1641 eis
740 1588 835 1658 aliqua
849 1591 948 1643 contra
997 1582 1121 1650 rialium,
1136 1584 1184 1654 qui
1195 1582 1389 1638 nobisbonam
1404 1583 1439 1637 de
1453 1599 1483 1637 sa
1498 1583 1667 1654 opinionem
1678 1584 1708 1638 in
1722 1584 1810 1638 omni·

134 1680 243 1751 seipsos
260 1680 379 1736 confessi
399 1683 474 1746 sunt,
493 1684 522 1734 et
541 1680 575 1734 de
597 1680 740 1735 bonorum
755 1680 893 1747 cessione,
919 1682 948 1734 ει
996 1674 1204 1747 Ιιιιεθριιειιιιιι;
1225 1692 1338 1731 necnon
1358 1676 1547 1747 Theophilum
1564 1675 1808 1748 magnificentissi-

134 1772 493 1840 creditorumdetentione,
501 1774 529 1828 ει
535 1772 710 1840 venditione,
723 1773 793 1828 etde
804 1773 947 1828 bonorum
958 1769 987 1841 Β
999 1784 1079 1822 ιιιιιιιι
1092 1767 1273 1839 magistrum,
1289 1774 1319 1823 et
1330 1770 1407 1840 loges
1422 1769 1483 1840 [seu
1503 1769 1582 1841 jura]
1603 1771 1635 1824 in
1658 1771 1737 1841 regia
1759 1771 1811 1824 hac

134 1865 315 1936 separatione
328 1868 357 1919 et
365 1865 521 1933 curatione,
532 1870 561 1920 et
570 1882 607 1920 ne
616 1866 686 1938 quid
695 1866 841 1938 patiantur
855 1867 946 1921 credi-
997 1862 1067 1916 urbe
1084 1861 1275 1933 laudabiliter,
1287 1866 1390 1916 etcum
1402 1863 1522 1917 summis
1534 1862 1649 1934 vigiliis,
1664 1867 1693 1917 ct
1705 1868 1737 1917 ut
1747 1879 1809 1918 ma-

132 1960 210 2013 tores
225 1957 344 2026 fraudis,
365 1963 394 2013 et
411 1959 441 2013 id
456 1959 486 2012 iu
507 1975 595 2014 unum
610 1959 745 2014 similiter
757 1960 891 2015 collatum
906 1965 947 2016 est
996 1954 1112 2025 sisteris
1125 1954 1273 2009 sedulitate
1290 1955 1409 2027 dignum
1424 1959 1477 2023 est,
1488 1956 1640 2011 docentem
1645 1973 1655 2026 ;
1678 1962 1707 2011 et
1722 1959 1810 2013 Doro-

132 2051 249 2106 librum.
267 2051 324 2108 Sed
336 2055 365 2107 ct
377 2052 593 2107 Interdictorum
607 2053 725 2108 madum
740 2070 799 2108 non
819 2053 947 2125 pluribus
996 2048 1097 2101 iheum
1108 2049 1424 2120 magnificentissimum
1435 2050 1812 2120 quaestorem,etdoctorom

134 2160 222 2214 quam
238 2143 287 2198 uni
301 2144 433 2198 dedimus
444 2144 526 2199 libro.
538 2144 607 2200 lnde
616 2152 711 2201 autem
724 2149 752 2200 et
766 2144 802 2200 ad
815 2145 946 2216 prescri-
996 2141 1026 2196 in
1036 2140 1134 2213 logum
1142 2141 1253 2196 civitate
1269 2142 1463 2212 designatum
1478 2142 1599 2197 dicimus
1607 2147 1707 2199 autem
1713 2159 1811 2198 veren-

131 2236 246 2308 ptiones
259 2235 317 2308 [seu
331 2237 520 2310 exceptiones]
535 2237 600 2291 etin
610 2237 655 2292 his
669 2238 802 2293 ordinata
815 2240 947 2311 tempora
997 2233 1064 2289 dam
1076 2235 1294 2306 etsplendidam
1302 2235 1511 2308 berytiensium
1519 2237 1716 2308 metropolim,
1724 2253 1812 2308 quem

131 2329 272 2384 venimus.
289 2331 323 2384 lit
335 2330 541 2401 obligationum
560 2331 686 2401 quidem,
701 2332 886 2388 electionum
902 2348 945 2387 se·
996 2326 1032 2381 de
1047 2327 1109 2399 ipso
1123 2328 1232 2400 optima
1247 2328 1344 2400 opinio
1363 2333 1392 2383 et
1413 2329 1513 2402 gloria,
1526 2333 1556 2384 et
1572 2330 1609 2384 ad
1623 2347 1676 2385 nos
1696 2331 1816 2386 deduxit

131 2423 280 2493 posuimus
292 2423 403 2490 modos,
418 2427 446 2477 ct
460 2424 607 2495 coegimus
617 2441 732 2479 ornnem
748 2426 822 2480 hanc
833 2427 946 2496 partem
995 2419 1100 2491 ipsum,
1108 2425 1174 2476 etut
1182 2422 1266 2493 hujus
1278 2422 1373 2493 operis
1381 2422 1550 2495 participem
1559 2422 1731 2494 laceremus,
1742 2424 1812 2479 hor·

132 2510 178 2565 cui
192 2513 318 2582 praesunt
331 2512 522 2582 possessiones
539 2515 580 2582 (ut
589 2513 696 2568 dictum
712 2514 763 2585 cst)
780 2519 842 2570 octo
857 2515 945 2569 libro·
995 2517 1054 2568 tata
1068 2518 1111 2568 cst
1121 2532 1128 2570 :
1138 2516 1187 2570 sed
1200 2519 1229 2570 et
1241 2516 1405 2571 Anatolium
1415 2516 1736 2586 magnificentissimum
1749 2533 1813 2572 ma·

131 2620 197 2658 rum
207 2620 328 2659 numero
340 2604 520 2677 descriptam,
531 2611 641 2661 sextam
651 2608 726 2662 hanc
737 2611 847 2679 partem
861 2607 946 2663 totius
996 2607 1126 2678 gistrum,
1140 2608 1190 2679 qui
1201 2613 1230 2662 ει
1241 2608 1302 2680 ipse
1319 2609 1396 2680 apud
1406 2609 1583 2681 berytienses
1595 2626 1630 2666 ea
1646 2626 1712 2681 quae
1719 2627 1762 2665 ex
1774 2611 1813 2665 la·
1848 2658 1852 2665 .

131 2697 285 2752 voluminis
297 2698 545 2771 seponentes.-§
560 2702 586 2754 8.
598 2699 692 2754 Totius
706 2703 802 2755 autem
818 2704 947 2755 extrema
996 2700 1079 2771 gibus
1093 2701 1305 2773 [profiscuntur]
1316 2702 1435 2773 pulchre
1445 2702 1536 2770 docet,
1551 2703 1595 2758 vir
1607 2719 1642 2757 ex
1652 2703 1740 2758 tertia
1753 2704 1815 2758 stir-

131 2806 207 2862 pars,
222 2807 286 2862 quae
302 2796 330 2846 et
342 2791 463 2864 septima
479 2795 522 2846 est
539 2792 626 2848 totius
649 2794 830 2862 tractationis,
852 2811 898 2848 sex
916 2793 947 2848 li·
995 2808 1031 2863 pe
1052 2793 1191 2849 laudabili
1208 2795 1281 2865 juris
1303 2796 1380 2866 apud
1397 2795 1543 2851 Phoenices
1556 2795 1751 2869 interpretum
1763 2796 1813 2850 de-

131 2881 250 2938 brorum
261 2900 383 2939 numero
398 2885 575 2941 demandata
587 2891 639 2954 est,
649 2887 789 2958 incipiens
799 2886 946 2958 quideme
996 2885 1148 2954 scandens3
1163 2887 1251 2942 refert
1261 2886 1341 2942 enim
1350 2903 1442 2959 genus
1451 2887 1488 2942 ad
1503 2888 1666 2956 Leontium,
1682 2893 1713 2943 et
1723 2888 1815 2943 Eudo·

132 2976 372 3047 stipulationibus,
394 2978 554 3047 procedens
573 2996 639 3034 vero
662 2980 699 3035 ad
713 2996 748 3034 ea
764 2996 826 3052 quae
841 2980 946 3052 scripta
995 2979 1081 3047 rium,
1103 2979 1237 3035 homines
1254 2980 1284 3035 in
1308 2981 1420 3053 legibus
1441 2981 1557 3052 optimae
1570 2983 1732 3049 memoriae,
1751 2985 1815 3054 post

131 3072 198 3122 sunt
211 3068 246 3122 de
256 3069 448 3138 fidejussione,
463 3074 491 3125 ει
503 3070 668 3127 debitorum
684 3073 893 3140 numeratione,
903 3090 946 3128 so·
995 3071 1149 3127 Patricium
1159 3073 1273 3144 inclytae
1284 3074 1501 3142 recordationis,
1513 3074 1701 3146 questorium
1717 3078 1747 3129 et
1761 3091 1812 3129 an-

130 3160 240 3216 lutione
257 3165 286 3215 et
299 3161 468 3217 liberatione
480 3163 619 3234 ipsorum,
635 3169 663 3218 et
676 3165 712 3219 dc
725 3165 895 3221 introductis
910 3182 945 3221 ex
955 3132 983 3207 C
995 3165 1176 3234 ticensorem,
1197 3171 1225 3222 et
1237 3167 1386 3222 Leontium
1403 3167 1653 3239 gloriosissimum,
1666 3169 1808 3239 expraefe-

130 3257 285 3325 proetorum
300 3253 485 3326 juridictione
509 3257 746 3328 stipulationibus,
764 3275 828 3330 quae
849 3260 945 3314 omnia
994 3262 1072 3314 ctum
1085 3262 1114 3314 ει
1126 3261 1306 3315 exconsulem
1314 3261 1401 3335 atquo
1411 3261 1565 3316 Patricium
1574 3262 1720 3333 ejustilios
1730 3264 1812 3332 (snm-

131 3348 241 3402 duobus
252 3348 360 3403 anobis
372 3351 518 3404 contracta
528 3356 593 3405 sunt
606 3351 695 3419 libris,
705 3369 770 3407 cum
781 3352 858 3424 apud
871 3357 946 3408 vete·
994 3369 1048 3408 mae
1062 3353 1261 3409 admirationis
1274 3353 1370 3425 viros),
1384 3358 1412 3409 et
1421 3354 1568 3410 Gratiam
1582 3355 1809 3427 magnificentis-

131 3457 177 3496 res
190 3458 243 3496 nec
256 3442 311 3496 dici
327 3446 423 3513 posset
435 3448 504 3514 quot
515 3448 608 3499 essent
623 3445 687 3500 libri
701 3447 745 3517 [ea
759 3446 794 3501 de
809 3448 861 3517 re].
876 3448 943 3502 Pro·
994 3446 1099 3501 simum
1125 3449 1209 3519 atque
1233 3447 1488 3519 prudentissimum
1502 3448 1640 3503 comitem
1663 3464 1809 3504 sacrarum

130 3534 207 3590 cedit
216 3539 245 3590 et
255 3534 390 3607 deinceps
401 3537 437 3592 ad
446 3537 616 3592 delictorum
628 3539 832 3607 narrationem,
848 3543 876 3595 et
886 3555 944 3595 om·
993 3540 1179 3611 largitionum
1189 3541 1230 3612 [et
1241 3541 1367 3612 optimus
1378 3558 1493 3613 qnoque
1504 3542 1576 3597 estis
1586 3542 1687 3614 legum
1697 3558 1809 3598 enarra·

130 3628 180 3683 nie
193 3633 323 3684 recenset
340 3646 404 3701 quae
418 3630 455 3684 ad
469 3631 580 3701 majora
593 3630 697 3687 delicta
710 3632 864 3703 pertinent,
879 3648 944 3704 quae
993 3636 1040 3687 tor
1049 3632 1078 3687 in
1094 3634 1174 3705 regia
1187 3635 1240 3689 hae
1252 3634 1346 3704 urbel,
1362 3641 1391 3690 et
1405 3638 1510 3707 praeter
1523 3634 1575 3690 hos
1589 3635 1681 3691 etiam
1693 3635 1808 3707 Stepha-

129 3726 233 3777 rocant
244 3722 369 3794 privata;
385 3723 496 3778 etitem
508 3740 572 3796 quae
587 3724 622 3779 ad
636 3742 670 3781 ea
684 3742 748 3797 quae
763 3726 887 3781 necdum
900 3743 944 3782 on
993 3727 1200 3797 num,blenam,
1210 3728 1408 3797 Prosdocium,
1417 3729 1605 3796 Eutolmium,
1614 3730 1805 3797 Timotheum,

131 3813 399 3886 dinariaappellaut,
409 3816 536 3889 sadipsis
546 3818 836 3875 extraordinariorum
845 3820 942 3892 appel·
993 3820 1655 3892 Leonidam,Leontium,Platonem,lacobum,
1670 3825 1804 3878 Constan-

129 3905 266 3961 lationem
285 3906 455 3979 imponunt:
473 3909 619 3966 descendit
634 3913 721 3967 etiam
736 3917 764 3968 ct
778 3914 815 3968 ed
830 3914 943 3986 pubhca
992 3914 1096 3984 tinum,
1108 3917 1259 3984 loannem,
1271 3916 1345 3971 viras
1357 3915 1610 3988 prudentissimos,
1626 3917 1675 3988 qui
1685 3915 1805 3972 universi

130 3997 259 4069 crimina,
272 4015 336 4071 quae
346 4001 524 4056 atrocissima
532 4009 599 4059 sunt
610 4008 639 4057 et
645 4020 783 4075 magnam
798 4006 943 4062 sibiadro-
992 4009 1121 4064 rhetores
1129 4009 1321 4082 quidemsunt
1330 4009 1804 4082 gloriosissimorumpraefectorum

129 4096 197 4148 cant
212 4109 336 4164 poenam.
363 4095 424 4149 Duo
445 4100 540 4150 eutem
556 4100 585 4150 et
602 4097 648 4151 hia
663 4102 729 4153 sunt
742 4098 817 4167 libri,
831 4099 881 4171 qui
894 4099 942 4155 illa
992 4117 1136 4157 sacrorum
1157 4105 1321 4158 nostrorum
1337 4103 1555 4175 praetoriorum3
1570 4104 1699 4174 gloriam
1713 4108 1805 4159 autem

129 4186 245 4257 quidem
261 4204 323 4258 quae
338 4188 374 4242 ad
389 4187 493 4243 delicta
502 4189 808 4262 eteriminapertiuent
818 4193 942 4265 comple·
991 4210 1041 4248 seu
1053 4196 1169 4250 laudem
1184 4198 1260 4267 apud
1273 4212 1374 4251 omnes
1384 4196 1544 4268 prudentiae
1553 4197 1632 4267 juste
1649 4198 1764 4264 habent,
1776 4199 1804 4250 et

128 4282 264 4335 ctuntur:
281 4280 383 4352 quibus
397 4281 537 4353 permixta
557 4286 624 4338 sunt
642 4287 671 4339 et
688 4301 723 4340 ea
744 4302 808 4357 quae
831 4286 866 4341 do
884 4287 941 4341 reis
991 4304 1008 4342 a
1028 4288 1111 4343 nobis
1131 4289 1234 4344 merito
1250 4289 1371 4360 judicati
1392 4293 1457 4344 sunt
1477 4289 1558 4361 digni
1575 4294 1609 4345 ut
1631 4291 1803 4363 eligerentur

128 4372 281 4428 criminum
291 4375 340 4445 qui
350 4375 735 4433 secelaretanlenconantur
748 4379 852 4451 scripta
863 4383 939 4448 sunt,
990 4380 1061 4435 tanti
1074 4383 1241 4437 certaminis
1255 4383 1417 4455 participes.
1437 4384 1501 4437 ltere
1521 4382 1612 4454 igitur
1628 4384 1713 4438 nobis
1733 4383 1804 4437 circa

129 4470 158 4521 et
166 4465 201 4520 dc
212 4466 412 4538 eorumbonis,
420 4468 489 4523 etde
501 4469 750 4542 eaqureinfligitur
761 4472 938 4528 condemna·
948 4502 979 4574 D
989 4473 1762 4548 Digestorumelaboramsuntconscriptionemperjam
1768 4475 1805 4529 di·

127 4556 163 4613 tis
175 4575 259 4630 poena
273 4561 318 4615 νει
332 4560 519 4632 indulgentia
535 4563 651 4618 lnitium
666 4569 762 4620 autern
775 4566 856 4620 nobis
867 4568 938 4621 alte·
990 4569 1275 4639 ctosgloriosissimos
1290 4570 1410 4625 viros-
1423 4569 1438 4642 §
1452 4572 1495 4625 lo.
1511 4570 1711 4625 Tantaautcm
1724 4569 1805 4625 nobis

126 4651 187 4707 rius
198 4669 313 4709 rursum
323 4653 387 4709 libri
397 4655 429 4710 lit
435 4655 561 4711 narratio
572 4656 607 4711 de
617 4657 863 4728 appellationibus,
876 4676 939 4730 quae
989 4663 1151 4717 reverentia
1162 4662 1341 4735 antiquitatis
1352 4664 1416 4734 luit,
1428 4667 1459 4717 ut
1471 4679 1565 4734 neque
1573 4664 1681 4719 mutari
1689 4664 1805 4719 nomina

126 4746 287 4802 communis
296 4748 338 4802 est
346 4747 472 4819 profecto
481 4748 517 4803 ad
527 4749 799 4806 rescindendastam
806 4752 940 4824 pecunia·
989 4756 1400 4826 veterumjurisconsultorum
1410 4757 1642 4825 sustinuerimus,
1653 4757 1703 4812 sed
1712 4758 1806 4812 unius-

125 4839 183 4894 rias
198 4841 259 4912 [seu
275 4839 377 4913 civiles]
391 4841 555 4908 sententias,
571 4858 657 4914 quam
671 4843 843 4901 criminales.
854 4847 938 4911 Quae-
989 4848 1126 4920 cujusque
1135 4849 1249 4906 illorum
1258 4851 1479 4923 appellationem
1487 4850 1804 4923 legibusinscripsimus

127 4949 239 5004 cunque
250 4937 347 4989 autem
356 4933 391 4989 de
402 4935 509 4996 civibus
519 4936 580 5007 [seu
591 4936 805 5010 municipibusl,
817 4941 846 4994 et
856 4939 941 4994 decu·
988 4946 1132 4998 mutantes
1142 4943 1270 5015 quidem,
1282 4944 1383 5018 siquid
1394 4944 1457 5016 jam
1467 4944 1675 5001 habererisum
1690 4949 1735 4999 est
1747 4962 1805 5000 non

126 5025 263 5094 rionibus,
275 5030 304 5081 et
313 5028 489 5097 muneribus,
505 5031 533 5084 et
543 5028 662 5101 publicis
677 5030 819 5102 operibus,
830 5035 940 5087 etnnn-
988 5039 1076 5104 recte,
1091 5039 1188 5108 partes
1198 5053 1263 5093 vero
1279 5037 1340 5094 illas
1353 5055 1431 5094 nuuc
1443 5038 1583 5106 tollentes,
1599 5038 1654 5093 has
1666 5056 1745 5094 nunc
1759 5039 1805 5094 ad·

128 5116 211 5183 diuis,
221 5119 937 5197 etredituumpollicitationibus,etvariiscognitio·
989 5128 1099 5197 dentes,
1113 5146 1147 5184 ex
1157 5131 1256 5187 multis
1266 5131 1391 5204 denique
1407 5132 1547 5205 optimum
1563 5132 1715 5203 eligentes,
1726 5136 1756 5188 ει
1769 5149 1802 5187 u·

126 5207 210 5264 nibus
218 5209 604 5286 [seuinterrogationibustet
611 5216 725 5288 publica
736 5215 937 5291 descriptione,
988 5238 1056 5277 nam
1076 5221 1171 5296 [atque
1188 5225 1299 5298 parem]
1320 5226 1452 5281 omnibus
1471 5225 1635 5297 praebentes
1653 5227 1803 5300 potestatis

125 5300 269 5358 veteribus
285 5303 401 5359 inventa
417 5313 492 5376 sunt,
509 5314 536 5365 cl
547 5323 723 5383 quacunque
737 5310 772 5367 de
785 5312 938 5369 verborum
987 5315 1044 5369 vim
1059 5317 1119 5387 [seu
1134 5317 1242 5389 robur],
1261 5319 1301 5373 ita
1319 5324 1350 5375 ut
1367 5319 1505 5391 quidquid
1517 5321 1656 5395 scriptum
1671 5327 1714 5379 est
1727 5325 1758 5379 in
1770 5339 1802 5379 eo

125 5401 235 5453 exstant
244 5395 495 5469 significationem
505 5402 539 5457 de
550 5400 594 5458 his
604 5419 668 5476 quar
679 5422 731 5477 pro
742 5406 849 5478 regulis
861 5406 937 5477 apud
987 5408 1073 5477 llbro,
1090 5409 1119 5464 id
1133 5413 1230 5466 nostra
1241 5412 1443 5469 sitsententia:
1459 5415 1578 5471 nemine
1590 5418 1719 5474 audente
1729 5435 1802 5474 eom·

124 5496 235 5548 veteres
245 5491 319 5547 dicta
329 5494 404 5560 sunt,
418 5491 479 5547 haec
491 5494 624 5552 omnialn
633 5514 694 5554 sese
704 5499 806 5573 recipit
821 5500 937 5557 ultimus
986 5517 1088 5575 parare
1100 5521 1135 5560 ea
1147 5521 1211 5577 quas
1223 5523 1299 5562 nunc
1310 5507 1385 5564 lacta
1398 5510 1464 5564 sunt
1474 5509 1518 5564 his
1532 5526 1597 5582 que
1611 5511 1692 5584 prim
1707 5517 1798 5580 erant,

124 5584 205 5642 liber.
217 5585 401 5658 Hujusigitur
411 5588 635 5660 compositionis,
650 5593 853 5664 cujusinitium
863 5598 938 5650 esta
988 5597 1055 5668 qula
1073 5598 1164 5653 multa
1177 5601 1206 5654 et
1217 5604 1369 5657 numeratu
1385 5618 1444 5658 non
1456 5602 1549 5660 facilia
1568 5606 1800 5679 transposuimus

125 5677 366 5749 stipulationibus,
376 5680 423 5736 hic
434 5679 655 5739 liberestsextus
665 5685 814 5756 qiddemsi
822 5687 859 5743 ad
868 5704 935 5760 pro·
986 5688 1017 5744 in
1032 5691 1144 5765 melius,
1171 5693 1284 5751 etiamsi
1297 5695 1365 5770 quid
1387 5696 1529 5770 imperiali
1554 5698 1654 5773 aliqua
1670 5702 1801 5776 antiquo·

124 5769 607 5853 priumpriucipiumcomparetun
621 5777 724 5835 sedeat
734 5780 937 5855 quinquagesi-
986 5799 1050 5842 rum
1071 5784 1277 5859 imperatarum
1297 5791 1498 5850 consututioae
1525 5793 1557 5850 in
1578 5793 1668 5853 ubam
1691 5794 1800 5853 (liobam
