3878 6150
128 246 179 302 rra
796 243 1083 304 remanseran
1299 197 1302 205 ¹
1758 243 1807 298 su

120 348 234 424 paoea],
248 353 313 424 quio
320 353 457 425 permittis
472 352 609 407 maliacus
621 353 743 415 lezabel,
760 370 857 424 quase
871 353 1120 441 dicttAfratribus
1148 352 1328 422 insidiantur,
1356 351 1444 408 libere
1467 349 1546 424 loqui
1565 348 1741 419 conceditur,
1760 356 1808 404 aut

121 448 280 519 propheten,
295 448 395 510 docere,
413 452 438 501 et
457 446 579 501 seducere
597 462 684 502 servos
702 463 782 512 moos,
804 450 936 514 fornicari
985 448 1199 520 provoluntate
1219 462 1312 502 sermo
1338 446 1459 517 proferri
1486 446 1681 518 permittatur.
1709 444 1795 515 Lique

125 547 150 597 et
164 542 327 596 manducare
351 542 384 594 dc
402 540 569 609 idolothytis.
589 544 624 596 Et
636 541 701 596 dedi
720 542 765 595 illi
783 547 894 612 tempos,
906 547 937 596 ot
987 542 1104 596 omnino
1124 541 1199 612 quod
1218 540 1385 595 conniveant
1412 540 1539 611 illisqui
1563 539 1630 594 talia
1656 554 1704 593 eos
1730 536 1809 609 loqui

122 620 309 706 peonitentiam
321 635 938 705 operat,ctaoucaltpoeaitereosoraicatione
986 635 1172 707 permittunt3
1194 635 1329 706 quoniam
1348 646 1508 689 occurreret
1520 631 1632 702 veritas,
1653 631 1677 686 si
1700 630 1807 685 falsitas

124 744 184 784 sao.
199 731 263 784 Ecce
274 742 320 796 eqo
339 713 487 782 mitterem
502 730 531 782 io
552 729 657 798 lectum,
672 733 698 783 et
715 731 763 799 qai
774 730 939 784 mactantur
989 733 1017 784 et
1035 728 1176 783 calumnia
1207 727 1366 800 displiceret
1383 726 1427 782 vel
1452 710 1559 782 odium.
1586 725 1703 783 Desinat
1722 724 1809 796 igitur

125 837 183 876 cum
195 836 241 883 ea,
255 823 284 874 io
303 820 503 876 tribulationem
517 824 676 885 maximam,
688 825 744 877 nisi
753 825 940 894 penitentiam
988 821 1096 877 falsitas
1115 822 1251 877 incessere
1269 821 1433 891 veritatem3
1460 820 1569 875 desinat
1587 818 1727 892 suspicio,
1747 834 1808 889 quae

125 917 226 984 egerint
241 913 275 967 ab
294 915 416 984 operibus
435 918 507 978 sais,
528 919 553 970 et
571 916 642 984 filios
660 917 716 985 epos
734 919 893 986 interficiam
911 920 941 971 in
986 916 1063 987 juste
1083 914 1239 986 repellitur,
1259 914 1386 970 insidiari
1396 932 1404 984 3
1425 914 1536 969 desinat
1554 913 1657 985 0diufl-
1674 916 1705 967 et
1718 911 1810 966 inimi-

124 1012 218 1064 marte.
231 1010 268 1062 Et
286 1000 468 1064 scient'bmncs
487 1007 627 1076 Ecclesia,
641 1013 707 1079 quio
720 1027 766 1081 eqo
784 1026 843 1066 sum
865 1026 940 1065 scru-
991 1009 1055 1065 citia
1076 1008 1208 1081 persequi
1228 1011 1322 1079 patres
1337 1008 1380 1063 vel
1403 1007 1520 1076 fratres3
1541 1007 1651 1062 desinat
1668 1006 1810 1078 conspira-

125 1105 186 1155 taas
198 1101 281 1155 cordo
300 1106 325 1155 et
339 1117 423 1165 renes,
439 1107 464 1157 ct
476 1102 545 1157 dabo
558 1105 702 1174 unicuiqae
716 1109 833 1159 oestrum
847 1120 941 1159 secan-
990 1101 1041 1171 tio,
1055 1100 1165 1174 qumab
1176 1101 1306 1156 omnibus
1321 1104 1363 1156 est
1374 1100 1558 1171 repudianda,
1574 1099 1710 1154 infestare
1724 1099 1811 1170 magi-

123 1193 188 1250 aaa
206 1208 287 1264 opera
299 1199 388 1249 uestra
410 1195 501 1266 (ripas.
519 1198 558 1265 n).
574 1197 648 1265 llaec,
663 1197 781 1266 tratres,
797 1197 879 1251 valde
898 1214 942 1251 ca·
992 1201 1073 1251 stros.
1085 1197 1193 1251 Horum
1203 1195 1291 1266 igitur
1302 1194 1438 1250 vitiorum
1448 1197 1578 1248 auctores
1587 1193 1808 1264 relpatratores,

125 1283 217 1338 venda
229 1291 305 1354 sunt,
321 1264 502 1357 etpraecupta
515 1286 639 1355 Domini,
656 1293 740 1360 atque
755 1293 859 1343 sanctae
870 1288 943 1343 sedis
992 1307 1050 1345 non
1072 1293 1139 1344 sunt
1157 1289 1187 1344 in
1201 1289 1376 1344 accusatione
1391 1287 1559 1360 pontificum
1577 1286 1746 1358 recipiendi,
1763 1287 1811 1342 sed

126 1378 304 1449 apostoliam,
331 1395 395 1450 quae
415 1378 473 1434 vico
494 1381 607 1435 Domini
630 1381 780 1463 Salyatoris
805 1381 943 1453 legatione
992 1384 1105 1456 penitus
1118 1382 1288 1454 repellendi:
1300 1381 1434 1454 quoniam
1441 1381 1545 1452 jubent
1554 1381 1688 1436 canonica
1700 1381 1813 1435 decreta

126 1471 266 1542 iungitur,
281 1470 941 1546 monitafideliteramplectendaetperagenda.
992 1479 1119 1546 Petrum,
1140 1481 1171 1531 ut
1192 1476 1331 1531 accusatio
1354 1475 1400 1530 vel
1429 1474 1623 1529 testimonium
1639 1490 1742 1530 eorum
1764 1473 1813 1545 qui

126 1566 166 1619 De
181 1570 292 1632 caetero,
306 1565 417 1636 tratres,
438 1583 523 1638 super
541 1568 693 1639 provinciae
711 1584 792 1622 causa
807 1568 883 1622 aride
904 1584 945 1622 se·
994 1571 1058 1625 odio
1076 1570 1216 1642 quoslibet
1234 1571 1432 1640 insequuntur,
1447 1567 1490 1623 vel
1509 1568 1559 1640 qui
1576 1567 1687 1625 inimici
1700 1574 1752 1622 aut
1764 1584 1812 1622 su-

128 1659 192 1713 dem
210 1660 390 1730 apostolicam
406 1661 514 1715 dudum
528 1661 673 1717 consulere
688 1662 814 1718 voluistis
827 1661 942 1731 [lltocm.
994 1665 1083 1736 specti
1101 1664 1251 1732 habentur,
1271 1662 1350 1717 nullo
1378 1662 1463 1716 modo
1481 1661 1666 1733 recipiantur.
1687 1661 1813 1726 Duorum

128 1769 171 1822 rr,
195 1770 219 1807 c.
246 1754 300 1823 13],
326 1753 438 1808 videtur
458 1755 539 1810 nobis
558 1755 730 1810 sufficienter
749 1758 901 1811 tractatum
928 1737 982 1809 aD
994 1762 1097 1813 statuta
1114 1760 1143 1812 et
1163 1773 1215 1813 nos
1228 1758 1382 1823 fumantes,
1398 1755 1496 1810 eadem
1508 1756 1643 1810 omnibus
1663 1755 1813 1811 inviolabi-

128 1846 231 1900 sanctis
245 1846 499 1917 predecessoribus
515 1850 627 1904 nostris.
644 1850 697 1905 Sed
711 1849 777 1921 quia
792 1850 885 1904 denuo
897 1865 945 1903 nc
994 1852 1059 1907 liter
1076 1850 1180 1906 futuris
1198 1851 1372 1923 temporibus
1386 1853 1481 1907 tenere
1497 1866 1655 1906 censemus.
1670 1850 1813 1922 Qudquid

129 1940 945 2015 strammediocritatemdecademreinterrogarcdignnm
994 1950 1090 1999 autem
1115 1962 1167 2016 per
1189 1945 1241 1999 hac
1259 1961 1344 2001 cause
1371 1949 1464 2017 patres
1485 1943 1576 1999 nostri
1601 1934 1812 2001 decernendum

129 2033 257 2103 duxistis,
272 2033 368 2088 scitote
381 2040 487 2089 certam
504 2037 679 2108 prouinciam
694 2054 770 2106 esse,
785 2053 848 2108 quae
861 2035 946 2091 habet
995 2038 1101 2093 duxere
1114 2038 1242 2110 dignum,
1257 2045 1290 2094 ut
1302 2039 1445 2109 condecet,
1462 2050 1577 2111 necem
1586 2042 1639 2108 est,
1654 2054 1722 2092 curn
1736 2038 1810 2094 labe-

130 2127 227 2182 decem
241 2126 284 2182 vel
297 2128 432 2183 undecim
441 2128 575 2201 civitates,
590 2136 619 2186 et
636 2147 728 2185 unum
741 2146 850 2202 regem,
865 2134 893 2184 et
905 2133 946 2184 to·
995 2133 1092 2211 lactari
1101 2133 1145 2187 vel
1154 2132 1292 2188 infirmari
1301 2134 1426 2205 coeperit,
1438 2130 1590 2206 apostolica
1606 2132 1702 2187 denuo
1715 2135 1810 2187 aucto-

129 2221 218 2275 tidem
230 2221 353 2276 minores
363 2226 516 2294 potestates
526 2223 577 2278 sub
586 2239 626 2293 se,
637 2228 664 2278 et
674 2224 945 2294 unumepiscopum,
995 2226 1078 2282 ritate
1100 2227 1208 2281 firmari
1233 2244 1265 2282 ac
1286 2227 1425 2300 renovari,
1442 2225 1634 2298 fratribusque
1651 2225 1725 2281 dari.
1747 2227 1811 2282 Data

130 2314 255 2385 aliosque
268 2315 466 2387 suffragatores
476 2317 586 2384 decem,
597 2317 640 2372 vel
656 2318 788 2372 undecim
802 2316 947 2389 episcopos
996 2320 1127 2375 Kalendis
1139 2319 1229 2375 Martii
1242 2336 1316 2374 anuo
1331 2321 1365 2391 (d)
1383 2319 1493 2374 Domini
1507 2319 1742 2390 beatudinibus
1756 2324 1781 2375 5.

127 2405 247 2479 judices,
261 2408 785 2481 adquorumjudiciumomnescausae
800 2410 946 2482 episcopo·
1117 2446 1311 2503 OBSERvm
1331 2432 1462 2494 ,mmm
1484 2450 1593 2507 mm,
1618 2450 1646 2494 s.
1670 2451 1695 2495 J.

131 2517 207 2570 ΗΠΒ,
219 2507 247 2556 et
259 2502 436 2573 seliqutlfflm
444 2505 630 2575 Μθθῖᾱθῑῦῧὶι
650 2522 682 2559 ‘1⁰
696 2505 841 2559 &litatum
855 2519 947 2558 ⁰³⁰³ae
1027 2529 1130 2578 Tomol
1151 2504 1318 2579 startosheim
1334 2541 1409 2578 norm
1430 2542 1490 2578 mss.
1505 2529 1633 2578 librorum
1650 2530 1810 2581 exhibuimus

132 2596 301 2665 referantur,
320 2602 351 2653 ut
372 2597 406 2651 ab
429 2597 473 2651 his
493 2598 624 2653 omnihus
642 2598 719 2669 juste
739 2614 860 2652 consona
881 2613 948 2652 voce
996 2591 1810 2655 nunquamantebacpublicatamepiscoporumnntisstodaren-

132 2686 331 2745 discernantur
362 2691 416 2745 nisi
438 2692 474 2746 ad
494 2693 630 2763 majorem
650 2692 848 2755 auctorita*
863 2690 948 2746 fuerit
997 2653 1206 2727 siurnhistoriam
1218 2655 1292 2726 cujus
1306 2669 1363 2715 cup.
1378 2657 1407 2702 ts
1417 2653 1472 2742 brec
1483 2654 1516 2703 de
1528 2655 1653 2716 tanesia,
1666 2656 1720 2704 sive
1730 2659 1809 2743 duna·

91 2765 94 2768 ⁴
333 2733 340 2760 r
824 2764 827 2771 ,
998 2716 1087 2775 charra
1098 2716 1227 2765 trahentur
1239 2720 1406 2766 rntcrcoelcra
1417 2752 1422 2763 .
1435 2732 1449 2761 a
1461 2716 1568 2765 Exstant
1578 2730 1684 2780 quoque
1700 2720 1809 2779 epistole

132 2783 167 2838 ab
177 2784 221 2838 his
232 2785 280 2856 qui
287 2784 433 2856 judicandi
440 2791 506 2840 sunt
514 2787 695 2857 appellatum.
710 2787 788 2842 Unde
798 2800 855 2841 non
865 2801 946 2857 opor·
997 2778 1174 2851 Pelagiiptltffl
1184 2778 1215 2826 ⁰1¹
1225 2778 1344 2826 ⁰⁰¹¹¹d²¹1¹
1353 2778 1527 2827 btssissssiffluffl
1535 2778 1809 2851 t>⁰⁰¹i1i⁰tfflsfl¹¹⁸fflm

997 2855 1075 2890 unam
1088 2854 1168 2889 nimia
1180 2845 1307 2889 vetustate
1324 2839 1448 2889 fuscatam
1464 2840 1496 2889 ub
1511 2841 1669 2890 authenticis
1688 2843 1808 2893 librorum

133 2882 174 2933 tei
185 2884 217 2933 ut
228 2879 408 2950 dessl'adssfflfs
422 2880 466 2934 vel
481 2880 672 2935 deh⁰¹¹⁰ret¹¹r
686 2895 864 2951 unamque
879 2896 946 2950 Pl‘0'
997 2917 1160 2966 nequaquam
1177 2903 1288 2966 pleniter
1306 2902 1441 2951 extrahere
1463 2903 1596 2952 voluimus
1617 2904 1685 2965 (haec
1701 2904 1808 2954 tartarei

133 2972 222 3026 vincia
249 2972 298 3026 sed
319 2989 335 3026 a
356 2973 393 3027 ud
409 2974 508 3028 semeti
531 2974 706 3028 samhabeat
726 2973 829 3027 'udices
856 2989 946 3027 sacer·
998 2980 1074 3029 ‘tunm
1097 2979 1175 3028 sulib
1191 2964 1551 3028 ed⁵<³i¹1³¹¹³⁰sdi¹1³‘lutriam
1567 2965 1654 3030 [Sap.
1672 2967 1808 3033 0⁰²·705ib

226 3013 233 3039 ’
337 2990 354 3043 p
512 2991 529 3044 p
720 2991 731 3044 J
833 3015 840 3040 '
998 3029 1104 3077 aiteram
1116 3041 1179 3076 vero
1192 3028 1251 3076 lruic
1266 3026 1339 3089 operi
1352 3026 1641 3141 inscrendqaendiguum
1656 3028 1782 3078 duximus.

1539 3103 1553 3138 a
1566 3091 1685 3140 instituta
1694 3093 1805 3141 circam

998 3154 1124 3216 gatiunes,
1138 3152 1248 3208 litanias,
1259 3151 1410 3214 vigiliasque
1424 3152 1519 3201 deinde
1530 3153 1643 3214 recitat;
1659 3160 1714 3202 tum
1731 3153 1761 3202 de
1774 3168 1807 3226 sp·

134 3063 231 3133 dotes,
246 3070 274 3120 et
295 3065 440 3138 episcopos
460 3066 585 3138 singulos
602 3066 823 3137 videlicetjuxta
836 3066 948 3121 ordines
958 3113 986 3187 C
1030 3090 1105 3139 plu„
1117 3090 1149 3139 ,b
1160 3090 1253 3139 ,odem
1270 3088 1474 3138 q„na,10fflncq

135 3175 210 3214 suos'
228 3161 261 3214 Et
277 3176 439 3231 qumunque
454 3176 567 3214 causam
585 3160 724 3229 habuerlt’
740 3177 826 3214 asum
842 3160 947 3231 ³⁰de
998 3216 1078 3273 nodo,
1090 3228 1167 3277 quarn
1180 3213 1404 3277 posteointegram
1415 3214 1660 3277 repraesentabimus
1670 3215 1727 3265 haec
1739 3217 1782 3265 sub
1793 3216 1806 3265 i·

133 3253 338 3323 busindioems
350 3253 395 3326 istis
405 3260 500 3309 elnon
512 3254 547 3307 ab
559 3253 667 3323 fllifflssr
676 3253 704 3308 id
716 3258 768 3323 ests
777 3271 793 3307 a
802 3253 949 3325 suaejuffls
999 3277 1034 3327 cit
1048 3292 1055 3326 :
1075 3275 1189 3340 Denique
1200 3277 1369 3347 congregavit
1382 3277 1557 3326 uenerabilem
1568 3279 1701 3341 synodum
1713 3278 1739 3327 in
1752 3293 1768 3327 u
1795 3291 1805 3326 s

131 3346 274 3418 judicibus
285 3347 447 3418 pponinciae,
463 3353 491 3402 gt
505 3364 562 3402 11011
574 3346 609 3401 gh
621 3347 754 3416 extemis,
769 3347 823 3401 nisi
840 3346 950 3417 (ntJ'am
999 3339 1227 3397 Autissiodorensi,
1245 3338 1290 3389 ubi
1304 3339 1592 3411 plurlmttpel'lt'ttcidns
1615 3340 1649 3390 de
1666 3343 1803 3412 sabulenpb·

134 3441 315 3514 praelibatum
325 3441 376 3514 est)
387 3458 403 3496 a
413 3441 545 3513 judicatis
558 3441 644 3496 irrerit
652 3442 835 3514 appellatum.
847 3441 875 3497 Si
885 3457 950 3496 vero
999 3402 1442 3529 ῗῗ1ἑξὲῗῑιυῇἓᾞὲῃῐὲῗξῇξῗξξῖῗω
1456 3415 1565 3466 quaequ⁰
1577 3405 1604 3452 et
1616 3403 1694 3454 ’ΜΘ
1709 3405 1777 3454 uum
1786 3416 1805 3454 ¹¹¹

135 3535 165 3590 in
179 3535 306 3607 qualibet
319 3536 462 3608 provincia
476 3541 544 3592 ortae
557 3535 664 3592 fuerint
678 3536 893 3607 quaestiones,et
905 3535 949 3591 in·

135 3635 179 3685 ter
200 3629 288 3701 ipsius
314 3630 466 3701 provinciae
486 3631 630 3703 episcopos
656 3630 815 3703 discrepare
836 3629 951 3702 coeperit
1287 3604 1448 3663 Eplsmffl
1468 3605 1523 3663 Vll·

136 3724 218 3790 ratio,
242 3728 327 3794 atque
346 3720 423 3778 inter
443 3724 517 3795 ipsos
533 3725 699 3780 dissidentes
712 3740 771 3778 non
792 3723 949 3794 conveniat,
1001 3731 1141 3771 EXEHPLAR
1165 3729 1331 3770 nrrreuenuu
1355 3731 1461 3771 remen
1485 3730 1559 3771 PAPAE
1583 3730 1665 3773 URBIS
1684 3733 1763 3776 uota
1778 3732 1804 3775 to

137 3819 172 3873 ad
188 3818 326 3888 majorem
340 3822 408 3871 tunc
420 3817 516 3872 sedem
529 3818 698 3874 reserantur.
716 3811 788 3872 Etsi
803 3818 857 3873 iliae
870 3817 951 3872 facile
1101 3802 1244 3843 *UNfflffl
1262 3801 1531 3843 ffl¹⁸⁵¹⁰⁰⁰¹³ffi⁸ffl
1550 3802 1719 3846 ⁸¹³¹sc⁰⁹⁰¹·

137 3916 165 3967 et
173 3911 250 3982 juste
263 3926 320 3964 non
338 3909 546 3981 discernuntur,
565 3911 614 3966 ubi
629 3911 716 3966 fuerit
728 3912 851 3983 syriodus
870 3928 953 3983 regu·
1036 3911 1220 3967 Dilectissimo
1233 3912 1313 3967 tratri
1325 3913 1449 3967 dunario
1462 3912 1601 3984 Pelagius.

137 4003 234 4059 lariter
249 4007 429 4074 congregata,
446 4003 579 4067 canonice
593 4009 620 4059 et
628 4005 704 4076 juste
714 4004 888 4075 judicentur.
900 4005 952 4059 lda—
1035 4007 1177 4070 Quantum
1197 4007 1253 4061 Dco
1276 4006 1394 4079 placitos
1420 4006 1493 4061 sedis
1519 4007 1681 4078 apostolice
1705 4023 1807 4064 venera·

133 4100 211 4171 J'ores
230 4114 295 4152 vero
313 4103 341 4152 et
360 4096 486 4152 difficiles
509 4098 679 4169 questiones
701 4099 800 4169 [Ianos.
816 4097 897 4169 epist.
912 4099 950 4169 tl,
1001 4098 1078 4155 tione
1092 4116 1140 4155 vos
1153 4100 1285 4170 redditis,
1300 4104 1379 4155 tanto
1398 4099 1601 4156 commodatior
1614 4101 1667 4169 illi,
1686 4102 1807 4174 eujusse

138 4191 180 4266 (ut
196 4197 290 4247 sancta
310 4192 431 4263 synodus
444 4192 558 4261 statuit,
573 4197 601 4247 et
612 4192 694 4247 beata
704 4191 879 4249 consuetudo
897 4191 953 4246 eni·
1002 4193 1051 4248 des
1060 4199 1111 4260 cst,
1121 4193 1154 4249 iit
1165 4200 1265 4250 vestras
1278 4193 1381 4249 fiducia
1394 4193 1553 4263 charitatis3
1568 4209 1623 4250 nec
1637 4195 1722 4252 aliter
1734 4210 1806 4251 unam

138 4288 187 4360 git)
201 4287 237 4341 ad
251 4286 346 4341 sedem
361 4286 542 4357 apostolicam
554 4301 666 4358 semper
678 4286 845 4341 referantur.
862 4289 951 4343 Caete-
1002 4287 1150 4359 solamque
1161 4287 1211 4343 Dei
1227 4288 1395 4343 confitemur
1407 4286 1578 4358 Ecclesiam,
1599 4289 1656 4344 nisi
1674 4306 1771 4346 omnes
1780 4287 1807 4343 sd

137 4398 201 4436 rum
214 4386 375 4436 sanctorum
395 4381 509 4436 Petrum
531 4386 634 4436 statuta
651 4386 809 4452 sequentes,
825 4380 953 4452 synodali
1002 4386 1112 4452 petram
1132 4398 1217 4453 super
1233 4398 1319 4453 quam
1333 4382 1448 4437 fundata
1461 4385 1504 4436 est
1515 4380 1585 4436 fides
1607 4384 1746 4440 catholice
1756 4399 1808 4439 cou-

137 4474 302 4530 auctoritate
315 4490 413 4529 omues
425 4475 475 4546 qui
487 4475 620 4530 adversus
633 4476 729 4530 Patres
746 4480 893 4529 armantur
907 4475 950 4544 (b),
962 4487 991 4560 D
1003 4478 1146 4530 struamur
1162 4492 1169 4529 :
1183 4480 1301 4547 propter
1317 4475 1392 4547 quod
1413 4474 1573 4530 Dilectionis
1592 4480 1652 4531 ture
1674 4475 1808 4533 desideriis

138 4576 170 4625 ut
179 4571 294 4624 Petrum
304 4570 446 4624 invasores
455 4573 483 4624 et
496 4574 673 4638 mactatores,
685 4569 804 4623 infames
817 4585 876 4624 esse
890 4585 954 4624 cen·
1002 4569 1133 4623 successit
1150 4567 1275 4637 eiiectus,
1295 4572 1323 4623 et
1347 4568 1472 4624 celeritas
1493 4567 1603 4638 tacitis3
1634 4571 1702 4643 qnia
1722 4583 1809 4626 eorum

138 4679 231 4719 semus
247 4679 254 4717 ε
269 4663 404 4734 quoniam
417 4679 449 4717 ea
461 4663 596 4732 vulnera,
612 4680 676 4735 qum
689 4663 822 4718 fomentis
842 4679 898 4717 non
913 4680 953 4717 sa·
978 4666 984 4676 ‘
1003 4662 1161 4717 sanctuaria
1173 4667 1352 4735 quaeruntnr,
1364 4679 1380 4717 a
1393 4663 1496 4734 quibus
1508 4662 1690 4735 principibus
1702 4662 1809 4737 sumpsit

138 4763 252 4828 uantur,
263 4757 338 4812 terro
345 4757 471 4812 abscindi
481 4757 523 4811 vel
535 4758 626 4811 curari
636 4771 749 4812 neccsse
757 4762 798 4813 est
806 4757 848 4828 (a).
863 4757 951 4825 Unde,
1002 4756 1164 4828 praedicatio
1182 4757 1305 4812 veritatis
1326 4756 1487 4831 exordium.
1504 4757 1584 4821 Dricd
1597 4774 1665 4813 vero
1680 4759 1712 4814 in
1725 4755 1809 4814 sesuis

59 4876 95 4911 ‚¹
137 4853 248 4922 fratres,
265 4857 375 4907 cessent
396 4850 509 4922 injustae
533 4851 737 4920 aemulationes,
757 4855 865 4906 cessent
888 4850 956 4905 insi
1003 4849 1167 4921 regionibus
1187 4850 1331 4906 abundare
1351 4850 1479 4906 indicatis
1498 4851 1742 4922 ecelesiasnovas,
1759 4867 1808 4925 gra·

138 4945 202 5016 dios,
217 4952 325 5002 cessent
336 4947 415 5002 salsae
438 4945 647 5000 criminationes
662 4987 668 5013 ,
683 4961 719 5000 ne
739 4944 954 5015 infirmusqnis-
1003 4943 1127 4999 tutanter
1154 4944 1344 5015 suscipimus,
1373 4949 1469 5000 tamen
1494 4944 1518 4999 si
1542 4945 1667 5002 scienter
1690 4952 1808 5020 expetere

138 5058 235 5113 quam,
251 5047 366 5113 propter
391 5039 622 5113 quemchristus
644 5044 773 5093 mortuus
786 5043 838 5108 est,
853 5038 953 5093 talibus
1003 5037 1129 5092 studium
1148 5039 1321 5110 propheticae
1339 5038 1413 5093 vocis
1431 5038 1621 5110 amplecteris,
1642 5042 1763 5112 quaerite
1774 5038 1808 5094 ts·

137 5136 277 5191 laceretur
290 5135 398 5191 insidiis
412 5152 419 5189 ε
435 5151 470 5191 ne
484 5134 553 5202 ovis,
567 5132 659 5205 pretio
671 5126 952 5204 Christfredempta,
1004 5133 1075 5187 ciem
1089 5132 1150 5203 ejus
1163 5148 1285 5205 semper.
1300 5133 1443 5197 Quantum
1454 5148 1580 5204 namque
1593 5133 1729 5190 humanis
1741 5131 1810 5190 intel·

138 5229 244 5300 lupinis
269 5245 286 5283 a
310 5229 397 5284 fratre
422 5228 561 5283 saucietur
584 5226 734 5282 morsibus.
761 5225 858 5281 Merito
886 5242 954 5298 ergo
1002 5225 1670 5284 lectibusincarnationisDomininostrivem'tas
1684 5229 1809 5301 aptitus,

139 5341 223 5382 causa
246 5340 298 5379 nos
321 5323 434 5393 respicit
456 5323 493 5392 [S.
517 5324 630 5386 Galesi„
652 5324 730 5393 epist.
754 5320 790 5391 l],
811 5319 954 5375 sitatibus
1003 5320 1216 5391 tautoamplius
1229 5325 1257 5375 et
1271 5320 1427 5375 honoratur
1445 5323 1474 5374 et
1498 5320 1611 5376 colitur.
1632 5322 1712 5379 Sicut
1727 5326 1812 5378 auem

139 5421 233 5476 favere
260 5417 438 5490 coeperimus.
460 5416 657 5490 corripiantur
675 5432 788 5489 semper
806 5413 882 5482 talia,
902 5430 955 5468 nec
1003 5430 1051 5469 ros
1065 5414 1167 5487 cupitis
1180 5415 1236 5469 Deo
1249 5414 1351 5469 nostris
1366 5413 1541 5470 orationibus
1555 5417 1760 5484 commendari,
1772 5429 1812 5469 sos

137 5516 201 5585 illis,
222 5514 271 5586 qui
290 5513 351 5569 hacc
370 5528 500 5567 exercere
518 5517 666 5580 conantur,
691 5516 740 5566 aut
764 5509 893 5582 patribus
912 5508 955 5564 vel
1004 5508 1089 5564 etiam
1101 5508 1204 5563 nostris
1220 5507 1432 5564 necessitatibus
1445 5513 1473 5565 ct
1484 5509 1640 5583 angmtiis,
1660 5510 1764 5585 quibus
1773 5510 1812 5565 iu·

177 5655 213 5727 (a)
228 5653 309 5709 tiadr.
326 5669 346 5720 r,
366 5652 418 5706 col.
434 5651 467 5707 ib
481 5654 509 5705 et
524 5652 565 5720 Π,
589 5665 624 5705 ex
637 5648 704 5705 Cod.
719 5648 838 5720 Theod,
852 5642 961 5719 iibm
1004 5648 1040 5703 ad
1052 5649 1195 5705 Domuum
1211 5651 1273 5703 Ant.

139 5727 184 5785 tit.
202 5730 331 5795 l,const.
350 5722 481 5806 lbettb.
661 5791 666 5802 .
758 5791 763 5803 ,
1043 5718 1606 5846 (qConcil5tt0m.vr,sub·Symmaclro.·

171 5795 213 5874 ib)
226 5797 350 5866 Procius,
364 5808 512 5868 episcopus
524 5791 858 5867 Constantinopohtanus,
873 5796 953 5865 eprst.
969 5833 972 5840 .
1042 5793 1049 5860 t
1070 5794 1078 5863 J
1093 5793 1124 5848 ln
1138 5792 1210 5849 Edit.
1226 5794 1308 5848 Rom.
1323 5793 1400 5849 deest
1411 5808 1479 5849 anm
1491 5797 1643 5868 ascnptio,
1656 5800 1689 5855 et
1701 5801 1783 5855 rece.
