3878 6150
126 240 194 299 tots

694 230 820 296 SAECULl
839 238 934 295 sexli
952 234 1228 310 SUPPLEMENTUM.

1736 224 1798 286 tett

123 346 640 420 siveptochotrophi,sirexcnodochi,
655 351 705 402 aut
718 347 871 415 nosocomi,
887 348 936 400 aut
945 349 1054 432 Atent,
1069 344 1122 400 nisi
1147 343 1225 416 prius
1246 339 1422 396 ostenderint
1440 339 1517 412 quod
1536 339 1567 394 in
1584 354 1655 394 usus
1677 336 1803 410 pratus

123 443 243 497 aliarum
257 441 461 497 venerabilium
474 441 611 495 domuum
626 441 842 513 dispensatores,
859 440 936 511 apud

123 531 199 604 ipsos
211 530 402 586 sanctissimos
422 529 605 600 patriarchas,
620 547 637 584 a
650 530 752 601 quihus
767 530 935 584 ordinantur

123 631 172 681 aut
192 628 404 696 promoventur,
426 627 553 678 aetorum
578 628 762 679 monumenta
786 623 934 677 confician-

123 726 180 786 tur,
193 719 298 785 etteum
307 717 495 788 jurejurando
508 717 733 788 dispensatorum
751 721 780 771 et
799 733 936 771 consensu

123 813 240 884 majoris
255 811 341 882 partis
359 827 458 865 eorum
473 811 522 882 qui
544 811 574 864 in
590 811 634 864 bis
649 811 754 865 obeunt
780 810 936 864 ministeria

122 907 251 962 debitum
266 904 436 974 insinuetur,
451 904 581 976 quodque
595 920 629 958 ex
643 920 673 958 rc
687 903 786 958 mobili
797 903 833 957 ad
844 902 936 974 ipsum

124 998 236 1055 dissolvi
250 1005 384 1070 nequeat.
400 999 431 1053 lli
446 1014 522 1066 vero,
536 997 586 1069 qui
605 996 857 1068 ametropolitanis
874 997 935 1067 epi-

125 1093 217 1164 scopis
232 1093 409 1160 ordinantur,
422 1092 478 1146 sive
492 1091 615 1163 episcopi
624 1093 700 1159 sunt,
710 1091 768 1145 sive
779 1090 938 1145 archiman-

125 1187 217 1255 dritae,
243 1187 300 1241 eive
326 1185 559 1258 orphanotrophi,
589 1184 646 1240 sive
672 1184 860 1257 ptocotrophi,
889 1187 938 1239 aut

129 1282 249 1338 aliarum
262 1280 465 1336 venerabilium
478 1280 617 1334 domuum
638 1277 855 1349 dispensatores,
870 1295 936 1332 eon·

124 1358 255 1431 similiter
266 1374 340 1445 apud
354 1375 429 1445 ipsos
441 1373 672 1444 metropolitanos
685 1372 829 1442 episcopos
842 1371 939 1442 hujus·

125 1469 205 1525 modi
227 1470 413 1523 monumenta
437 1466 646 1521 conscribunto.
678 1465 760 1536 apud
792 1481 839 1519 eos
869 1465 938 1519 item

125 1562 282 1634 episcopos,
304 1561 354 1633 qui
368 1560 441 1615 vela
459 1559 635 1631 patriarchis,
655 1558 697 1613 vel
715 1557 939 1628 metropolitanis

126 1655 263 1727 episcopis
277 1654 452 1721 ordinantur,
465 1658 492 1708 et
502 1653 608 1707 bahent
620 1652 671 1707 sub
681 1651 877 1722 jurisdictione
888 1667 939 1705 sua

985 438 1153 494 venerabilis
1162 437 1262 491 domus
1277 435 1339 489 haee
1351 433 1556 504 processerint;
1571 448 1667 503 neque
1682 431 1804 485 creditor

984 539 1034 587 aut
1045 531 1173 586 baeredes
1182 530 1244 600 ejus
1252 528 1376 599 allapsam
1389 543 1440 599 pro
1451 528 1486 580 iis
1498 531 1598 581 contra
1613 524 1805 580 venerabitem

985 624 1101 680 domum
1128 624 1267 678 actionem
1287 621 1419 690 habeant,
1446 620 1500 674 nisi
1527 619 1607 691 prius
1629 617 1807 673 ostenderint

985 719 1062 791 quod
1075 719 1104 773 in
1114 734 1212 772 causas
1222 714 1376 771 venerabili
1386 713 1483 769 domui
1495 716 1693 785 competentes
1707 711 1752 766 hes
1762 728 1810 782 pe·

986 812 1076 867 cliniae
1088 810 1277 882 profecerint3
1292 809 1339 863 sed
1353 808 1477 863 actiones
1487 810 1660 861 suaseontra
1671 821 1741 861 eum
1751 821 1811 858 mo·

986 910 1068 961 veant
1081 905 1128 975 qui
1144 903 1277 974 pecunias
1287 905 1387 956 mutuo
1401 901 1530 971 sumpsit,
1542 903 1593 954 aut
1606 880 1731 953 herede}
1738 899 1810 969 ejus.

1021 1000 1079 1053 lloe
1100 1013 1211 1069 quoque
1228 995 1374 1066 jubemus,
1387 1000 1421 1048 ut
1435 998 1552 1065 excepta
1565 995 1749 1048 sacrosancte
1763 1008 1810 1046 re·

988 1093 1042 1165 gire
1056 1091 1133 1147 urbis
1145 1090 1251 1161 majore
1265 1088 1391 1155 ecclesia,
1407 1091 1436 1143 et
1448 1086 1603 1142 venerabili
1617 1085 1810 1157 orphanotro·

987 1187 1065 1258 phio,
1081 1189 1109 1240 et
1127 1183 1292 1251 xenonibus,
1316 1186 1344 1237 et
1365 1181 1487 1252 ptochiis
1510 1181 1540 1235 in
1559 1180 1631 1234 urbe
1655 1178 1737 1249 regia
1764 1181 1813 1233 aut

987 1278 1129 1336 territorio
1154 1278 1215 1349 ejus
1242 1275 1436 1345 existentibus,
1457 1275 1540 1329 liceat
1564 1272 1703 1328 omnihus
1721 1288 1812 1326 sacro-

988 1374 1091 1429 sanctis
1111 1371 1242 1440 ecclesiis,
1264 1376 1291 1425 et
1311 1368 1519 1425 venerabilibus
1547 1367 1693 1432 domibus,
1716 1381 1810 1437 neque

989 1484 1046 1522 non
1059 1467 1144 1521 etiam
1158 1465 1344 1532 monasteriis,
1361 1466 1420 1517 tam
1439 1463 1470 1516 in
1491 1462 1561 1516 urbe
1583 1461 1665 1532 regia
1680 1476 1768 1531 quam
1780 1460 1809 1515 iu

988 1561 1105 1617 diversis
1129 1559 1278 1631 provinciis
1299 1558 1407 1629 positis,
1427 1554 1654 1628 permutationes
1680 1554 1758 1608 inter
1781 1568 1809 1607 se

989 1670 1085 1710 rerum
1098 1653 1199 1720 lacere,
1214 1668 1279 1706 cunr
1303 1651 1415 1723 utrique
1436 1648 1590 1704 venerabili
1612 1646 1714 1702 domui
1741 1662 1807 1701 con-

126 1754 175 1804 aut
189 1747 368 1815 monasteria,
392 1751 439 1801 aut
460 1746 582 1816 ptochia,
599 1748 649 1799 aut
669 1761 802 1812 xenonas,
817 1749 865 1799 aut
886 1761 938 1798 no·
950 1728 978 1800 Β
989 1752 1116 1803 servatur
1129 1745 1297 1801 indemnitas
1308 1743 1548 1800 consentientibus
1562 1741 1593 1795 in
1606 1741 1689 1795 hunc
1704 1744 1808 1794 contra·

127 1842 249 1897 socomia
263 1846 312 1896 aut
324 1840 391 1894 alias
404 1839 576 1894 venerabiles
586 1839 693 1906 domos,
705 1837 844 1893 consimili
854 1838 939 1892 modo
989 1846 1076 1909 etum,
1091 1840 1148 1894 sive
1163 1838 1369 1894 interveniente
1383 1837 1532 1907 scriptura,
1546 1835 1604 1889 sive
1628 1850 1683 1905 per
1701 1833 1807 1888 contes-

125 1940 310 1991 monumenta
325 1932 519 1988 conficiuntor.
533 1934 571 1987 lta
582 1937 687 2001 tamen,
697 1937 731 1986 ut
739 1932 795 1987 sive
804 1932 878 2002 apud
892 1947 941 2003 pa·
989 1934 1081 1988 siones
1095 1933 1170 2004 apud
1191 1936 1286 1987 sancta
1306 1931 1354 1985 ilci
1375 1930 1485 2001 eloquia
1499 1928 1672 2000 propositas,
1691 1943 1751 1981 non
1770 1942 1809 1980 se-

126 2029 272 2098 triarchas,
288 2028 345 2082 sive
359 2027 433 2098 apud
449 2026 692 2097 metropolitanos,
713 2026 771 2080 sive
785 2025 859 2095 apud
873 2025 940 2079 alies

127 2122 272 2194 episcopos
286 2122 313 2176 id
329 2137 417 2193 genus
429 2125 615 2175 monumenta
626 2119 819 2187 conficiantur,
830 2118 941 2173 nullum

125 2233 177 2288 pro
189 2216 224 2270 iis
237 2215 416 2286 dispendium
430 2219 480 2269 aut
493 2218 639 2284 sumptum
654 2212 825 2267 venerabiles
838 2212 940 2266 domus

129 2310 296 2364 sustineant.
315 2310 467 2380 Propterea
486 2307 562 2362 enim
581 2307 716 2362 nolumus
737 2309 769 2361 ut
782 2306 817 2361 de
838 2309 939 2360 caetero

127 2404 202 2474 apud
214 2402 426 2474 provinciarum
442 2401 586 2474 praesides,
603 2403 651 2455 aut
664 2400 790 2455 locorum
808 2399 939 2454 defenso-

127 2508 173 2548 res
196 2508 213 2544 a
235 2491 400 2546 memoratis
425 2491 553 2562 personis
576 2507 626 2544 seu
652 2490 782 2545 domibus
802 2487 941 2559 ejusmodi

126 2589 313 2641 monumenta
325 2584 520 2655 conficiantur,
531 2601 567 2638 nc
579 2584 654 2655 quod
668 2583 768 2638 exinde
783 2582 942 2637 sustineant

989 2028 1049 2082 lum
1072 2027 1219 2097 utriusque
1238 2023 1407 2080 venerahilis
1433 2023 1533 2078 domus
1555 2020 1807 2092 dispensatoribus,

990 2120 1039 2176 sed
1054 2120 1140 2175 etiam
1155 2120 1263 2190 majore
1286 2122 1367 2190 parte
1391 2133 1488 2172 eorum
1502 2115 1552 2187 qui
1566 2115 1605 2169 ihi
1618 2113 1809 2169 ministerium

989 2214 1112 2269 habeut.
1134 2215 1201 2278 011ae
1219 2229 1285 2267 vero
1304 2229 1320 2266 a
1339 2211 1423 2266 domo
1435 2208 1577 2281 imperiali
1590 2209 1627 2263 ad
1645 2224 1807 2279 quamcum-

989 2324 1045 2380 que
1058 2307 1250 2362 venerahilem
1271 2306 1388 2360 domum
1403 2305 1605 2375 pervenerunt,
1621 2305 1674 2356 aut
1692 2301 1808 2373 posthae

990 2405 1167 2474 perventura
1187 2404 1262 2470 sunt,
1281 2416 1328 2455 eas
1348 2399 1427 2454 nullo
1447 2398 1532 2453 modo
1546 2397 1685 2465 vendere,
1703 2400 1755 2450 aut
1773 2396 1810 2466 pi·

991 2496 1234 2567 gnoriopponere,
1244 2494 1533 2566 autpermutare‚aut
1547 2491 1669 2546 omnino
1688 2489 1810 2545 alienare

990 2589 1181 2656 concedimus,
1196 2604 1289 2658 neque
1303 2587 1326 2642 si
1345 2566 1518 2641 venerabiles
1536 2585 1565 2640 id
1578 2584 1685 2639 domus
1696 2583 1773 2638 inter
1783 2599 1809 2638 se

127 2679 318 2751 dispendium.
333 2678 515 2749 Simulatque
531 2678 671 2732 verebare
685 2677 724 2731 ita
736 2676 813 2748 apud
830 2691 939 2730 memo·
990 2682 1104 2738 fociant,
1123 2682 1193 2747 Quia
1216 2696 1282 2736 vero
1302 2680 1484 2752 cognorimus
1506 2677 1584 2749 quod
1608 2677 1646 2732 ab
1671 2676 1810 2748 aliquibus

128 2778 202 2829 ratos
224 2772 415 2827 sanctissimos
439 2771 622 2843 patriarchas,
645 2775 673 2826 et
697 2770 939 2841 metropolitanos,
991 2775 1227 2831 monasteriorum
1239 2790 1354 2846 quoquo
1367 2773 1551 2829 alienationes
1565 2772 1640 2826 fiant
1652 2771 1682 2826 in
1696 2771 1762 2839 hee,
1777 2775 1807 2825 ut

126 2870 176 2922 aut
196 2867 263 2921 alios
296 2867 442 2938 episcopos
467 2870 562 2920 secuta
586 2864 702 2931 luerint,
722 2868 789 2918 tunc
813 2862 942 2935 praedicti
991 2874 1126 2925 osooroto
1137 2869 1229 2924 forma
1242 2869 1277 2923 od
1296 2868 1433 2940 privatam
1456 2871 1485 2921 et
1500 2865 1653 2937 protanam
1672 2864 1808 2920 transtor-

128 2977 183 3016 oere
205 2961 296 3015 alieno
318 2976 459 3031 oppressae
479 2958 648 3013 venerabilis
671 2959 773 3013 domus
793 2957 939 3028 dispensa·
991 2969 1105 3019 mentur
1114 2962 1365 3032 conversationem,
1379 2967 1407 3017 et
1421 2962 1473 3016 hoe
1484 2959 1621 3014 omnibus
1633 2959 1728 3013 modis
1748 2974 1809 3030 pro·

128 3059 202 3108 tores
214 3052 444 3124 pervigiatidies
458 3052 595 3122 scriptum
607 3051 722 3122 aliquod
735 3049 889 3121 inpublieo
902 3047 941 3103 ci·
952 3096 979 3171 C
992 3058 1132 3112 liniemus.
1150 3056 1228 3121 Quod
1254 3056 1276 3110 si
1297 3057 1352 3110 talo
1376 3054 1482 3126 aliquid
1504 3054 1615 3109 laetum
1640 3053 1811 3120 inveniatur,

128 3147 220 3201 vitatis
238 3146 298 3199 looo
318 3149 506 3215 proponunto,
524 3149 552 3198 ot
570 3160 602 3198 oo
624 3143 710 3198 modo
730 3159 791 3197 rom
809 3141 940 3197 immobi·
992 3151 1151 3222 praebemus
1161 3149 1304 3205 licentiam
1320 3147 1532 3220 religiosissimo
1543 3147 1606 3218 ejus
1615 3147 1671 3201 loci
1682 3146 1811 3217 episcopo

129 3241 186 3296 lem
206 3255 300 3294 emere
316 3238 439 3293 volentes
454 3242 633 3309 provocanto,
648 3242 680 3292 ut
699 3237 748 3308 qui
762 3237 825 3308 plus
839 3236 940 3307 praebi-
991 3249 1024 3299 ut
1035 3245 1064 3298 id
1078 3243 1282 3298 monopolium
1296 3243 1429 3311 vindicet,
1446 3246 1475 3296 ot
1491 3240 1527 3295 od
1542 3243 1673 3296 veterem
1690 3239 1809 3295 formam

129 3340 209 3389 turus
223 3339 273 3401 cst,
289 3333 312 3386 is
336 3331 446 3387 crateris
465 3330 642 3402 praeferatur.
655 3331 723 3395 Quae
740 3331 763 3385 si
785 3330 881 3385 omnia
904 3331 943 3384 ita

127 3426 324 3499 processerint,
338 3426 494 3481 celebrator
507 3424 640 3493 venditi0,
656 3424 747 3496 pretio
761 3424 803 3479 rei
812 3423 942 3478 omnibus

128 3521 219 3577 medis
231 3537 281 3591 pro
302 3536 357 3575 rere
372 3520 464 3574 aliene
483 3518 585 3586 dando,
601 3523 632 3573 ut
653 3523 764 3589 emptor
786 3534 843 3571 non
861 3517 943 3571 aliter

129 3632 193 3670 eam
215 3630 276 3669 rem
298 3613 417 3669 tirmiter
433 3616 529 3669 tenere
553 3613 648 3684 possit,
670 3611 723 3666 nisi
744 3610 869 3682 pretium
892 3627 942 3681 pro

128 3709 191 3780 ipso
205 3709 331 3763 solvatur
348 3707 455 3776 debito,
472 3709 501 3761 et
521 3707 574 3761 hoc
591 3722 723 3778 expresse
746 3721 811 3760 eum
829 3704 941 3775 jureju-

130 3802 216 3857 rando
232 3802 261 3855 in
274 3801 468 3873 syngrapham
482 3800 635 3873 emptionis
649 3799 835 3866 describatur,
851 3798 941 3870 quod-

130 3911 185 3966 que
198 3895 269 3948 nihil
281 3895 317 3948 ad
330 3894 474 3949 lesionem
484 3898 533 3948 aut
543 3893 852 3965 circumpscriptionem
861 3908 943 3948 rene·

130 3987 228 4042 rabilis
242 3988 342 4043 domus
353 3986 408 4041 liat.
425 3987 453 4041 Si
466 3987 602 4057 praedicto
617 3987 701 4041 modo
715 3987 775 4057 ejus
787 3987 828 4041 rei
843 3985 941 4041 vendi·

129 4085 245 4136 tornea
259 4080 345 4135 fuerit
363 4080 503 4148 inventus,
522 4079 656 4150 jubemus
678 4084 708 4134 ut
729 4079 774 4133 eui
796 4079 830 4134 ab
851 4079 944 4151 aliqua

130 4171 328 4243 praedictarum
343 4170 480 4225 domuum
490 4168 618 4235 debetur,
633 4169 656 4222 is
673 4184 706 4223 ee
718 4168 793 4238 jure,
807 4169 881 4240 quod
893 4186 944 4240 pro

129 4264 340 4333 solubodicitur,
355 4264 427 4319 hanc
436 4264 526 4334 ipsam
534 4261 739 4335 possessionem
751 4262 854 4334 capiat,
866 4263 944 4333 justa

129 4363 158 4415 et
178 4357 317 4430 exquisita
340 4356 526 4412 aestimatione
546 4356 626 4425 inita,
647 4355 742 4411 addita
762 4355 831 4410 item
853 4356 944 4427 pretio

992 3337 1117 3392 reducat.
1136 3338 1221 3391 Porro
1243 3336 1266 3390 si
1291 3353 1346 3407 qua
1371 3335 1572 3406 praedictarum
1607 3331 1810 3388 venerabilium

993 3431 1131 3486 domuum
1145 3435 1207 3486 tum
1222 3430 1251 3485 iu
1264 3430 1344 3502 regia
1357 3428 1436 3495 urbe,
1456 3433 1518 3483 tum
1540 3428 1570 3482 in
1585 3426 1743 3499 provinciis
1759 3425 1810 3480 exi·

993 3525 1137 3593 stantium,
1158 3529 1275 3596 excepta
1299 3526 1472 3578 sacrosancta
1495 3521 1583 3592 regiae
1606 3522 1689 3577 urbis
1708 3521 1810 3592 majore

993 3618 1119 3683 ecclesia,
1133 3618 1338 3689 possessionem
1352 3616 1454 3671 habeat
1474 3614 1571 3670 multis
1583 3615 1810 3687 praestationibus

992 3711 1111 3782 publicis
1125 3715 1280 3782 gravatum,
1295 3727 1329 3766 ex
1350 3726 1405 3782 qua
1424 3708 1518 3764 nullus
1542 3708 1654 3763 reditus
1676 3709 1811 3764 inseratur

992 3804 1146 3859 venerabili
1160 3804 1266 3872 domui,
1282 3804 1425 3859 lieentimn
1438 3803 1602 3875 praebemus
1615 3803 1679 3874 ejus
1697 3819 1809 3858 reuera·

992 3898 1056 3954 bilis
1069 3898 1169 3952 domus
1184 3898 1422 3970 dispensatoribus
1442 3903 1473 3951 ut
1490 3896 1580 3951 talem
1594 3896 1808 3968 possessionem,

993 4008 1163 4065 quocunque
1174 3992 1262 4047 velint
1282 3992 1375 4060 meda,
1390 3991 1425 4046 ad
1439 3992 1501 4062 ejus
1521 3991 1697 4046 venerahilis
1719 3991 1811 4046 domus

993 4086 1145 4141 utilitatem
1158 4085 1282 4140 alienent
1296 4102 1303 4139 :
1317 4085 1509 4139 monumentis
1522 4083 1656 4139 videlicet
1671 4091 1702 4140 et
1720 4085 1751 4139 in
1763 4085 1810 4139 hae

992 4179 1161 4234 alienatione
1179 4178 1256 4251 apud
1273 4194 1321 4232 eos
1342 4177 1532 4246 conficiendis,
1547 4193 1564 4231 a
1584 4177 1695 4249 quibus
1715 4179 1809 4250 hujus·

993 4272 1072 4327 modi
1086 4274 1213 4328 locorum
1235 4271 1441 4343 dispensatores
1461 4276 1683 4342 promoventur,
1703 4276 1753 4327 aut
1770 4288 1811 4327 or-

994 4361 1146 4427 dinantur;
1161 4365 1189 4415 et
1200 4360 1235 4416 ad
1248 4366 1358 4415 sanetas
1372 4360 1528 4430 Scripturas
1542 4361 1733 4430 jurantibus,
1757 4367 1810 4416 tam

130 4453 238 4508 decima
252 4457 331 4524 parte
352 4451 438 4506 totius
450 4449 644 4505 estimationis
658 4449 695 4504 ad
708 4449 837 4505 eamdem
852 4467 983 4542 quan-D
994 4454 1134 4525 ejusmodi
1151 4453 1315 4509 venerabilis
1332 4454 1432 4539 domus
1449 4452 1635 4522 antistitibus,
1651 4471 1742 4527 qnam
1755 4472 1810 4510 ma-

129 4546 238 4600 titatem
255 4546 425 4617 :capiatque
451 4562 511 4600 rem
535 4544 656 4599 creditor
673 4560 723 4614 pro
745 4543 944 4614 soluto,[tirmo
990 4549 1053 4619 J‘ore
1076 4552 1155 4620 parte
1173 4563 1272 4603 eorum
1291 4546 1341 4619 qui
1360 4547 1400 4602 ibi
1418 4546 1575 4602 ministeria
1594 4547 1724 4618 obeunt,
1744 4548 1813 4621 qnod

130 4655 193 4695 eam
207 4638 322 4694 domino
341 4655 528 4709 possessurus.
557 4639 596 4692 lta
617 4640 721 4704 tamem
742 4642 775 4692 ut
797 4637 942 4708 dispensa·

128 4738 203 4788 tores
218 4732 310 4788 debito
336 4749 475 4803 oppressae
487 4731 656 4786 venerabilis
672 4731 782 4799 densus,
806 4736 834 4786 et
853 4732 945 4802 major

130 4844 196 4900 pars
216 4826 245 4881 in
262 4844 296 4882 ea
314 4826 537 4880 ministrantium
558 4825 722 4895 hujusmodi
736 4825 944 4881 venditionibus

130 4921 316 4977 consentiant.
331 4922 399 4985 Quae
417 4935 483 4973 vero
500 4919 653 4974 immobilis
674 4935 718 4974 res
735 4919 764 4974 in
790 4919 842 4974 hoe
856 4919 943 4975 tradi-

131 5020 187 5083 tur,
201 5031 233 5069 ea
252 5031 309 5069 nou
328 5015 364 5068 ad
389 5013 535 5085 optionem
559 5012 717 5082 creditoris,
740 5013 786 5068 sed
813 5013 944 5084 aequabili

131 5108 323 5163 mediocritate
333 5107 436 5180 partim
451 5107 524 5162 inter
540 5107 657 5176 fertiles,
678 5107 782 5178 partim
796 5106 869 5163 inter
888 5112 942 5163 ste·

131 5202 196 5256 riles
210 5201 376 5256 venerabilis
396 5201 496 5256 domus
515 5201 714 5273 possessiones,
730 5206 757 5256 ct
779 5201 881 5256 harum
899 5217 943 5256 re·

131 5296 215 5364 ditus,
237 5312 328 5367 neque
347 5311 404 5350 non
421 5296 602 5365 tributorum,
624 5300 651 5351 et
673 5295 775 5368 reliqui
797 5300 885 5350 status
913 5313 944 5351 ac

130 5390 273 5463 qualitatis
296 5390 386 5444 detur.
410 5392 445 5445 nt
469 5390 492 5444 si
506 5389 738 5463 quisepiscopus,
763 5395 812 5445 aut
835 5406 944 5445 oecono-

129 5501 204 5551 mus,
225 5488 276 5539 aut
296 5484 474 5556 dispensator
486 5484 688 5556 {cnjuscnnque
712 5483 877 5540 venerabilis
891 5485 942 5540 do·

130 5594 203 5646 mus,
219 5578 277 5634 sive
295 5578 325 5633 in
344 5577 423 5650 regia
436 5576 518 5645 urbe,
535 5577 591 5632 sive
610 5577 640 5632 in
658 5577 812 5649 provinciis
833 5578 941 5651 positae,

128 5672 263 5741 pecunias
277 5677 377 5726 mutuo
391 5669 590 5741 desumpserit,
606 5675 656 5724 aut
669 5672 786 5741 posthac
801 5672 941 5738 desumet,

54 5772 63 5781 ·
112 5763 256 5840 jubemus
269 5769 302 5824 ut
314 5780 411 5841 neque
424 5763 479 5841 ipsi
494 5760 648 5824 venerabili
661 5763 714 5820 hoc
736 5764 832 5820 domni
845 5766 941 5838 impu·

995 4657 1087 4713 neque
1109 4658 1161 4714 per
1181 4641 1381 4712 proditionem,
1402 4640 1550 4712 nequead
1571 4641 1813 4714 gratiamneque

994 4735 1122 4807 qualibet
1142 4734 1404 4806 circumscriptione
1424 4733 1474 4789 liat
1485 4733 1633 4802 alienatio,
1648 4736 1701 4792 sed
1726 4743 1757 4792 nt
1778 4736 1816 4791 in-

995 4829 1136 4884 demnitas
1162 4829 1188 4882 ei
1214 4827 1365 4883 venerabili
1389 4826 1486 4883 domui
1508 4833 1710 4885 conservetur.
1736 4828 1813 4901 Atqui

994 4921 1154 4990 oeconomis,
1179 4927 1208 4977 et
1232 4920 1480 4992 dispensatoribus,
1500 4925 1529 4975 et
1541 4920 1730 4980 chartulariis
1749 4939 1813 4996 qne·

994 5032 1171 5087 rumeunque
1190 5014 1397 5070 venerabilium
1418 5015 1569 5081 domuum,
1584 5033 1685 5088 neque
1700 5035 1758 5073 non
1770 5033 1812 5072 ec·

995 5124 1059 5165 rum
1072 5109 1246 5180 parentibus,
1271 5124 1303 5163 ac
1315 5108 1420 5175 liberis,
1435 5113 1463 5163 et
1476 5108 1547 5177 aliis,
1564 5111 1617 5182 qui
1636 5127 1757 5183 genere,
1770 5115 1813 5165 aut

994 5203 1138 5258 affinitatis
1154 5204 1218 5273 jure
1241 5201 1295 5257 illis
1314 5201 1457 5272 conjuncti
1479 5205 1557 5271 sunt,
1581 5203 1753 5269 locationes,
1774 5205 1811 5260 rel

994 5297 1202 5368 emphyteuses,
1216 5297 1259 5351 rel
1273 5295 1442 5366 emptiones,
1456 5295 1501 5349 vel
1521 5295 1703 5369 hypothecas
1724 5317 1811 5357 rerum

995 5390 1182 5445 immobilium
1195 5390 1230 5444 ad
1245 5406 1292 5445 eas
1305 5388 1477 5444 venerabiles
1490 5389 1595 5447 domos
1608 5395 1810 5464 pertinentium

994 5484 1089 5539 subire
1103 5484 1145 5539 vel
1164 5501 1217 5556 per
1240 5499 1280 5552 se,
1301 5483 1345 5538 vel
1363 5499 1414 5554 per
1433 5482 1635 5555 interpositam
1656 5504 1808 5560 personam,

994 5577 1236 5649 quemadmodum
1248 5581 1277 5632 et
1288 5577 1318 5632 iu
1331 5576 1366 5632 iis
1380 5577 1429 5648 qui
1441 5576 1472 5633 in
1484 5578 1570 5650 regia
1586 5581 1664 5638 urbe
1678 5588 1756 5652 sunt,
1768 5582 1808 5638 iis·

993 5671 1058 5727 dem
1071 5672 1160 5742 poeuis
1170 5670 1374 5726 interdicimus.

1028 5765 1138 5837 Siquis
1158 5781 1225 5823 vero
1242 5765 1366 5834 colonus,
1390 5768 1440 5822 aut
1460 5766 1652 5841 emphyteuta
1675 5787 1713 5831 ex
1732 5771 1808 5831 rebus
