<?xml version="1.0" encoding="UTF-8"?>
<!DOCTYPE html PUBLIC "-//W3C//DTD XHTML 1.0 Transitional//EN"
    "http://www.w3.org/TR/xhtml1/DTD/xhtml1-transitional.dtd">
<html xmlns="http://www.w3.org/1999/xhtml" xml:lang="en" lang="en">
 <head>
  <title>
</title>
<meta http-equiv="Content-Type" content="text/html;charset=utf-8" />
  <meta name='ocr-system' content='tesseract 3.04.00' />
  <meta name='ocr-capabilities' content='ocr_page ocr_carea ocr_par ocr_line ocrx_word'/>
</head>
<body>
  <div class='ocr_page' id='page_1' title='image "./patrologiaecurs00migngoog_0035.png"; bbox 0 0 3884 6150; ppageno 0'>
   <div class='ocr_carea' id='block_1_1' title="bbox 187 284 1876 567">
    <p class='ocr_par' dir='ltr' id='par_1_1' title="bbox 187 284 1876 567">
     <span class='ocr_line' id='line_1_1' title="bbox 187 284 1875 354; baseline 0.001 -2"><span class='ocrx_word' id='word_1_1' title='bbox 187 284 222 352; x_wconf 78' lang='grc' dir='ltr'>ιιι</span> <span class='ocrx_word' id='word_1_2' title='bbox 645 288 791 350; x_wconf 58' lang='lat' dir='ltr'>SANCTUS</span> <span class='ocrx_word' id='word_1_3' title='bbox 808 285 996 354; x_wconf 81' lang='lat' dir='ltr'>GEltllltleS,</span> <span class='ocrx_word' id='word_1_4' title='bbox 1016 286 1221 349; x_wconf 72' lang='lat' dir='ltr'>Pnalsmxsts</span> <span class='ocrx_word' id='word_1_5' title='bbox 1239 289 1426 349; x_wconf 72' lang='lat' dir='ltr'>aristaeus.</span> <span class='ocrx_word' id='word_1_6' title='bbox 1841 286 1875 354; x_wconf 81' lang='lat' dir='ltr'>to</span> 
     </span>
     <span class='ocr_line' id='line_1_2' title="bbox 191 386 1874 483; baseline -0.001 -25"><span class='ocrx_word' id='word_1_7' title='bbox 191 397 312 460; x_wconf 76' lang='lat' dir='ltr'>Ebrouis</span> <span class='ocrx_word' id='word_1_8' title='bbox 335 415 387 476; x_wconf 91' lang='lat' dir='ltr'>pro</span> <span class='ocrx_word' id='word_1_9' title='bbox 406 398 463 460; x_wconf 83' lang='lat' dir='ltr'>nde</span> <span class='ocrx_word' id='word_1_10' title='bbox 482 401 553 460; x_wconf 86' lang='lat' dir='ltr'>lusti</span> <span class='ocrx_word' id='word_1_11' title='bbox 574 402 709 457; x_wconf 88' lang='lat' dir='ltr'>collatum</span> <span class='ocrx_word' id='word_1_12' title='bbox 731 400 783 455; x_wconf 90' lang='lat' dir='ltr'>est.</span> <span class='ocrx_word' id='word_1_13' title='bbox 803 396 889 469; x_wconf 72' lang='lat' dir='ltr'>cnjus</span> <span class='ocrx_word' id='word_1_14' title='bbox 909 386 1232 483; x_wconf 64' lang='lat' dir='ltr'>ingre-Atestimonie.</span> <span class='ocrx_word' id='word_1_15' title='bbox 1251 396 1313 464; x_wconf 79' lang='lat' dir='ltr'>Qua</span> <span class='ocrx_word' id='word_1_16' title='bbox 1335 397 1485 456; x_wconf 76' lang='lat' dir='ltr'>occasione</span> <span class='ocrx_word' id='word_1_17' title='bbox 1506 397 1556 455; x_wconf 84' lang='lat' dir='ltr'>tilii</span> <span class='ocrx_word' id='word_1_18' title='bbox 1575 396 1620 455; x_wconf 85' lang='lat' dir='ltr'>vel</span> <span class='ocrx_word' id='word_1_19' title='bbox 1640 395 1707 455; x_wconf 80' lang='lat' dir='ltr'>filie</span> <span class='ocrx_word' id='word_1_20' title='bbox 1721 396 1761 457; x_wconf 87' lang='lat' dir='ltr'>ita</span> <span class='ocrx_word' id='word_1_21' title='bbox 1775 402 1874 458; x_wconf 85' lang='lat' dir='ltr'>sancte</span> 
     </span>
     <span class='ocr_line' id='line_1_3' title="bbox 191 490 1876 567; baseline -0.002 -16"><span class='ocrx_word' id='word_1_22' title='bbox 191 492 906 565; x_wconf 80' lang='lat' dir='ltr'>dientedomum,Annametrouaproelamatrem</span> <span class='ocrx_word' id='word_1_23' title='bbox 916 490 1005 546; x_wconf 87' lang='lat' dir='ltr'>mire·</span> <span class='ocrx_word' id='word_1_24' title='bbox 1057 491 1217 547; x_wconf 88' lang='lat' dir='ltr'>conversati</span> <span class='ocrx_word' id='word_1_25' title='bbox 1240 496 1315 561; x_wconf 90' lang='lat' dir='ltr'>sunt,</span> <span class='ocrx_word' id='word_1_26' title='bbox 1340 496 1371 548; x_wconf 92' lang='lat' dir='ltr'>ut</span> <span class='ocrx_word' id='word_1_27' title='bbox 1392 509 1444 565; x_wconf 90' lang='lat' dir='ltr'>per</span> <span class='ocrx_word' id='word_1_28' title='bbox 1470 492 1646 549; x_wconf 85' lang='lat' dir='ltr'>monasterio</span> <span class='ocrx_word' id='word_1_29' title='bbox 1673 510 1749 549; x_wconf 92' lang='lat' dir='ltr'>nunc</span> <span class='ocrx_word' id='word_1_30' title='bbox 1770 498 1876 567; x_wconf 85' lang='lat' dir='ltr'>regant</span> 
     </span>
    </p>
   </div>
   <div class='ocr_carea' id='block_1_2' title="bbox 190 583 1008 1685">
    <p class='ocr_par' dir='ltr' id='par_1_2' title="bbox 190 583 1008 1685">
     <span class='ocr_line' id='line_1_4' title="bbox 191 583 1007 661; baseline -0.007 -16"><span class='ocrx_word' id='word_1_31' title='bbox 191 587 279 646; x_wconf 88' lang='lat' dir='ltr'>bilem</span> <span class='ocrx_word' id='word_1_32' title='bbox 291 607 321 644; x_wconf 88' lang='lat' dir='ltr'>se</span> <span class='ocrx_word' id='word_1_33' title='bbox 331 590 437 645; x_wconf 81' lang='lat' dir='ltr'>videre.</span> <span class='ocrx_word' id='word_1_34' title='bbox 449 588 586 661; x_wconf 85' lang='lat' dir='ltr'>Inquisita</span> <span class='ocrx_word' id='word_1_35' title='bbox 597 604 613 642; x_wconf 90' lang='lat' dir='ltr'>a</span> <span class='ocrx_word' id='word_1_36' title='bbox 625 586 749 659; x_wconf 85' lang='lat' dir='ltr'>conjuge</span> <span class='ocrx_word' id='word_1_37' title='bbox 760 584 829 659; x_wconf 91' lang='lat' dir='ltr'>quid</span> <span class='ocrx_word' id='word_1_38' title='bbox 839 587 915 640; x_wconf 89' lang='lat' dir='ltr'>esset</span> <span class='ocrx_word' id='word_1_39' title='bbox 929 583 1007 656; x_wconf 89' lang='lat' dir='ltr'>quod</span> 
     </span>
     <span class='ocr_line' id='line_1_5' title="bbox 191 677 1006 756; baseline -0.006 -19"><span class='ocrx_word' id='word_1_40' title='bbox 191 681 354 756; x_wconf 79' lang='lat' dir='ltr'>inspiceret,</span> <span class='ocrx_word' id='word_1_41' title='bbox 367 683 407 738; x_wconf 90' lang='lat' dir='ltr'>ait</span> <span class='ocrx_word' id='word_1_42' title='bbox 418 700 424 738; x_wconf 76' lang='grc' dir='ltr'>ε</span> <span class='ocrx_word' id='word_1_43' title='bbox 437 683 507 737; x_wconf 86' lang='lat' dir='ltr'>Ecce</span> <span class='ocrx_word' id='word_1_44' title='bbox 521 682 622 736; x_wconf 88' lang='lat' dir='ltr'>beatus</span> <span class='ocrx_word' id='word_1_45' title='bbox 632 682 792 736; x_wconf 87' lang='lat' dir='ltr'>Germanus</span> <span class='ocrx_word' id='word_1_46' title='bbox 804 681 924 735; x_wconf 89' lang='lat' dir='ltr'>cornuta</span> <span class='ocrx_word' id='word_1_47' title='bbox 934 677 1006 733; x_wconf 89' lang='lat' dir='ltr'>facie</span> 
     </span>
     <span class='ocr_line' id='line_1_6' title="bbox 191 771 1005 846; baseline -0.009 -14"><span class='ocrx_word' id='word_1_48' title='bbox 191 777 263 832; x_wconf 89' lang='lat' dir='ltr'>mihi</span> <span class='ocrx_word' id='word_1_49' title='bbox 276 777 388 832; x_wconf 86' lang='lat' dir='ltr'>videtur</span> <span class='ocrx_word' id='word_1_50' title='bbox 404 774 557 831; x_wconf 83' lang='lat' dir='ltr'>incedere:</span> <span class='ocrx_word' id='word_1_51' title='bbox 574 775 650 846; x_wconf 91' lang='lat' dir='ltr'>quod</span> <span class='ocrx_word' id='word_1_52' title='bbox 663 791 736 846; x_wconf 90' lang='lat' dir='ltr'>pene</span> <span class='ocrx_word' id='word_1_53' title='bbox 752 774 795 829; x_wconf 86' lang='grc' dir='ltr'>ιιι</span> <span class='ocrx_word' id='word_1_54' title='bbox 809 774 889 828; x_wconf 87' lang='lat' dir='ltr'>valeo</span> <span class='ocrx_word' id='word_1_55' title='bbox 903 775 952 826; x_wconf 91' lang='lat' dir='ltr'>aut</span> <span class='ocrx_word' id='word_1_56' title='bbox 962 771 1005 826; x_wconf 89' lang='lat' dir='ltr'>in·</span> 
     </span>
     <span class='ocr_line' id='line_1_7' title="bbox 192 865 1007 935; baseline -0.007 -10"><span class='ocrx_word' id='word_1_57' title='bbox 192 869 265 927; x_wconf 85' lang='lat' dir='ltr'>tueri</span> <span class='ocrx_word' id='word_1_58' title='bbox 281 869 399 934; x_wconf 90' lang='lat' dir='ltr'>lumine,</span> <span class='ocrx_word' id='word_1_59' title='bbox 411 871 461 922; x_wconf 89' lang='lat' dir='ltr'>aut</span> <span class='ocrx_word' id='word_1_60' title='bbox 472 884 605 924; x_wconf 82' lang='lat' dir='ltr'>sermone</span> <span class='ocrx_word' id='word_1_61' title='bbox 619 869 761 935; x_wconf 91' lang='lat' dir='ltr'>conferre,</span> <span class='ocrx_word' id='word_1_62' title='bbox 774 870 905 922; x_wconf 88' lang='lat' dir='ltr'>sanctum</span> <span class='ocrx_word' id='word_1_63' title='bbox 914 865 1007 921; x_wconf 89' lang='lat' dir='ltr'>virum</span> 
     </span>
     <span class='ocr_line' id='line_1_8' title="bbox 192 961 1006 1029; baseline -0.006 -11"><span class='ocrx_word' id='word_1_64' title='bbox 192 978 265 1018; x_wconf 89' lang='lat' dir='ltr'>novo</span> <span class='ocrx_word' id='word_1_65' title='bbox 293 977 374 1016; x_wconf 88' lang='lat' dir='ltr'>more</span> <span class='ocrx_word' id='word_1_66' title='bbox 401 961 536 1016; x_wconf 90' lang='lat' dir='ltr'>cornibus</span> <span class='ocrx_word' id='word_1_67' title='bbox 562 962 735 1017; x_wconf 87' lang='lat' dir='ltr'>radiantem.</span> <span class='ocrx_word' id='word_1_68' title='bbox 760 962 1006 1029; x_wconf 76' lang='lat' dir='ltr'>consternataque</span> 
     </span>
     <span class='ocr_line' id='line_1_9' title="bbox 191 1052 1007 1125; baseline -0.007 -15"><span class='ocrx_word' id='word_1_69' title='bbox 191 1055 350 1110; x_wconf 86' lang='lat' dir='ltr'>mirabatur</span> <span class='ocrx_word' id='word_1_70' title='bbox 360 1052 1007 1125; x_wconf 87' lang='lat' dir='ltr'>mulierhominemnostrotemporeinhgura</span> 
     </span>
     <span class='ocr_line' id='line_1_10' title="bbox 190 1145 1007 1220; baseline -0.006 -17"><span class='ocrx_word' id='word_1_71' title='bbox 190 1147 277 1219; x_wconf 77' lang='lat' dir='ltr'>uoyst</span> <span class='ocrx_word' id='word_1_72' title='bbox 291 1147 418 1219; x_wconf 91' lang='lat' dir='ltr'>potuisse</span> <span class='ocrx_word' id='word_1_73' title='bbox 432 1148 607 1220; x_wconf 77' lang='lat' dir='ltr'>conspicere.</span> <span class='ocrx_word' id='word_1_74' title='bbox 623 1147 806 1204; x_wconf 86' lang='lat' dir='ltr'>Credendum</span> <span class='ocrx_word' id='word_1_75' title='bbox 820 1145 897 1218; x_wconf 93' lang='lat' dir='ltr'>quod</span> <span class='ocrx_word' id='word_1_76' title='bbox 912 1149 941 1199; x_wconf 92' lang='lat' dir='ltr'>et</span> <span class='ocrx_word' id='word_1_77' title='bbox 955 1145 1007 1198; x_wconf 88' lang='lat' dir='ltr'>iste</span> 
     </span>
     <span class='ocr_line' id='line_1_11' title="bbox 190 1240 1006 1312; baseline -0.005 -16"><span class='ocrx_word' id='word_1_78' title='bbox 190 1243 255 1312; x_wconf 92' lang='lat' dir='ltr'>post</span> <span class='ocrx_word' id='word_1_79' title='bbox 279 1241 454 1312; x_wconf 85' lang='lat' dir='ltr'>colloquium</span> <span class='ocrx_word' id='word_1_80' title='bbox 480 1241 593 1296; x_wconf 87' lang='lat' dir='ltr'>Domini</span> <span class='ocrx_word' id='word_1_81' title='bbox 617 1241 710 1312; x_wconf 91' lang='lat' dir='ltr'>potuit</span> <span class='ocrx_word' id='word_1_82' title='bbox 734 1257 751 1294; x_wconf 92' lang='lat' dir='ltr'>a</span> <span class='ocrx_word' id='word_1_83' title='bbox 775 1240 895 1294; x_wconf 89' lang='lat' dir='ltr'>muliere</span> <span class='ocrx_word' id='word_1_84' title='bbox 917 1254 1006 1293; x_wconf 92' lang='lat' dir='ltr'>cornu</span> 
     </span>
     <span class='ocr_line' id='line_1_12' title="bbox 190 1331 1007 1405; baseline -0.005 -16"><span class='ocrx_word' id='word_1_85' title='bbox 190 1335 330 1389; x_wconf 87' lang='lat' dir='ltr'>exaltatus</span> <span class='ocrx_word' id='word_1_86' title='bbox 345 1335 471 1405; x_wconf 81' lang='lat' dir='ltr'>agnosci.</span> <span class='ocrx_word' id='word_1_87' title='bbox 486 1334 572 1405; x_wconf 88' lang='lat' dir='ltr'>Cujus</span> <span class='ocrx_word' id='word_1_88' title='bbox 585 1351 676 1389; x_wconf 81' lang='lat' dir='ltr'>causas</span> <span class='ocrx_word' id='word_1_89' title='bbox 690 1349 795 1405; x_wconf 85' lang='lat' dir='ltr'>pavore</span> <span class='ocrx_word' id='word_1_90' title='bbox 814 1333 888 1388; x_wconf 87' lang='lat' dir='ltr'>Ebro</span> <span class='ocrx_word' id='word_1_91' title='bbox 904 1331 1007 1386; x_wconf 89' lang='lat' dir='ltr'>eadem</span> 
     </span>
     <span class='ocr_line' id='line_1_13' title="bbox 191 1424 1008 1497; baseline -0.006 -15"><span class='ocrx_word' id='word_1_92' title='bbox 191 1426 238 1482; x_wconf 89' lang='lat' dir='ltr'>die</span> <span class='ocrx_word' id='word_1_93' title='bbox 258 1427 339 1497; x_wconf 86' lang='lat' dir='ltr'>juxta</span> <span class='ocrx_word' id='word_1_94' title='bbox 360 1427 495 1482; x_wconf 87' lang='lat' dir='ltr'>Sanctum</span> <span class='ocrx_word' id='word_1_95' title='bbox 521 1428 621 1483; x_wconf 88' lang='lat' dir='ltr'>sedere</span> <span class='ocrx_word' id='word_1_96' title='bbox 645 1428 807 1482; x_wconf 84' lang='lat' dir='ltr'>ncdlolonus</span> <span class='ocrx_word' id='word_1_97' title='bbox 826 1424 1008 1497; x_wconf 79' lang='lat' dir='ltr'>praesumpsit</span> 
     </span>
     <span class='ocr_line' id='line_1_14' title="bbox 191 1519 934 1592; baseline -0.003 -19"><span class='ocrx_word' id='word_1_98' title='bbox 191 1519 297 1591; x_wconf 86' lang='lat' dir='ltr'>duplici</span> <span class='ocrx_word' id='word_1_99' title='bbox 314 1521 495 1591; x_wconf 89' lang='lat' dir='ltr'>promerito,</span> <span class='ocrx_word' id='word_1_100' title='bbox 511 1537 634 1576; x_wconf 76' lang='lat' dir='ltr'>moerore</span> <span class='ocrx_word' id='word_1_101' title='bbox 650 1521 758 1592; x_wconf 86' lang='lat' dir='ltr'>pariter</span> <span class='ocrx_word' id='word_1_102' title='bbox 770 1522 799 1574; x_wconf 91' lang='lat' dir='ltr'>et</span> <span class='ocrx_word' id='word_1_103' title='bbox 812 1522 934 1573; x_wconf 91' lang='lat' dir='ltr'>terrore.</span> 
     </span>
     <span class='ocr_line' id='line_1_15' title="bbox 226 1611 1007 1685; baseline -0.004 -19"><span class='ocrx_word' id='word_1_104' title='bbox 226 1614 293 1667; x_wconf 87' lang='lat' dir='ltr'>Vlll.</span> <span class='ocrx_word' id='word_1_105' title='bbox 323 1613 449 1684; x_wconf 86' lang='lat' dir='ltr'>Contigit</span> <span class='ocrx_word' id='word_1_106' title='bbox 484 1616 514 1667; x_wconf 94' lang='grc' dir='ltr'>ιιι</span> <span class='ocrx_word' id='word_1_107' title='bbox 550 1632 602 1685; x_wconf 92' lang='lat' dir='ltr'>pro</span> <span class='ocrx_word' id='word_1_108' title='bbox 633 1613 705 1668; x_wconf 80' lang='lat' dir='ltr'>villis</span> <span class='ocrx_word' id='word_1_109' title='bbox 740 1611 1007 1684; x_wconf 81' lang='lat' dir='ltr'>Augustoduneusis</span> 
     </span>
    </p>
   </div>
   <div class='ocr_carea' id='block_1_3' title="bbox 1054 586 1877 1686">
    <p class='ocr_par' dir='ltr' id='par_1_3' title="bbox 1056 586 1876 844">
     <span class='ocr_line' id='line_1_16' title="bbox 1058 586 1876 656; baseline 0.005 -16"><span class='ocrx_word' id='word_1_110' title='bbox 1058 586 1175 656; x_wconf 80' lang='lat' dir='ltr'>agmina</span> <span class='ocrx_word' id='word_1_111' title='bbox 1197 587 1416 642; x_wconf 89' lang='lat' dir='ltr'>monachorum.</span> <span class='ocrx_word' id='word_1_112' title='bbox 1438 587 1506 652; x_wconf 79' lang='lat' dir='ltr'>Quce</span> <span class='ocrx_word' id='word_1_113' title='bbox 1529 604 1615 642; x_wconf 86' lang='lat' dir='ltr'>causa</span> <span class='ocrx_word' id='word_1_114' title='bbox 1636 588 1725 643; x_wconf 90' lang='lat' dir='ltr'>modo</span> <span class='ocrx_word' id='word_1_115' title='bbox 1748 586 1876 646; x_wconf 85' lang='lat' dir='ltr'>mirabili</span> 
     </span>
     <span class='ocr_line' id='line_1_17' title="bbox 1057 679 1875 753; baseline 0.002 -20"><span class='ocrx_word' id='word_1_116' title='bbox 1057 679 1165 750; x_wconf 91' lang='lat' dir='ltr'>prefuit</span> <span class='ocrx_word' id='word_1_117' title='bbox 1194 679 1267 750; x_wconf 89' lang='lat' dir='ltr'>patri</span> <span class='ocrx_word' id='word_1_118' title='bbox 1296 681 1338 733; x_wconf 82' lang='lat' dir='ltr'>rol</span> <span class='ocrx_word' id='word_1_119' title='bbox 1367 680 1501 751; x_wconf 82' lang='lat' dir='ltr'>germini,</span> <span class='ocrx_word' id='word_1_120' title='bbox 1531 684 1562 735; x_wconf 92' lang='lat' dir='ltr'>ut</span> <span class='ocrx_word' id='word_1_121' title='bbox 1589 697 1708 751; x_wconf 88' lang='lat' dir='ltr'>parvum</span> <span class='ocrx_word' id='word_1_122' title='bbox 1735 680 1875 753; x_wconf 85' lang='lat' dir='ltr'>genitoris</span> 
     </span>
     <span class='ocr_line' id='line_1_18' title="bbox 1056 772 1658 844; baseline 0.002 -16"><span class='ocrx_word' id='word_1_123' title='bbox 1056 772 1197 843; x_wconf 80' lang='lat' dir='ltr'>flagititun</span> <span class='ocrx_word' id='word_1_124' title='bbox 1211 772 1333 844; x_wconf 88' lang='lat' dir='ltr'>posteris</span> <span class='ocrx_word' id='word_1_125' title='bbox 1348 773 1484 828; x_wconf 72' lang='lat' dir='ltr'>transiret</span> <span class='ocrx_word' id='word_1_126' title='bbox 1498 773 1526 828; x_wconf 92' lang='lat' dir='ltr'>in</span> <span class='ocrx_word' id='word_1_127' title='bbox 1541 775 1658 829; x_wconf 89' lang='lat' dir='ltr'>luctum.</span> 
     </span>
    </p>

    <p class='ocr_par' dir='ltr' id='par_1_4' title="bbox 1054 866 1877 1686">
     <span class='ocr_line' id='line_1_19' title="bbox 1091 866 1873 939; baseline 0.003 -18"><span class='ocrx_word' id='word_1_128' title='bbox 1091 868 1133 922; x_wconf 89' lang='grc' dir='ltr'>ιιι.</span> <span class='ocrx_word' id='word_1_129' title='bbox 1149 868 1180 921; x_wconf 92' lang='grc' dir='ltr'>ιιι</span> <span class='ocrx_word' id='word_1_130' title='bbox 1197 883 1273 938; x_wconf 88' lang='lat' dir='ltr'>pago</span> <span class='ocrx_word' id='word_1_131' title='bbox 1293 866 1431 922; x_wconf 82' lang='lat' dir='ltr'>Alisiense</span> <span class='ocrx_word' id='word_1_132' title='bbox 1443 868 1479 938; x_wconf 74' lang='lat' dir='ltr'>lb)</span> <span class='ocrx_word' id='word_1_133' title='bbox 1495 868 1556 923; x_wconf 84' lang='lat' dir='ltr'>haee</span> <span class='ocrx_word' id='word_1_134' title='bbox 1570 884 1616 921; x_wconf 90' lang='lat' dir='ltr'>res</span> <span class='ocrx_word' id='word_1_135' title='bbox 1634 871 1714 939; x_wconf 87' lang='lat' dir='ltr'>gesta</span> <span class='ocrx_word' id='word_1_136' title='bbox 1730 871 1782 923; x_wconf 89' lang='lat' dir='ltr'>est.</span> <span class='ocrx_word' id='word_1_137' title='bbox 1798 868 1873 925; x_wconf 85' lang='lat' dir='ltr'>Con-</span> 
     </span>
     <span class='ocr_line' id='line_1_20' title="bbox 1054 959 1876 1030; baseline 0.001 -15"><span class='ocrx_word' id='word_1_138' title='bbox 1054 959 1105 1030; x_wconf 82' lang='lat' dir='ltr'>jux</span> <span class='ocrx_word' id='word_1_139' title='bbox 1128 959 1244 1015; x_wconf 90' lang='lat' dir='ltr'>illustris</span> <span class='ocrx_word' id='word_1_140' title='bbox 1265 960 1317 1015; x_wconf 89' lang='lat' dir='ltr'>viri</span> <span class='ocrx_word' id='word_1_141' title='bbox 1342 960 1616 1028; x_wconf 85' lang='lat' dir='ltr'>Vuffarii,1)eslasia</span> <span class='ocrx_word' id='word_1_142' title='bbox 1637 961 1764 1029; x_wconf 90' lang='lat' dir='ltr'>nomine,</span> <span class='ocrx_word' id='word_1_143' title='bbox 1781 961 1876 1016; x_wconf 85' lang='lat' dir='ltr'>vitalis</span> 
     </span>
     <span class='ocr_line' id='line_1_21' title="bbox 1058 1053 1877 1126; baseline 0.004 -19"><span class='ocrx_word' id='word_1_144' title='bbox 1058 1054 1117 1125; x_wconf 90' lang='lat' dir='ltr'>spei</span> <span class='ocrx_word' id='word_1_145' title='bbox 1131 1053 1267 1108; x_wconf 88' lang='lat' dir='ltr'>destituta</span> <span class='ocrx_word' id='word_1_146' title='bbox 1279 1054 1396 1121; x_wconf 90' lang='lat' dir='ltr'>solatiis,</span> <span class='ocrx_word' id='word_1_147' title='bbox 1413 1055 1518 1125; x_wconf 84' lang='lat' dir='ltr'>linguae</span> <span class='ocrx_word' id='word_1_148' title='bbox 1534 1070 1635 1109; x_wconf 85' lang='lat' dir='ltr'>careus</span> <span class='ocrx_word' id='word_1_149' title='bbox 1651 1055 1760 1123; x_wconf 82' lang='lat' dir='ltr'>officiis,</span> <span class='ocrx_word' id='word_1_150' title='bbox 1772 1071 1826 1126; x_wconf 87' lang='lat' dir='ltr'>per</span> <span class='ocrx_word' id='word_1_151' title='bbox 1835 1055 1877 1110; x_wconf 87' lang='lat' dir='ltr'>bi-</span> 
     </span>
     <span class='ocr_line' id='line_1_22' title="bbox 1058 1147 1877 1221; baseline 0.001 -19"><span class='ocrx_word' id='word_1_152' title='bbox 1058 1147 1146 1202; x_wconf 91' lang='lat' dir='ltr'>duum</span> <span class='ocrx_word' id='word_1_153' title='bbox 1151 1147 1213 1218; x_wconf 79' lang='lat' dir='ltr'>J&#39;am</span> <span class='ocrx_word' id='word_1_154' title='bbox 1222 1151 1311 1215; x_wconf 89' lang='lat' dir='ltr'>muta,</span> <span class='ocrx_word' id='word_1_155' title='bbox 1321 1147 1422 1218; x_wconf 88' lang='lat' dir='ltr'>spiritu</span> <span class='ocrx_word' id='word_1_156' title='bbox 1433 1147 1583 1202; x_wconf 85' lang='lat' dir='ltr'>deficiente</span> <span class='ocrx_word' id='word_1_157' title='bbox 1593 1147 1777 1215; x_wconf 89' lang='lat' dir='ltr'>decumbens,</span> <span class='ocrx_word' id='word_1_158' title='bbox 1788 1165 1877 1221; x_wconf 86' lang='lat' dir='ltr'>appa-</span> 
     </span>
     <span class='ocr_line' id='line_1_23' title="bbox 1058 1240 1877 1314; baseline 0.001 -19"><span class='ocrx_word' id='word_1_159' title='bbox 1058 1240 1126 1295; x_wconf 91' lang='lat' dir='ltr'>ratis</span> <span class='ocrx_word' id='word_1_160' title='bbox 1141 1241 1281 1311; x_wconf 83' lang='lat' dir='ltr'>exsequiis</span> <span class='ocrx_word' id='word_1_161' title='bbox 1287 1241 1349 1311; x_wconf 84' lang='lat' dir='ltr'>jam</span> <span class='ocrx_word' id='word_1_162' title='bbox 1362 1241 1521 1312; x_wconf 76' lang='lat' dir='ltr'>palpitabat</span> <span class='ocrx_word' id='word_1_163' title='bbox 1532 1240 1680 1295; x_wconf 86' lang='lat' dir='ltr'>exanimis.</span> <span class='ocrx_word' id='word_1_164' title='bbox 1692 1242 1742 1297; x_wconf 88' lang='lat' dir='ltr'>Cui</span> <span class='ocrx_word' id='word_1_165' title='bbox 1753 1241 1877 1314; x_wconf 87' lang='lat' dir='ltr'>eulogiis</span> 
     </span>
     <span class='ocr_line' id='line_1_24' title="bbox 1057 1334 1877 1407; baseline 0 -19"><span class='ocrx_word' id='word_1_166' title='bbox 1057 1351 1109 1405; x_wconf 88' lang='lat' dir='ltr'>per</span> <span class='ocrx_word' id='word_1_167' title='bbox 1119 1334 1317 1405; x_wconf 72' lang='lat' dir='ltr'>presbyterum</span> <span class='ocrx_word' id='word_1_168' title='bbox 1328 1350 1412 1389; x_wconf 91' lang='lat' dir='ltr'>suum</span> <span class='ocrx_word' id='word_1_169' title='bbox 1421 1334 1535 1388; x_wconf 90' lang='lat' dir='ltr'>directis</span> <span class='ocrx_word' id='word_1_170' title='bbox 1544 1336 1573 1388; x_wconf 91' lang='lat' dir='ltr'>el</span> <span class='ocrx_word' id='word_1_171' title='bbox 1580 1334 1721 1389; x_wconf 89' lang='lat' dir='ltr'>violenter</span> <span class='ocrx_word' id='word_1_172' title='bbox 1729 1334 1877 1407; x_wconf 89' lang='lat' dir='ltr'>adapertis</span> 
     </span>
     <span class='ocr_line' id='line_1_25' title="bbox 1057 1427 1874 1499; baseline 0 -17"><span class='ocrx_word' id='word_1_173' title='bbox 1057 1430 1240 1499; x_wconf 75' lang='lat' dir='ltr'>praemortuae</span> <span class='ocrx_word' id='word_1_174' title='bbox 1253 1427 1386 1482; x_wconf 77' lang='lat' dir='ltr'>dentibus</span> <span class='ocrx_word' id='word_1_175' title='bbox 1400 1427 1431 1482; x_wconf 95' lang='grc' dir='ltr'>ιιι</span> <span class='ocrx_word' id='word_1_176' title='bbox 1442 1443 1492 1482; x_wconf 92' lang='lat' dir='ltr'>ore</span> <span class='ocrx_word' id='word_1_177' title='bbox 1503 1427 1673 1498; x_wconf 71' lang='lat' dir='ltr'>transjectis,</span> <span class='ocrx_word' id='word_1_178' title='bbox 1685 1443 1751 1482; x_wconf 83' lang='lat' dir='ltr'>mox</span> <span class='ocrx_word' id='word_1_179' title='bbox 1767 1431 1799 1482; x_wconf 93' lang='lat' dir='ltr'>ut</span> <span class='ocrx_word' id='word_1_180' title='bbox 1809 1428 1874 1482; x_wconf 89' lang='lat' dir='ltr'>fau·</span> 
     </span>
     <span class='ocr_line' id='line_1_26' title="bbox 1058 1520 1875 1592; baseline 0.001 -17"><span class='ocrx_word' id='word_1_181' title='bbox 1058 1537 1104 1575; x_wconf 91' lang='lat' dir='ltr'>ces</span> <span class='ocrx_word' id='word_1_182' title='bbox 1127 1520 1268 1575; x_wconf 78' lang='lat' dir='ltr'>semivivae</span> <span class='ocrx_word' id='word_1_183' title='bbox 1293 1520 1387 1592; x_wconf 91' lang='lat' dir='ltr'>liquor</span> <span class='ocrx_word' id='word_1_184' title='bbox 1409 1520 1620 1575; x_wconf 88' lang='lat' dir='ltr'>benedictionis</span> <span class='ocrx_word' id='word_1_185' title='bbox 1640 1521 1759 1588; x_wconf 92' lang='lat' dir='ltr'>introiit,</span> <span class='ocrx_word' id='word_1_186' title='bbox 1776 1521 1875 1576; x_wconf 89' lang='lat' dir='ltr'>statim</span> 
     </span>
     <span class='ocr_line' id='line_1_27' title="bbox 1057 1613 1875 1686; baseline -0.001 -16"><span class='ocrx_word' id='word_1_187' title='bbox 1057 1615 1157 1686; x_wconf 91' lang='lat' dir='ltr'>incipit</span> <span class='ocrx_word' id='word_1_188' title='bbox 1172 1617 1345 1686; x_wconf 62' lang='lat' dir='ltr'>praemortua</span> <span class='ocrx_word' id='word_1_189' title='bbox 1359 1613 1423 1668; x_wconf 81' lang='lat' dir='ltr'>vitae</span> <span class='ocrx_word' id='word_1_190' title='bbox 1435 1614 1550 1668; x_wconf 89' lang='lat' dir='ltr'>flatibus</span> <span class='ocrx_word' id='word_1_191' title='bbox 1560 1614 1706 1682; x_wconf 85' lang='lat' dir='ltr'>arrhelare,</span> <span class='ocrx_word' id='word_1_192' title='bbox 1718 1615 1791 1669; x_wconf 92' lang='lat' dir='ltr'>oculi</span> <span class='ocrx_word' id='word_1_193' title='bbox 1803 1631 1875 1669; x_wconf 89' lang='lat' dir='ltr'>nece</span> 
     </span>
    </p>
   </div>
   <div class='ocr_carea' id='block_1_4' title="bbox 191 1706 1877 4584">
    <p class='ocr_par' dir='ltr' id='par_1_5' title="bbox 191 1706 1877 4584">
     <span class='ocr_line' id='line_1_28' title="bbox 191 1706 1876 1779; baseline -0.001 -18"><span class='ocrx_word' id='word_1_194' title='bbox 191 1706 323 1761; x_wconf 76' lang='lat' dir='ltr'>Ecclesia</span> <span class='ocrx_word' id='word_1_195' title='bbox 349 1707 547 1762; x_wconf 89' lang='lat' dir='ltr'>Theodcberto</span> <span class='ocrx_word' id='word_1_196' title='bbox 575 1707 638 1778; x_wconf 89' lang='lat' dir='ltr'>regi</span> <span class='ocrx_word' id='word_1_197' title='bbox 662 1707 809 1763; x_wconf 79' lang='lat' dir='ltr'>Cabillone</span> <span class='ocrx_word' id='word_1_198' title='bbox 833 1707 1005 1760; x_wconf 89' lang='lat' dir='ltr'>occurreret.</span> <span class='ocrx_word' id='word_1_199' title='bbox 1058 1708 1187 1779; x_wconf 71' lang='lat' dir='ltr'>praeclusi</span> <span class='ocrx_word' id='word_1_200' title='bbox 1200 1709 1297 1761; x_wconf 91' lang='lat' dir='ltr'>lumen</span> <span class='ocrx_word' id='word_1_201' title='bbox 1312 1707 1368 1761; x_wconf 91' lang='lat' dir='ltr'>diei</span> <span class='ocrx_word' id='word_1_202' title='bbox 1382 1707 1541 1777; x_wconf 88' lang='lat' dir='ltr'>requirere,</span> <span class='ocrx_word' id='word_1_203' title='bbox 1554 1708 1585 1761; x_wconf 91' lang='lat' dir='ltr'>ut</span> <span class='ocrx_word' id='word_1_204' title='bbox 1597 1708 1805 1778; x_wconf 87' lang='lat' dir='ltr'>postfunerum</span> <span class='ocrx_word' id='word_1_205' title='bbox 1816 1708 1876 1778; x_wconf 89' lang='lat' dir='ltr'>pal·</span> 
     </span>
     <span class='ocr_line' id='line_1_29' title="bbox 191 1778 1876 1871; baseline -0.001 -17"><span class='ocrx_word' id='word_1_206' title='bbox 191 1799 300 1854; x_wconf 78' lang='lat' dir='ltr'>Memor</span> <span class='ocrx_word' id='word_1_207' title='bbox 318 1801 408 1854; x_wconf 86' lang='lat' dir='ltr'>sancti</span> <span class='ocrx_word' id='word_1_208' title='bbox 428 1800 629 1871; x_wconf 72' lang='lat' dir='ltr'>symphoriani</span> <span class='ocrx_word' id='word_1_209' title='bbox 647 1801 676 1855; x_wconf 93' lang='lat' dir='ltr'>in</span> <span class='ocrx_word' id='word_1_210' title='bbox 696 1800 828 1871; x_wconf 88' lang='lat' dir='ltr'>ingressu</span> <span class='ocrx_word' id='word_1_211' title='bbox 843 1798 952 1870; x_wconf 87' lang='lat' dir='ltr'>palatii,</span> <span class='ocrx_word' id='word_1_212' title='bbox 967 1778 1045 1853; x_wconf 80' lang='lat' dir='ltr'>itaC</span> <span class='ocrx_word' id='word_1_213' title='bbox 1059 1803 1148 1856; x_wconf 90' lang='lat' dir='ltr'>forem</span> <span class='ocrx_word' id='word_1_214' title='bbox 1173 1801 1260 1855; x_wconf 77' lang='lat' dir='ltr'>facies</span> <span class='ocrx_word' id='word_1_215' title='bbox 1282 1801 1311 1855; x_wconf 93' lang='lat' dir='ltr'>in</span> <span class='ocrx_word' id='word_1_216' title='bbox 1329 1801 1464 1854; x_wconf 89' lang='lat' dir='ltr'>ruborem</span> <span class='ocrx_word' id='word_1_217' title='bbox 1488 1800 1632 1867; x_wconf 85' lang='lat' dir='ltr'>transiret,</span> <span class='ocrx_word' id='word_1_218' title='bbox 1655 1800 1747 1854; x_wconf 88' lang='lat' dir='ltr'>donec</span> <span class='ocrx_word' id='word_1_219' title='bbox 1765 1799 1876 1855; x_wconf 92' lang='lat' dir='ltr'>cunctis</span> 
     </span>
     <span class='ocr_line' id='line_1_30' title="bbox 193 1892 1876 1965; baseline -0.001 -17"><span class='ocrx_word' id='word_1_220' title='bbox 193 1892 299 1962; x_wconf 88' lang='lat' dir='ltr'>Spiritu</span> <span class='ocrx_word' id='word_1_221' title='bbox 315 1893 364 1947; x_wconf 88' lang='lat' dir='ltr'>Dei</span> <span class='ocrx_word' id='word_1_222' title='bbox 378 1893 559 1948; x_wconf 85' lang='lat' dir='ltr'>redundante</span> <span class='ocrx_word' id='word_1_223' title='bbox 576 1895 686 1949; x_wconf 86' lang='lat' dir='ltr'>locutus</span> <span class='ocrx_word' id='word_1_224' title='bbox 699 1897 751 1960; x_wconf 87' lang='lat' dir='ltr'>est,</span> <span class='ocrx_word' id='word_1_225' title='bbox 768 1896 878 1946; x_wconf 83' lang='lat' dir='ltr'>utente</span> <span class='ocrx_word' id='word_1_226' title='bbox 893 1908 942 1945; x_wconf 89' lang='lat' dir='ltr'>rex</span> <span class='ocrx_word' id='word_1_227' title='bbox 955 1908 1007 1945; x_wconf 89' lang='lat' dir='ltr'>an-</span> <span class='ocrx_word' id='word_1_228' title='bbox 1058 1895 1237 1965; x_wconf 88' lang='lat' dir='ltr'>stupentihus</span> <span class='ocrx_word' id='word_1_229' title='bbox 1252 1893 1391 1948; x_wconf 75' lang='lat' dir='ltr'>vivificata</span> <span class='ocrx_word' id='word_1_230' title='bbox 1404 1896 1600 1964; x_wconf 87' lang='lat' dir='ltr'>consurgeret,</span> <span class='ocrx_word' id='word_1_231' title='bbox 1616 1897 1645 1947; x_wconf 92' lang='lat' dir='ltr'>et</span> <span class='ocrx_word' id='word_1_232' title='bbox 1657 1893 1876 1947; x_wconf 83' lang='lat' dir='ltr'>circumstantes</span> 
     </span>
     <span class='ocr_line' id='line_1_31' title="bbox 193 1985 1875 2058; baseline 0.001 -20"><span class='ocrx_word' id='word_1_233' title='bbox 193 1989 304 2052; x_wconf 86' lang='lat' dir='ltr'>nueret,</span> <span class='ocrx_word' id='word_1_234' title='bbox 322 2003 409 2057; x_wconf 88' lang='lat' dir='ltr'>quam</span> <span class='ocrx_word' id='word_1_235' title='bbox 430 1987 517 2041; x_wconf 84' lang='lat' dir='ltr'>verim</span> <span class='ocrx_word' id='word_1_236' title='bbox 535 1987 641 2058; x_wconf 90' lang='lat' dir='ltr'>petitor</span> <span class='ocrx_word' id='word_1_237' title='bbox 658 1987 821 2058; x_wconf 86' lang='lat' dir='ltr'>explicaret.</span> <span class='ocrx_word' id='word_1_238' title='bbox 839 1985 889 2042; x_wconf 86' lang='lat' dir='ltr'>Cui</span> <span class='ocrx_word' id='word_1_239' title='bbox 910 1989 939 2039; x_wconf 91' lang='lat' dir='ltr'>et</span> <span class='ocrx_word' id='word_1_240' title='bbox 958 2000 1007 2039; x_wconf 93' lang='lat' dir='ltr'>ore</span> <span class='ocrx_word' id='word_1_241' title='bbox 1059 1991 1205 2043; x_wconf 83' lang='lat' dir='ltr'>auctorem</span> <span class='ocrx_word' id='word_1_242' title='bbox 1227 1986 1355 2041; x_wconf 90' lang='lat' dir='ltr'>muneris</span> <span class='ocrx_word' id='word_1_243' title='bbox 1374 1986 1497 2057; x_wconf 86' lang='lat' dir='ltr'>gratiam</span> <span class='ocrx_word' id='word_1_244' title='bbox 1514 1986 1713 2057; x_wconf 73' lang='lat' dir='ltr'>praedicarent.</span> <span class='ocrx_word' id='word_1_245' title='bbox 1731 1987 1800 2050; x_wconf 82' lang='lat' dir='ltr'>Quae</span> <span class='ocrx_word' id='word_1_246' title='bbox 1816 1987 1875 2041; x_wconf 90' lang='lat' dir='ltr'>sin-</span> 
     </span>
     <span class='ocr_line' id='line_1_32' title="bbox 192 2077 1738 2152; baseline 0 -20"><span class='ocrx_word' id='word_1_247' title='bbox 192 2079 359 2150; x_wconf 90' lang='lat' dir='ltr'>prophetico</span> <span class='ocrx_word' id='word_1_248' title='bbox 384 2079 471 2134; x_wconf 89' lang='lat' dir='ltr'>finem</span> <span class='ocrx_word' id='word_1_249' title='bbox 498 2080 568 2135; x_wconf 89' lang='lat' dir='ltr'>dixit</span> <span class='ocrx_word' id='word_1_250' title='bbox 592 2081 626 2135; x_wconf 90' lang='lat' dir='ltr'>de</span> <span class='ocrx_word' id='word_1_251' title='bbox 650 2080 781 2134; x_wconf 88' lang='lat' dir='ltr'>transitu.</span> <span class='ocrx_word' id='word_1_252' title='bbox 803 2079 885 2143; x_wconf 85' lang='lat' dir='ltr'>Quod</span> <span class='ocrx_word' id='word_1_253' title='bbox 912 2077 1008 2148; x_wconf 89' lang='lat' dir='ltr'>paucis</span> <span class='ocrx_word' id='word_1_254' title='bbox 1059 2080 1132 2152; x_wconf 88' lang='lat' dir='ltr'>gulis</span> <span class='ocrx_word' id='word_1_255' title='bbox 1145 2079 1227 2135; x_wconf 89' lang='lat' dir='ltr'>annis</span> <span class='ocrx_word' id='word_1_256' title='bbox 1243 2080 1382 2134; x_wconf 90' lang='lat' dir='ltr'>tributum</span> <span class='ocrx_word' id='word_1_257' title='bbox 1395 2079 1459 2133; x_wconf 79' lang='lat' dir='ltr'>vitm</span> <span class='ocrx_word' id='word_1_258' title='bbox 1474 2079 1556 2134; x_wconf 84' lang='lat' dir='ltr'>solvit</span> <span class='ocrx_word' id='word_1_259' title='bbox 1572 2096 1622 2150; x_wconf 88' lang='lat' dir='ltr'>pro</span> <span class='ocrx_word' id='word_1_260' title='bbox 1636 2080 1738 2150; x_wconf 88' lang='lat' dir='ltr'>pretio.</span> 
     </span>
     <span class='ocr_line' id='line_1_33' title="bbox 192 2170 1877 2244; baseline 0 -18"><span class='ocrx_word' id='word_1_261' title='bbox 192 2171 308 2226; x_wconf 90' lang='lat' dir='ltr'>interim</span> <span class='ocrx_word' id='word_1_262' title='bbox 332 2171 432 2227; x_wconf 88' lang='lat' dir='ltr'>dicbus</span> <span class='ocrx_word' id='word_1_263' title='bbox 449 2171 486 2244; x_wconf 78' lang='lat' dir='ltr'>(o)</span> <span class='ocrx_word' id='word_1_264' title='bbox 509 2173 577 2227; x_wconf 85' lang='grc' dir='ltr'>ιιιιιιι</span> <span class='ocrx_word' id='word_1_265' title='bbox 600 2173 636 2226; x_wconf 89' lang='lat' dir='ltr'>ad</span> <span class='ocrx_word' id='word_1_266' title='bbox 660 2173 785 2227; x_wconf 84' lang='lat' dir='ltr'>Rhemos</span> <span class='ocrx_word' id='word_1_267' title='bbox 809 2171 957 2238; x_wconf 89' lang='lat' dir='ltr'>remeavit,</span> <span class='ocrx_word' id='word_1_268' title='bbox 978 2170 1008 2224; x_wconf 92' lang='lat' dir='ltr'>in</span> <span class='ocrx_word' id='word_1_269' title='bbox 1092 2175 1146 2229; x_wconf 86' lang='lat' dir='ltr'>Xll.</span> <span class='ocrx_word' id='word_1_270' title='bbox 1158 2175 1299 2229; x_wconf 83' lang='lat' dir='ltr'>Caeterum</span> <span class='ocrx_word' id='word_1_271' title='bbox 1312 2172 1521 2226; x_wconf 83' lang='lat' dir='ltr'>revelationum</span> <span class='ocrx_word' id='word_1_272' title='bbox 1532 2189 1648 2227; x_wconf 90' lang='lat' dir='ltr'>suarum</span> <span class='ocrx_word' id='word_1_273' title='bbox 1660 2173 1722 2244; x_wconf 91' lang='lat' dir='ltr'>quis</span> <span class='ocrx_word' id='word_1_274' title='bbox 1732 2176 1877 2228; x_wconf 88' lang='lat' dir='ltr'>scrutator</span> 
     </span>
     <span class='ocr_line' id='line_1_34' title="bbox 193 2263 1875 2337; baseline 0.001 -19"><span class='ocrx_word' id='word_1_275' title='bbox 193 2264 254 2334; x_wconf 89' lang='lat' dir='ltr'>ipso</span> <span class='ocrx_word' id='word_1_276' title='bbox 271 2265 373 2319; x_wconf 90' lang='lat' dir='ltr'>itinere</span> <span class='ocrx_word' id='word_1_277' title='bbox 388 2282 438 2320; x_wconf 88' lang='lat' dir='ltr'>rex</span> <span class='ocrx_word' id='word_1_278' title='bbox 453 2269 581 2320; x_wconf 88' lang='lat' dir='ltr'>extrema</span> <span class='ocrx_word' id='word_1_279' title='bbox 600 2270 677 2321; x_wconf 88' lang='lat' dir='ltr'>sorte</span> <span class='ocrx_word' id='word_1_280' title='bbox 691 2265 806 2331; x_wconf 88' lang='lat' dir='ltr'>defecit,</span> <span class='ocrx_word' id='word_1_281' title='bbox 821 2264 902 2335; x_wconf 89' lang='lat' dir='ltr'>quasi</span> <span class='ocrx_word' id='word_1_282' title='bbox 917 2263 1007 2318; x_wconf 88' lang='lat' dir='ltr'>sancti</span> <span class='ocrx_word' id='word_1_283' title='bbox 1058 2267 1192 2334; x_wconf 88' lang='lat' dir='ltr'>introeat,</span> <span class='ocrx_word' id='word_1_284' title='bbox 1208 2266 1254 2320; x_wconf 89' lang='lat' dir='ltr'>eui</span> <span class='ocrx_word' id='word_1_285' title='bbox 1269 2269 1336 2319; x_wconf 90' lang='lat' dir='ltr'>aute</span> <span class='ocrx_word' id='word_1_286' title='bbox 1352 2268 1476 2335; x_wconf 88' lang='lat' dir='ltr'>quatuor</span> <span class='ocrx_word' id='word_1_287' title='bbox 1489 2281 1632 2321; x_wconf 77' lang='grc' dir='ltr'>ιιιιιιοιιιιιι</span> <span class='ocrx_word' id='word_1_288' title='bbox 1648 2266 1798 2333; x_wconf 85' lang='lat' dir='ltr'>curricula,</span> <span class='ocrx_word' id='word_1_289' title='bbox 1814 2266 1875 2337; x_wconf 88' lang='lat' dir='ltr'>ipsa</span> 
     </span>
     <span class='ocr_line' id='line_1_35' title="bbox 192 2357 1875 2432; baseline 0.002 -22"><span class='ocrx_word' id='word_1_290' title='bbox 192 2357 249 2411; x_wconf 90' lang='lat' dir='ltr'>Viri</span> <span class='ocrx_word' id='word_1_291' title='bbox 263 2374 357 2412; x_wconf 89' lang='lat' dir='ltr'>sermo</span> <span class='ocrx_word' id='word_1_292' title='bbox 373 2358 465 2413; x_wconf 92' lang='lat' dir='ltr'>dictus</span> <span class='ocrx_word' id='word_1_293' title='bbox 477 2359 577 2413; x_wconf 89' lang='lat' dir='ltr'>fuisset</span> <span class='ocrx_word' id='word_1_294' title='bbox 592 2360 628 2412; x_wconf 87' lang='lat' dir='ltr'>ab</span> <span class='ocrx_word' id='word_1_295' title='bbox 643 2360 758 2430; x_wconf 90' lang='lat' dir='ltr'>angelo.</span> <span class='ocrx_word' id='word_1_296' title='bbox 1059 2361 1238 2432; x_wconf 84' lang='lat' dir='ltr'>episcopatus</span> <span class='ocrx_word' id='word_1_297' title='bbox 1259 2359 1300 2413; x_wconf 90' lang='lat' dir='ltr'>sui</span> <span class='ocrx_word' id='word_1_298' title='bbox 1321 2375 1406 2413; x_wconf 90' lang='lat' dir='ltr'>causa</span> <span class='ocrx_word' id='word_1_299' title='bbox 1429 2375 1487 2412; x_wconf 91' lang='lat' dir='ltr'>uon</span> <span class='ocrx_word' id='word_1_300' title='bbox 1508 2363 1551 2413; x_wconf 86' lang='lat' dir='ltr'>est</span> <span class='ocrx_word' id='word_1_301' title='bbox 1567 2358 1757 2413; x_wconf 76' lang='lat' dir='ltr'>abscondita?</span> <span class='ocrx_word' id='word_1_302' title='bbox 1776 2361 1875 2430; x_wconf 85' lang='lat' dir='ltr'>ltaque</span> 
     </span>
     <span class='ocr_line' id='line_1_36' title="bbox 228 2449 1876 2525; baseline -0.001 -19"><span class='ocrx_word' id='word_1_303' title='bbox 228 2452 269 2506; x_wconf 82' lang='lat' dir='ltr'>lx.</span> <span class='ocrx_word' id='word_1_304' title='bbox 283 2452 316 2504; x_wconf 82' lang='lat' dir='ltr'>Et</span> <span class='ocrx_word' id='word_1_305' title='bbox 329 2451 467 2521; x_wconf 86' lang='lat' dir='ltr'>quoniam</span> <span class='ocrx_word' id='word_1_306' title='bbox 481 2452 646 2506; x_wconf 87' lang='lat' dir='ltr'>beatissimo</span> <span class='ocrx_word' id='word_1_307' title='bbox 660 2455 722 2507; x_wconf 88' lang='lat' dir='ltr'>erat</span> <span class='ocrx_word' id='word_1_308' title='bbox 736 2451 877 2506; x_wconf 77' lang='lat' dir='ltr'>lentiliaco</span> <span class='ocrx_word' id='word_1_309' title='bbox 894 2451 923 2504; x_wconf 88' lang='lat' dir='ltr'>in</span> <span class='ocrx_word' id='word_1_310' title='bbox 937 2449 1009 2504; x_wconf 87' lang='lat' dir='ltr'>basi·</span> <span class='ocrx_word' id='word_1_311' title='bbox 1059 2454 1167 2525; x_wconf 84' lang='lat' dir='ltr'>positus</span> <span class='ocrx_word' id='word_1_312' title='bbox 1189 2453 1218 2506; x_wconf 95' lang='lat' dir='ltr'>in</span> <span class='ocrx_word' id='word_1_313' title='bbox 1240 2468 1353 2522; x_wconf 88' lang='lat' dir='ltr'>sopore,</span> <span class='ocrx_word' id='word_1_314' title='bbox 1369 2450 1482 2521; x_wconf 86' lang='lat' dir='ltr'>inspicit</span> <span class='ocrx_word' id='word_1_315' title='bbox 1504 2468 1520 2504; x_wconf 90' lang='lat' dir='ltr'>a</span> <span class='ocrx_word' id='word_1_316' title='bbox 1544 2452 1670 2522; x_wconf 88' lang='lat' dir='ltr'>quodam</span> <span class='ocrx_word' id='word_1_317' title='bbox 1691 2469 1760 2506; x_wconf 90' lang='lat' dir='ltr'>sene</span> <span class='ocrx_word' id='word_1_318' title='bbox 1782 2453 1876 2507; x_wconf 82' lang='lat' dir='ltr'>claves</span> 
     </span>
     <span class='ocr_line' id='line_1_37' title="bbox 194 2544 1875 2617; baseline 0.001 -20"><span class='ocrx_word' id='word_1_319' title='bbox 194 2544 246 2598; x_wconf 88' lang='lat' dir='ltr'>lieo</span> <span class='ocrx_word' id='word_1_320' title='bbox 259 2544 349 2598; x_wconf 87' lang='lat' dir='ltr'>sancti</span> <span class='ocrx_word' id='word_1_321' title='bbox 363 2544 566 2616; x_wconf 74' lang='lat' dir='ltr'>Symphoriani</span> <span class='ocrx_word' id='word_1_322' title='bbox 579 2546 631 2599; x_wconf 87' lang='lat' dir='ltr'>soh</span> <span class='ocrx_word' id='word_1_323' title='bbox 643 2545 754 2616; x_wconf 78' lang='lat' dir='ltr'>vigilias</span> <span class='ocrx_word' id='word_1_324' title='bbox 765 2544 879 2609; x_wconf 87' lang='lat' dir='ltr'>ducere,</span> <span class='ocrx_word' id='word_1_325' title='bbox 892 2546 1009 2597; x_wconf 88' lang='lat' dir='ltr'>euntem</span> <span class='ocrx_word' id='word_1_326' title='bbox 1059 2548 1111 2601; x_wconf 88' lang='lat' dir='ltr'>sihi</span> <span class='ocrx_word' id='word_1_327' title='bbox 1127 2549 1216 2617; x_wconf 70' lang='lat' dir='ltr'>portus</span> <span class='ocrx_word' id='word_1_328' title='bbox 1230 2545 1378 2600; x_wconf 75' lang='lat' dir='ltr'>Parisiacce</span> <span class='ocrx_word' id='word_1_329' title='bbox 1398 2544 1516 2615; x_wconf 85' lang='lat' dir='ltr'>porrigi.</span> <span class='ocrx_word' id='word_1_330' title='bbox 1532 2546 1715 2615; x_wconf 85' lang='lat' dir='ltr'>lntcrrognns</span> <span class='ocrx_word' id='word_1_331' title='bbox 1731 2545 1800 2616; x_wconf 90' lang='lat' dir='ltr'>quid</span> <span class='ocrx_word' id='word_1_332' title='bbox 1820 2546 1875 2599; x_wconf 85' lang='lat' dir='ltr'>troc</span> 
     </span>
     <span class='ocr_line' id='line_1_38' title="bbox 193 2635 1873 2709; baseline 0 -18"><span class='ocrx_word' id='word_1_333' title='bbox 193 2653 259 2691; x_wconf 90' lang='lat' dir='ltr'>eum</span> <span class='ocrx_word' id='word_1_334' title='bbox 281 2638 441 2692; x_wconf 86' lang='lat' dir='ltr'>monachus</span> <span class='ocrx_word' id='word_1_335' title='bbox 461 2638 604 2708; x_wconf 72' lang='lat' dir='ltr'>Sylvester</span> <span class='ocrx_word' id='word_1_336' title='bbox 625 2638 815 2709; x_wconf 79' lang='lat' dir='ltr'>prosequitur.</span> <span class='ocrx_word' id='word_1_337' title='bbox 835 2639 869 2690; x_wconf 87' lang='lat' dir='ltr'>Et</span> <span class='ocrx_word' id='word_1_338' title='bbox 887 2635 1007 2706; x_wconf 85' lang='lat' dir='ltr'>ingressi</span> <span class='ocrx_word' id='word_1_339' title='bbox 1058 2641 1150 2703; x_wconf 89' lang='lat' dir='ltr'>fieret,</span> <span class='ocrx_word' id='word_1_340' title='bbox 1175 2639 1285 2708; x_wconf 83' lang='lat' dir='ltr'>accepit</span> <span class='ocrx_word' id='word_1_341' title='bbox 1310 2653 1490 2708; x_wconf 81' lang='lat' dir='ltr'>responsruu,</span> <span class='ocrx_word' id='word_1_342' title='bbox 1515 2640 1545 2690; x_wconf 93' lang='lat' dir='ltr'>ut</span> <span class='ocrx_word' id='word_1_343' title='bbox 1571 2639 1662 2692; x_wconf 82' lang='lat' dir='ltr'>salvas</span> <span class='ocrx_word' id='word_1_344' title='bbox 1684 2655 1732 2691; x_wconf 83' lang='lat' dir='ltr'>cas</span> <span class='ocrx_word' id='word_1_345' title='bbox 1755 2639 1873 2692; x_wconf 83' lang='lat' dir='ltr'>faceret.</span> 
     </span>
     <span class='ocr_line' id='line_1_39' title="bbox 191 2729 1874 2803; baseline 0.001 -20"><span class='ocrx_word' id='word_1_346' title='bbox 191 2729 302 2800; x_wconf 83' lang='lat' dir='ltr'>pariter</span> <span class='ocrx_word' id='word_1_347' title='bbox 325 2730 360 2783; x_wconf 90' lang='lat' dir='ltr'>ad</span> <span class='ocrx_word' id='word_1_348' title='bbox 383 2731 473 2784; x_wconf 76' lang='lat' dir='ltr'>salicti</span> <span class='ocrx_word' id='word_1_349' title='bbox 494 2732 628 2801; x_wconf 67' lang='lat' dir='ltr'>nrorlyris</span> <span class='ocrx_word' id='word_1_350' title='bbox 647 2732 799 2798; x_wconf 90' lang='lat' dir='ltr'>tumulum,</span> <span class='ocrx_word' id='word_1_351' title='bbox 821 2730 895 2784; x_wconf 88' lang='lat' dir='ltr'>circa</span> <span class='ocrx_word' id='word_1_352' title='bbox 918 2729 1009 2783; x_wconf 87' lang='lat' dir='ltr'>noctis</span> <span class='ocrx_word' id='word_1_353' title='bbox 1060 2733 1141 2798; x_wconf 83' lang='lat' dir='ltr'>Quod</span> <span class='ocrx_word' id='word_1_354' title='bbox 1154 2735 1219 2803; x_wconf 90' lang='lat' dir='ltr'>post</span> <span class='ocrx_word' id='word_1_355' title='bbox 1231 2730 1351 2785; x_wconf 81' lang='lat' dir='ltr'>civitatis</span> <span class='ocrx_word' id='word_1_356' title='bbox 1364 2732 1425 2802; x_wconf 77' lang='lat' dir='ltr'>eJus</span> <span class='ocrx_word' id='word_1_357' title='bbox 1439 2730 1615 2802; x_wconf 69' lang='lat' dir='ltr'>episcopel‘c)</span> <span class='ocrx_word' id='word_1_358' title='bbox 1629 2731 1787 2785; x_wconf 80' lang='lat' dir='ltr'>decedente</span> <span class='ocrx_word' id='word_1_359' title='bbox 1805 2731 1874 2786; x_wconf 92' lang='lat' dir='ltr'>dum</span> 
     </span>
     <span class='ocr_line' id='line_1_40' title="bbox 192 2822 1877 2897; baseline 0.001 -21"><span class='ocrx_word' id='word_1_360' title='bbox 192 2822 321 2877; x_wconf 91' lang='lat' dir='ltr'>medium</span> <span class='ocrx_word' id='word_1_361' title='bbox 333 2823 367 2877; x_wconf 86' lang='lat' dir='ltr'>ab</span> <span class='ocrx_word' id='word_1_362' title='bbox 380 2823 462 2878; x_wconf 90' lang='lat' dir='ltr'>altari</span> <span class='ocrx_word' id='word_1_363' title='bbox 474 2825 628 2878; x_wconf 88' lang='lat' dir='ltr'>tumultum</span> <span class='ocrx_word' id='word_1_364' title='bbox 637 2825 871 2895; x_wconf 81' lang='lat' dir='ltr'>frequentantem</span> <span class='ocrx_word' id='word_1_365' title='bbox 879 2838 1009 2876; x_wconf 79' lang='lat' dir='ltr'>iuniores</span> <span class='ocrx_word' id='word_1_366' title='bbox 1058 2825 1321 2897; x_wconf 84' lang='lat' dir='ltr'>p1·u·cellentissimo</span> <span class='ocrx_word' id='word_1_367' title='bbox 1332 2824 1393 2895; x_wconf 87' lang='lat' dir='ltr'>regi</span> <span class='ocrx_word' id='word_1_368' title='bbox 1402 2824 1584 2879; x_wconf 77' lang='lat' dir='ltr'>tlhildcberto</span> <span class='ocrx_word' id='word_1_369' title='bbox 1594 2828 1765 2890; x_wconf 86' lang='lat' dir='ltr'>occurreret,</span> <span class='ocrx_word' id='word_1_370' title='bbox 1774 2824 1803 2878; x_wconf 88' lang='lat' dir='ltr'>in</span> <span class='ocrx_word' id='word_1_371' title='bbox 1814 2824 1877 2895; x_wconf 87' lang='lat' dir='ltr'>ejus</span> 
     </span>
     <span class='ocr_line' id='line_1_41' title="bbox 193 2915 1876 2988; baseline 0.001 -18"><span class='ocrx_word' id='word_1_372' title='bbox 193 2915 345 2987; x_wconf 88' lang='lat' dir='ltr'>accipiunt,</span> <span class='ocrx_word' id='word_1_373' title='bbox 361 2919 500 2986; x_wconf 85' lang='lat' dir='ltr'>tanquam</span> <span class='ocrx_word' id='word_1_374' title='bbox 515 2917 537 2970; x_wconf 91' lang='lat' dir='ltr'>si</span> <span class='ocrx_word' id='word_1_375' title='bbox 551 2917 732 2987; x_wconf 89' lang='lat' dir='ltr'>adrapinam</span> <span class='ocrx_word' id='word_1_376' title='bbox 748 2917 867 2970; x_wconf 86' lang='lat' dir='ltr'>collecta</span> <span class='ocrx_word' id='word_1_377' title='bbox 881 2917 1010 2969; x_wconf 87' lang='lat' dir='ltr'>curreret</span> <span class='ocrx_word' id='word_1_378' title='bbox 1060 2919 1198 2973; x_wconf 88' lang='lat' dir='ltr'>electione</span> <span class='ocrx_word' id='word_1_379' title='bbox 1213 2918 1347 2972; x_wconf 87' lang='lat' dir='ltr'>effectum</span> <span class='ocrx_word' id='word_1_380' title='bbox 1358 2918 1406 2971; x_wconf 91' lang='lat' dir='ltr'>illa</span> <span class='ocrx_word' id='word_1_381' title='bbox 1416 2933 1468 2971; x_wconf 77' lang='lat' dir='ltr'>vox</span> <span class='ocrx_word' id='word_1_382' title='bbox 1479 2917 1648 2988; x_wconf 89' lang='lat' dir='ltr'>promeruit.</span> <span class='ocrx_word' id='word_1_383' title='bbox 1663 2917 1876 2988; x_wconf 78' lang='lat' dir='ltr'>Oralinatusque</span> 
     </span>
     <span class='ocr_line' id='line_1_42' title="bbox 193 3007 1876 3083; baseline 0.004 -24"><span class='ocrx_word' id='word_1_384' title='bbox 193 3008 356 3061; x_wconf 89' lang='lat' dir='ltr'>ruuftitudo.</span> <span class='ocrx_word' id='word_1_385' title='bbox 374 3007 500 3062; x_wconf 84' lang='lat' dir='ltr'>Credeus</span> <span class='ocrx_word' id='word_1_386' title='bbox 516 3009 593 3065; x_wconf 84' lang='lat' dir='ltr'>enirn</span> <span class='ocrx_word' id='word_1_387' title='bbox 614 3009 656 3062; x_wconf 84' lang='grc' dir='ltr'>ιιι·</span> <span class='ocrx_word' id='word_1_388' title='bbox 676 3009 726 3062; x_wconf 83' lang='lat' dir='ltr'>nei</span> <span class='ocrx_word' id='word_1_389' title='bbox 743 3008 847 3063; x_wconf 84' lang='lat' dir='ltr'>versari</span> <span class='ocrx_word' id='word_1_390' title='bbox 864 3009 1008 3062; x_wconf 88' lang='lat' dir='ltr'>latronum</span> <span class='ocrx_word' id='word_1_391' title='bbox 1059 3012 1186 3083; x_wconf 82' lang='lat' dir='ltr'>pontifex</span> <span class='ocrx_word' id='word_1_392' title='bbox 1197 3011 1288 3082; x_wconf 87' lang='lat' dir='ltr'>qualis</span> <span class='ocrx_word' id='word_1_393' title='bbox 1299 3016 1480 3082; x_wconf 88' lang='lat' dir='ltr'>quantusque</span> <span class='ocrx_word' id='word_1_394' title='bbox 1491 3028 1520 3065; x_wconf 88' lang='lat' dir='ltr'>se</span> <span class='ocrx_word' id='word_1_395' title='bbox 1532 3011 1661 3081; x_wconf 86' lang='lat' dir='ltr'>gesserit,</span> <span class='ocrx_word' id='word_1_396' title='bbox 1674 3011 1728 3065; x_wconf 94' lang='lat' dir='ltr'>hoc</span> <span class='ocrx_word' id='word_1_397' title='bbox 1740 3010 1876 3083; x_wconf 89' lang='lat' dir='ltr'>expedire</span> 
     </span>
     <span class='ocr_line' id='line_1_43' title="bbox 192 3099 1874 3176; baseline 0.004 -24"><span class='ocrx_word' id='word_1_398' title='bbox 192 3099 348 3164; x_wconf 89' lang='lat' dir='ltr'>incursum,</span> <span class='ocrx_word' id='word_1_399' title='bbox 365 3100 489 3171; x_wconf 86' lang='lat' dir='ltr'>imperat</span> <span class='ocrx_word' id='word_1_400' title='bbox 505 3102 648 3155; x_wconf 85' lang='lat' dir='ltr'>rnonaclm</span> <span class='ocrx_word' id='word_1_401' title='bbox 669 3104 736 3156; x_wconf 89' lang='lat' dir='ltr'>ante</span> <span class='ocrx_word' id='word_1_402' title='bbox 756 3102 918 3172; x_wconf 89' lang='lat' dir='ltr'>sepulcrum</span> <span class='ocrx_word' id='word_1_403' title='bbox 934 3103 1007 3170; x_wconf 89' lang='lat' dir='ltr'>psal·</span> <span class='ocrx_word' id='word_1_404' title='bbox 1060 3105 1157 3176; x_wconf 85' lang='lat' dir='ltr'>lingua</span> <span class='ocrx_word' id='word_1_405' title='bbox 1174 3104 1302 3159; x_wconf 86' lang='lat' dir='ltr'>mortalis</span> <span class='ocrx_word' id='word_1_406' title='bbox 1324 3121 1382 3159; x_wconf 92' lang='lat' dir='ltr'>non</span> <span class='ocrx_word' id='word_1_407' title='bbox 1399 3104 1512 3170; x_wconf 82' lang='lat' dir='ltr'>sufficit,</span> <span class='ocrx_word' id='word_1_408' title='bbox 1529 3103 1666 3174; x_wconf 87' lang='lat' dir='ltr'>quoniam</span> <span class='ocrx_word' id='word_1_409' title='bbox 1679 3121 1765 3174; x_wconf 87' lang='lat' dir='ltr'>supra</span> <span class='ocrx_word' id='word_1_410' title='bbox 1780 3104 1874 3158; x_wconf 90' lang='lat' dir='ltr'>homi·</span> 
     </span>
     <span class='ocr_line' id='line_1_44' title="bbox 194 3147 1875 3268; baseline 0.004 -22"><span class='ocrx_word' id='word_1_411' title='bbox 194 3194 261 3246; x_wconf 90' lang='lat' dir='ltr'>lere.</span> <span class='ocrx_word' id='word_1_412' title='bbox 277 3194 338 3264; x_wconf 92' lang='lat' dir='ltr'>lpse</span> <span class='ocrx_word' id='word_1_413' title='bbox 358 3210 425 3247; x_wconf 84' lang='lat' dir='ltr'>vero</span> <span class='ocrx_word' id='word_1_414' title='bbox 448 3194 558 3248; x_wconf 88' lang='lat' dir='ltr'>accedit</span> <span class='ocrx_word' id='word_1_415' title='bbox 573 3194 610 3248; x_wconf 88' lang='lat' dir='ltr'>ad</span> <span class='ocrx_word' id='word_1_416' title='bbox 625 3186 725 3249; x_wconf 80' lang='lat' dir='ltr'>altare.</span> <span class='ocrx_word' id='word_1_417' title='bbox 741 3195 849 3249; x_wconf 80' lang='lat' dir='ltr'>Dehinc</span> <span class='ocrx_word' id='word_1_418' title='bbox 863 3194 911 3248; x_wconf 90' lang='lat' dir='ltr'>illa</span> <span class='ocrx_word' id='word_1_419' title='bbox 925 3147 1047 3248; x_wconf 84' lang='lat' dir='ltr'>turhaB</span> <span class='ocrx_word' id='word_1_420' title='bbox 1060 3215 1126 3252; x_wconf 90' lang='lat' dir='ltr'>ncm</span> <span class='ocrx_word' id='word_1_421' title='bbox 1142 3199 1195 3252; x_wconf 90' lang='lat' dir='ltr'>fuit</span> <span class='ocrx_word' id='word_1_422' title='bbox 1208 3214 1294 3252; x_wconf 90' lang='lat' dir='ltr'>omne</span> <span class='ocrx_word' id='word_1_423' title='bbox 1310 3197 1387 3268; x_wconf 90' lang='lat' dir='ltr'>quod</span> <span class='ocrx_word' id='word_1_424' title='bbox 1406 3196 1504 3251; x_wconf 89' lang='lat' dir='ltr'>edidit.</span> <span class='ocrx_word' id='word_1_425' title='bbox 1524 3197 1652 3266; x_wconf 85' lang='lat' dir='ltr'>llenique</span> <span class='ocrx_word' id='word_1_426' title='bbox 1671 3197 1791 3267; x_wconf 87' lang='lat' dir='ltr'>adeptus</span> <span class='ocrx_word' id='word_1_427' title='bbox 1808 3214 1875 3267; x_wconf 84' lang='lat' dir='ltr'>gra·</span> 
     </span>
     <span class='ocr_line' id='line_1_45' title="bbox 194 3285 1876 3360; baseline 0.003 -21"><span class='ocrx_word' id='word_1_428' title='bbox 194 3285 230 3340; x_wconf 91' lang='lat' dir='ltr'>ad</span> <span class='ocrx_word' id='word_1_429' title='bbox 245 3287 487 3357; x_wconf 87' lang='lat' dir='ltr'>monachumque</span> <span class='ocrx_word' id='word_1_430' title='bbox 499 3287 1009 3359; x_wconf 78' lang='lat' dir='ltr'>psaltcbatalacriterpr·operat.Quo</span> <span class='ocrx_word' id='word_1_431' title='bbox 1059 3293 1128 3347; x_wconf 83' lang='grc' dir='ltr'>ιιιιιιι</span> <span class='ocrx_word' id='word_1_432' title='bbox 1144 3308 1219 3344; x_wconf 81' lang='lat' dir='ltr'>curm</span> <span class='ocrx_word' id='word_1_433' title='bbox 1235 3291 1396 3360; x_wconf 88' lang='lat' dir='ltr'>pastoralis,</span> <span class='ocrx_word' id='word_1_434' title='bbox 1413 3290 1450 3344; x_wconf 90' lang='lat' dir='ltr'>de</span> <span class='ocrx_word' id='word_1_435' title='bbox 1469 3290 1581 3360; x_wconf 91' lang='lat' dir='ltr'>reliquo</span> <span class='ocrx_word' id='word_1_436' title='bbox 1599 3290 1756 3344; x_wconf 86' lang='lat' dir='ltr'>monachus</span> <span class='ocrx_word' id='word_1_437' title='bbox 1769 3291 1876 3360; x_wconf 90' lang='lat' dir='ltr'>persis·</span> 
     </span>
     <span class='ocr_line' id='line_1_46' title="bbox 193 3379 1876 3454; baseline 0.002 -22"><span class='ocrx_word' id='word_1_438' title='bbox 193 3382 318 3435; x_wconf 87' lang='lat' dir='ltr'>nractato</span> <span class='ocrx_word' id='word_1_439' title='bbox 335 3379 460 3451; x_wconf 76' lang='lat' dir='ltr'>graviter</span> <span class='ocrx_word' id='word_1_440' title='bbox 474 3383 503 3434; x_wconf 90' lang='lat' dir='ltr'>et</span> <span class='ocrx_word' id='word_1_441' title='bbox 517 3380 545 3435; x_wconf 91' lang='lat' dir='ltr'>in</span> <span class='ocrx_word' id='word_1_442' title='bbox 563 3384 670 3435; x_wconf 86' lang='lat' dir='ltr'>terram</span> <span class='ocrx_word' id='word_1_443' title='bbox 683 3381 813 3452; x_wconf 87' lang='lat' dir='ltr'>projecto</span> <span class='ocrx_word' id='word_1_444' title='bbox 827 3397 860 3434; x_wconf 89' lang='lat' dir='ltr'>ac</span> <span class='ocrx_word' id='word_1_445' title='bbox 874 3380 1008 3434; x_wconf 77' lang='lat' dir='ltr'>semiviro</span> <span class='ocrx_word' id='word_1_446' title='bbox 1060 3386 1147 3439; x_wconf 87' lang='lat' dir='ltr'>tcbat.</span> <span class='ocrx_word' id='word_1_447' title='bbox 1165 3384 1235 3439; x_wconf 90' lang='lat' dir='ltr'>ltine</span> <span class='ocrx_word' id='word_1_448' title='bbox 1249 3400 1278 3436; x_wconf 89' lang='lat' dir='ltr'>se</span> <span class='ocrx_word' id='word_1_449' title='bbox 1293 3383 1492 3454; x_wconf 80' lang='lat' dir='ltr'>frequentibus</span> <span class='ocrx_word' id='word_1_450' title='bbox 1510 3383 1661 3436; x_wconf 83' lang='lat' dir='ltr'>exercebat</span> <span class='ocrx_word' id='word_1_451' title='bbox 1678 3382 1790 3451; x_wconf 74' lang='lat' dir='ltr'>vigiliis,</span> <span class='ocrx_word' id='word_1_452' title='bbox 1807 3383 1876 3436; x_wconf 87' lang='lat' dir='ltr'>inde</span> 
     </span>
     <span class='ocr_line' id='line_1_47' title="bbox 193 3472 1876 3546; baseline 0.002 -21"><span class='ocrx_word' id='word_1_453' title='bbox 193 3472 303 3540; x_wconf 83' lang='lat' dir='ltr'>relicto,</span> <span class='ocrx_word' id='word_1_454' title='bbox 317 3475 428 3528; x_wconf 82' lang='lat' dir='ltr'>veloces</span> <span class='ocrx_word' id='word_1_455' title='bbox 440 3473 589 3543; x_wconf 83' lang='lat' dir='ltr'>effugiunt.</span> <span class='ocrx_word' id='word_1_456' title='bbox 603 3474 655 3539; x_wconf 78' lang='lat' dir='ltr'>Qui</span> <span class='ocrx_word' id='word_1_457' title='bbox 666 3474 709 3528; x_wconf 86' lang='grc' dir='ltr'>ιιι</span> <span class='ocrx_word' id='word_1_458' title='bbox 720 3491 788 3529; x_wconf 86' lang='lat' dir='ltr'>voce</span> <span class='ocrx_word' id='word_1_459' title='bbox 799 3474 886 3528; x_wconf 88' lang='lat' dir='ltr'>tichili</span> <span class='ocrx_word' id='word_1_460' title='bbox 897 3473 1008 3527; x_wconf 79' lang='lat' dir='ltr'>cladem</span> <span class='ocrx_word' id='word_1_461' title='bbox 1059 3476 1232 3532; x_wconf 88' lang='lat' dir='ltr'>continuatis</span> <span class='ocrx_word' id='word_1_462' title='bbox 1251 3477 1417 3531; x_wconf 86' lang='lat' dir='ltr'>maccrehat</span> <span class='ocrx_word' id='word_1_463' title='bbox 1439 3475 1550 3529; x_wconf 90' lang='lat' dir='ltr'>inediis.</span> <span class='ocrx_word' id='word_1_464' title='bbox 1565 3476 1756 3529; x_wconf 84' lang='lat' dir='ltr'>Peruoctnhnt</span> <span class='ocrx_word' id='word_1_465' title='bbox 1779 3475 1876 3546; x_wconf 86' lang='lat' dir='ltr'>algida</span> 
     </span>
     <span class='ocr_line' id='line_1_48' title="bbox 193 3566 1874 3641; baseline 0.001 -22"><span class='ocrx_word' id='word_1_466' title='bbox 193 3582 274 3621; x_wconf 88' lang='lat' dir='ltr'>suam</span> <span class='ocrx_word' id='word_1_467' title='bbox 289 3566 440 3637; x_wconf 84' lang='lat' dir='ltr'>replicans,</span> <span class='ocrx_word' id='word_1_468' title='bbox 458 3586 474 3623; x_wconf 92' lang='lat' dir='ltr'>a</span> <span class='ocrx_word' id='word_1_469' title='bbox 489 3568 669 3623; x_wconf 77' lang='lat' dir='ltr'>dromonibus</span> <span class='ocrx_word' id='word_1_470' title='bbox 682 3586 712 3621; x_wconf 88' lang='lat' dir='ltr'>so</span> <span class='ocrx_word' id='word_1_471' title='bbox 725 3584 829 3623; x_wconf 77' lang='lat' dir='ltr'>caesum</span> <span class='ocrx_word' id='word_1_472' title='bbox 846 3568 924 3637; x_wconf 71' lang='lat' dir='ltr'>grati</span> <span class='ocrx_word' id='word_1_473' title='bbox 940 3584 1007 3621; x_wconf 88' lang='lat' dir='ltr'>eou-</span> <span class='ocrx_word' id='word_1_474' title='bbox 1060 3573 1191 3625; x_wconf 83' lang='lat' dir='ltr'>senectus</span> <span class='ocrx_word' id='word_1_475' title='bbox 1213 3587 1264 3641; x_wconf 89' lang='lat' dir='ltr'>por</span> <span class='ocrx_word' id='word_1_476' title='bbox 1285 3569 1411 3623; x_wconf 85' lang='lat' dir='ltr'>hiemem</span> <span class='ocrx_word' id='word_1_477' title='bbox 1434 3570 1577 3623; x_wconf 87' lang='lat' dir='ltr'>sustinens</span> <span class='ocrx_word' id='word_1_478' title='bbox 1597 3568 1748 3638; x_wconf 87' lang='lat' dir='ltr'>dupliciter</span> <span class='ocrx_word' id='word_1_479' title='bbox 1763 3570 1874 3637; x_wconf 82' lang='lat' dir='ltr'>frugus,</span> 
     </span>
     <span class='ocr_line' id='line_1_49' title="bbox 194 3661 1876 3733; baseline 0.002 -22"><span class='ocrx_word' id='word_1_480' title='bbox 194 3675 293 3729; x_wconf 78' lang='lat' dir='ltr'>gressu</span> <span class='ocrx_word' id='word_1_481' title='bbox 306 3661 453 3714; x_wconf 87' lang='lat' dir='ltr'>coufessus</span> <span class='ocrx_word' id='word_1_482' title='bbox 470 3664 521 3715; x_wconf 91' lang='lat' dir='ltr'>est.</span> <span class='ocrx_word' id='word_1_483' title='bbox 1059 3664 1151 3719; x_wconf 81' lang='lat' dir='ltr'>utatis</span> <span class='ocrx_word' id='word_1_484' title='bbox 1164 3666 1192 3718; x_wconf 92' lang='lat' dir='ltr'>et</span> <span class='ocrx_word' id='word_1_485' title='bbox 1207 3662 1354 3733; x_wconf 87' lang='lat' dir='ltr'>temporis,</span> <span class='ocrx_word' id='word_1_486' title='bbox 1367 3662 1444 3732; x_wconf 88' lang='lat' dir='ltr'>quod</span> <span class='ocrx_word' id='word_1_487' title='bbox 1459 3678 1511 3715; x_wconf 91' lang='lat' dir='ltr'>nec</span> <span class='ocrx_word' id='word_1_488' title='bbox 1530 3663 1653 3716; x_wconf 86' lang='lat' dir='ltr'>tolerare</span> <span class='ocrx_word' id='word_1_489' title='bbox 1667 3661 1777 3731; x_wconf 88' lang='lat' dir='ltr'>possint</span> <span class='ocrx_word' id='word_1_490' title='bbox 1791 3666 1876 3731; x_wconf 85' lang='lat' dir='ltr'>pel-u-</span> 
     </span>
     <span class='ocr_line' id='line_1_50' title="bbox 228 3752 1875 3827; baseline 0.001 -22"><span class='ocrx_word' id='word_1_491' title='bbox 228 3753 257 3806; x_wconf 83' lang='lat' dir='ltr'>X.</span> <span class='ocrx_word' id='word_1_492' title='bbox 272 3752 383 3806; x_wconf 79' lang='lat' dir='ltr'>Accidit</span> <span class='ocrx_word' id='word_1_493' title='bbox 404 3757 435 3806; x_wconf 89' lang='lat' dir='ltr'>ut</span> <span class='ocrx_word' id='word_1_494' title='bbox 457 3753 583 3809; x_wconf 87' lang='lat' dir='ltr'>Sabariei</span> <span class='ocrx_word' id='word_1_495' title='bbox 605 3755 730 3809; x_wconf 89' lang='lat' dir='ltr'>famulus</span> <span class='ocrx_word' id='word_1_496' title='bbox 751 3755 875 3809; x_wconf 84' lang='lat' dir='ltr'>AEsarius</span> <span class='ocrx_word' id='word_1_497' title='bbox 892 3753 1008 3808; x_wconf 87' lang='lat' dir='ltr'>nornine</span> <span class='ocrx_word' id='word_1_498' title='bbox 1061 3758 1128 3811; x_wconf 85' lang='lat' dir='ltr'>lenti</span> <span class='ocrx_word' id='word_1_499' title='bbox 1139 3758 1260 3827; x_wconf 87' lang='lat' dir='ltr'>juvenes</span> <span class='ocrx_word' id='word_1_500' title='bbox 1272 3773 1278 3810; x_wconf 75' lang='grc' dir='ltr'>ι</span> <span class='ocrx_word' id='word_1_501' title='bbox 1292 3756 1417 3826; x_wconf 89' lang='lat' dir='ltr'>seipsum</span> <span class='ocrx_word' id='word_1_502' title='bbox 1430 3772 1504 3826; x_wconf 91' lang='lat' dir='ltr'>pene</span> <span class='ocrx_word' id='word_1_503' title='bbox 1516 3754 1684 3809; x_wconf 79' lang='lat' dir='ltr'>obliviscens</span> <span class='ocrx_word' id='word_1_504' title='bbox 1695 3770 1745 3824; x_wconf 90' lang='lat' dir='ltr'>pro</span> <span class='ocrx_word' id='word_1_505' title='bbox 1757 3753 1875 3808; x_wconf 81' lang='lat' dir='ltr'>victorie</span> 
     </span>
     <span class='ocr_line' id='line_1_51' title="bbox 193 3845 1877 3920; baseline 0.001 -23"><span class='ocrx_word' id='word_1_506' title='bbox 193 3845 230 3898; x_wconf 77' lang='grc' dir='ltr'>ιιι</span> <span class='ocrx_word' id='word_1_507' title='bbox 245 3845 337 3899; x_wconf 89' lang='grc' dir='ltr'>ιιιιιιιι</span> <span class='ocrx_word' id='word_1_508' title='bbox 354 3845 389 3898; x_wconf 89' lang='lat' dir='ltr'>de</span> <span class='ocrx_word' id='word_1_509' title='bbox 406 3862 462 3916; x_wconf 91' lang='lat' dir='ltr'>quo</span> <span class='ocrx_word' id='word_1_510' title='bbox 483 3847 628 3917; x_wconf 90' lang='lat' dir='ltr'>loquimur</span> <span class='ocrx_word' id='word_1_511' title='bbox 644 3847 778 3918; x_wconf 84' lang='lat' dir='ltr'>injuriam</span> <span class='ocrx_word' id='word_1_512' title='bbox 794 3864 893 3917; x_wconf 90' lang='lat' dir='ltr'>passus</span> <span class='ocrx_word' id='word_1_513' title='bbox 908 3846 1008 3900; x_wconf 88' lang='lat' dir='ltr'>confu-</span> <span class='ocrx_word' id='word_1_514' title='bbox 1059 3850 1195 3920; x_wconf 87' lang='lat' dir='ltr'>corporis,</span> <span class='ocrx_word' id='word_1_515' title='bbox 1212 3853 1351 3919; x_wconf 74' lang='lat' dir='ltr'>trurqunm</span> <span class='ocrx_word' id='word_1_516' title='bbox 1368 3848 1389 3901; x_wconf 88' lang='lat' dir='ltr'>si</span> <span class='ocrx_word' id='word_1_517' title='bbox 1410 3848 1493 3902; x_wconf 86' lang='lat' dir='ltr'>simnl</span> <span class='ocrx_word' id='word_1_518' title='bbox 1508 3847 1691 3902; x_wconf 85' lang='lat' dir='ltr'>accessissent</span> <span class='ocrx_word' id='word_1_519' title='bbox 1708 3846 1836 3916; x_wconf 84' lang='lat' dir='ltr'>dignitas</span> <span class='ocrx_word' id='word_1_520' title='bbox 1849 3852 1877 3901; x_wconf 92' lang='lat' dir='ltr'>et</span> 
     </span>
     <span class='ocr_line' id='line_1_52' title="bbox 193 3939 1876 4012; baseline 0.001 -21"><span class='ocrx_word' id='word_1_521' title='bbox 193 3939 285 4007; x_wconf 83' lang='lat' dir='ltr'>geret,</span> <span class='ocrx_word' id='word_1_522' title='bbox 306 3939 468 4011; x_wconf 84' lang='lat' dir='ltr'>supplicans</span> <span class='ocrx_word' id='word_1_523' title='bbox 488 3942 519 3993; x_wconf 91' lang='grc' dir='ltr'>ιιι</span> <span class='ocrx_word' id='word_1_524' title='bbox 540 3940 668 4010; x_wconf 89' lang='lat' dir='ltr'>quolibet</span> <span class='ocrx_word' id='word_1_525' title='bbox 686 3940 778 4011; x_wconf 90' lang='lat' dir='ltr'>pretio</span> <span class='ocrx_word' id='word_1_526' title='bbox 800 3956 866 3993; x_wconf 88' lang='lat' dir='ltr'>eum</span> <span class='ocrx_word' id='word_1_527' title='bbox 881 3939 916 3993; x_wconf 89' lang='lat' dir='ltr'>de</span> <span class='ocrx_word' id='word_1_528' title='bbox 932 3939 1007 3992; x_wconf 89' lang='lat' dir='ltr'>inso·</span> <span class='ocrx_word' id='word_1_529' title='bbox 1059 3943 1229 4008; x_wconf 88' lang='lat' dir='ltr'>necessitas;</span> <span class='ocrx_word' id='word_1_530' title='bbox 1255 3958 1319 4012; x_wconf 76' lang='lat' dir='ltr'>quas</span> <span class='ocrx_word' id='word_1_531' title='bbox 1341 3957 1407 3994; x_wconf 86' lang='lat' dir='ltr'>vcro</span> <span class='ocrx_word' id='word_1_532' title='bbox 1435 3942 1626 4011; x_wconf 66' lang='lat' dir='ltr'>eleemosynae</span> <span class='ocrx_word' id='word_1_533' title='bbox 1652 3943 1711 3993; x_wconf 86' lang='lat' dir='ltr'>torn</span> <span class='ocrx_word' id='word_1_534' title='bbox 1733 3939 1876 3994; x_wconf 78' lang='lat' dir='ltr'>derebus</span> 
     </span>
     <span class='ocr_line' id='line_1_53' title="bbox 193 4031 1874 4105; baseline 0.001 -21"><span class='ocrx_word' id='word_1_535' title='bbox 193 4031 278 4085; x_wconf 89' lang='lat' dir='ltr'>lentis</span> <span class='ocrx_word' id='word_1_536' title='bbox 301 4031 410 4086; x_wconf 90' lang='lat' dir='ltr'>domini</span> <span class='ocrx_word' id='word_1_537' title='bbox 432 4032 546 4087; x_wconf 89' lang='lat' dir='ltr'>servitio</span> <span class='ocrx_word' id='word_1_538' title='bbox 571 4033 716 4088; x_wconf 89' lang='lat' dir='ltr'>liberaret.</span> <span class='ocrx_word' id='word_1_539' title='bbox 740 4033 822 4097; x_wconf 78' lang='lat' dir='ltr'>Quod</span> <span class='ocrx_word' id='word_1_540' title='bbox 844 4032 1009 4102; x_wconf 81' lang='lat' dir='ltr'>indignatus</span> <span class='ocrx_word' id='word_1_541' title='bbox 1060 4035 1184 4092; x_wconf 78' lang='lat' dir='ltr'>eeclesias</span> <span class='ocrx_word' id='word_1_542' title='bbox 1201 4051 1287 4105; x_wconf 86' lang='lat' dir='ltr'>quarn</span> <span class='ocrx_word' id='word_1_543' title='bbox 1312 4034 1409 4105; x_wconf 89' lang='lat' dir='ltr'>populi</span> <span class='ocrx_word' id='word_1_544' title='bbox 1424 4033 1569 4088; x_wconf 88' lang='lat' dir='ltr'>oblatione</span> <span class='ocrx_word' id='word_1_545' title='bbox 1590 4034 1634 4086; x_wconf 86' lang='lat' dir='ltr'>ref</span> <span class='ocrx_word' id='word_1_546' title='bbox 1650 4033 1730 4103; x_wconf 86' lang='lat' dir='ltr'>regio</span> <span class='ocrx_word' id='word_1_547' title='bbox 1752 4050 1874 4086; x_wconf 74' lang='lat' dir='ltr'>uulnere</span> 
     </span>
     <span class='ocr_line' id='line_1_54' title="bbox 194 4124 1877 4201; baseline 0.001 -23"><span class='ocrx_word' id='word_1_548' title='bbox 194 4124 344 4179; x_wconf 77' lang='lat' dir='ltr'>sabaricus</span> <span class='ocrx_word' id='word_1_549' title='bbox 355 4142 407 4196; x_wconf 90' lang='lat' dir='ltr'>pro</span> <span class='ocrx_word' id='word_1_550' title='bbox 417 4127 525 4182; x_wconf 80' lang='lat' dir='ltr'>AEsario</span> <span class='ocrx_word' id='word_1_551' title='bbox 536 4129 565 4180; x_wconf 92' lang='lat' dir='ltr'>et</span> <span class='ocrx_word' id='word_1_552' title='bbox 575 4127 697 4197; x_wconf 86' lang='lat' dir='ltr'>conjugo</span> <span class='ocrx_word' id='word_1_553' title='bbox 708 4128 750 4181; x_wconf 81' lang='grc' dir='ltr'>ιιι</span> <span class='ocrx_word' id='word_1_554' title='bbox 763 4126 847 4181; x_wconf 84' lang='grc' dir='ltr'>ιιιιιιο</span> <span class='ocrx_word' id='word_1_555' title='bbox 858 4125 1007 4196; x_wconf 76' lang='lat' dir='ltr'>ejusl&#39;ilio,</span> <span class='ocrx_word' id='word_1_556' title='bbox 1059 4145 1110 4201; x_wconf 90' lang='lat' dir='ltr'>per</span> <span class='ocrx_word' id='word_1_557' title='bbox 1128 4145 1232 4182; x_wconf 86' lang='lat' dir='ltr'>manus</span> <span class='ocrx_word' id='word_1_558' title='bbox 1251 4126 1347 4182; x_wconf 84' lang='lat' dir='ltr'>Sancti</span> <span class='ocrx_word' id='word_1_559' title='bbox 1368 4127 1450 4180; x_wconf 78' lang='lat' dir='ltr'>factas</span> <span class='ocrx_word' id='word_1_560' title='bbox 1467 4128 1543 4192; x_wconf 85' lang='lat' dir='ltr'>sunt,</span> <span class='ocrx_word' id='word_1_561' title='bbox 1557 4127 1633 4181; x_wconf 89' lang='lat' dir='ltr'>solus</span> <span class='ocrx_word' id='word_1_562' title='bbox 1647 4126 1694 4180; x_wconf 92' lang='lat' dir='ltr'>ille</span> <span class='ocrx_word' id='word_1_563' title='bbox 1711 4125 1758 4196; x_wconf 89' lang='lat' dir='ltr'>qui</span> <span class='ocrx_word' id='word_1_564' title='bbox 1776 4126 1877 4180; x_wconf 87' lang='lat' dir='ltr'>onrnia</span> 
     </span>
     <span class='ocr_line' id='line_1_55' title="bbox 193 4219 1397 4291; baseline 0.001 -19"><span class='ocrx_word' id='word_1_565' title='bbox 193 4219 341 4290; x_wconf 88' lang='lat' dir='ltr'>octoginta</span> <span class='ocrx_word' id='word_1_566' title='bbox 353 4220 460 4275; x_wconf 90' lang='lat' dir='ltr'>solidos</span> <span class='ocrx_word' id='word_1_567' title='bbox 476 4220 558 4291; x_wconf 90' lang='lat' dir='ltr'>pretii</span> <span class='ocrx_word' id='word_1_568' title='bbox 572 4236 679 4274; x_wconf 89' lang='lat' dir='ltr'>nomon</span> <span class='ocrx_word' id='word_1_569' title='bbox 695 4220 785 4291; x_wconf 90' lang='lat' dir='ltr'>petiit,</span> <span class='ocrx_word' id='word_1_570' title='bbox 799 4219 953 4290; x_wconf 89' lang='lat' dir='ltr'>quominus</span> <span class='ocrx_word' id='word_1_571' title='bbox 965 4219 1007 4274; x_wconf 87' lang='lat' dir='ltr'>fa·</span> <span class='ocrx_word' id='word_1_572' title='bbox 1059 4224 1104 4289; x_wconf 87' lang='lat' dir='ltr'>sit,</span> <span class='ocrx_word' id='word_1_573' title='bbox 1120 4221 1199 4276; x_wconf 84' lang='lat' dir='ltr'>norit</span> <span class='ocrx_word' id='word_1_574' title='bbox 1212 4223 1240 4275; x_wconf 90' lang='lat' dir='ltr'>et</span> <span class='ocrx_word' id='word_1_575' title='bbox 1256 4222 1397 4274; x_wconf 86' lang='lat' dir='ltr'>numerat.</span> 
     </span>
     <span class='ocr_line' id='line_1_56' title="bbox 193 4311 1877 4384; baseline -0.001 -19"><span class='ocrx_word' id='word_1_576' title='bbox 193 4313 286 4368; x_wconf 88' lang='lat' dir='ltr'>mulos</span> <span class='ocrx_word' id='word_1_577' title='bbox 301 4313 395 4368; x_wconf 90' lang='lat' dir='ltr'>servili</span> <span class='ocrx_word' id='word_1_578' title='bbox 409 4314 517 4369; x_wconf 91' lang='lat' dir='ltr'>ditione</span> <span class='ocrx_word' id='word_1_579' title='bbox 532 4315 649 4368; x_wconf 82' lang='lat' dir='ltr'>taxaret.</span> <span class='ocrx_word' id='word_1_580' title='bbox 663 4315 770 4368; x_wconf 83' lang='lat' dir='ltr'>Tauron</span> <span class='ocrx_word' id='word_1_581' title='bbox 786 4313 840 4368; x_wconf 89' lang='lat' dir='ltr'>hoc</span> <span class='ocrx_word' id='word_1_582' title='bbox 853 4329 911 4368; x_wconf 92' lang='lat' dir='ltr'>neu</span> <span class='ocrx_word' id='word_1_583' title='bbox 926 4312 1007 4367; x_wconf 92' lang='lat' dir='ltr'>dubi·</span> <span class='ocrx_word' id='word_1_584' title='bbox 1093 4317 1158 4370; x_wconf 86' lang='grc' dir='ltr'>ιιιιι.</span> <span class='ocrx_word' id='word_1_585' title='bbox 1169 4313 1296 4384; x_wconf 79' lang='lat' dir='ltr'>lienique</span> <span class='ocrx_word' id='word_1_586' title='bbox 1308 4313 1433 4384; x_wconf 89' lang='lat' dir='ltr'>quadam</span> <span class='ocrx_word' id='word_1_587' title='bbox 1445 4312 1503 4367; x_wconf 82' lang='lat' dir='ltr'>rice</span> <span class='ocrx_word' id='word_1_588' title='bbox 1512 4311 1877 4383; x_wconf 83' lang='lat' dir='ltr'>praeeeflentissimusChil-</span> 
     </span>
     <span class='ocr_line' id='line_1_57' title="bbox 192 4404 1875 4478; baseline 0.001 -22"><span class='ocrx_word' id='word_1_589' title='bbox 192 4406 262 4459; x_wconf 85' lang='lat' dir='ltr'>tavit</span> <span class='ocrx_word' id='word_1_590' title='bbox 283 4407 478 4463; x_wconf 88' lang='lat' dir='ltr'>misericordia</span> <span class='ocrx_word' id='word_1_591' title='bbox 493 4407 563 4464; x_wconf 88' lang='lat' dir='ltr'>Justi</span> <span class='ocrx_word' id='word_1_592' title='bbox 584 4409 627 4462; x_wconf 91' lang='lat' dir='ltr'>vol</span> <span class='ocrx_word' id='word_1_593' title='bbox 647 4407 815 4478; x_wconf 82' lang='lat' dir='ltr'>perquirere</span> <span class='ocrx_word' id='word_1_594' title='bbox 830 4408 873 4460; x_wconf 87' lang='lat' dir='ltr'>vel</span> <span class='ocrx_word' id='word_1_595' title='bbox 888 4406 1007 4460; x_wconf 85' lang='lat' dir='ltr'>dorrare.</span> <span class='ocrx_word' id='word_1_596' title='bbox 1059 4410 1194 4463; x_wconf 71' lang='lat' dir='ltr'>slebertus</span> <span class='ocrx_word' id='word_1_597' title='bbox 1205 4424 1252 4461; x_wconf 92' lang='lat' dir='ltr'>rex</span> <span class='ocrx_word' id='word_1_598' title='bbox 1268 4423 1333 4461; x_wconf 90' lang='lat' dir='ltr'>cum</span> <span class='ocrx_word' id='word_1_599' title='bbox 1349 4406 1373 4460; x_wconf 94' lang='lat' dir='ltr'>ei</span> <span class='ocrx_word' id='word_1_600' title='bbox 1388 4405 1536 4461; x_wconf 82' lang='lat' dir='ltr'>direxisset</span> <span class='ocrx_word' id='word_1_601' title='bbox 1550 4422 1596 4460; x_wconf 89' lang='lat' dir='ltr'>sex</span> <span class='ocrx_word' id='word_1_602' title='bbox 1613 4405 1702 4459; x_wconf 88' lang='lat' dir='ltr'>millia</span> <span class='ocrx_word' id='word_1_603' title='bbox 1715 4404 1875 4458; x_wconf 88' lang='lat' dir='ltr'>solidorum</span> 
     </span>
     <span class='ocr_line' id='line_1_58' title="bbox 193 4495 1877 4584; baseline 0.001 -35"><span class='ocrx_word' id='word_1_604' title='bbox 193 4495 254 4558; x_wconf 83' lang='lat' dir='ltr'>Quo</span> <span class='ocrx_word' id='word_1_605' title='bbox 280 4501 371 4567; x_wconf 86' lang='lat' dir='ltr'>pretio</span> <span class='ocrx_word' id='word_1_606' title='bbox 394 4503 550 4572; x_wconf 89' lang='lat' dir='ltr'>persoluto,</span> <span class='ocrx_word' id='word_1_607' title='bbox 573 4501 695 4572; x_wconf 85' lang='lat' dir='ltr'>contigit</span> <span class='ocrx_word' id='word_1_608' title='bbox 721 4504 752 4556; x_wconf 92' lang='lat' dir='ltr'>ut</span> <span class='ocrx_word' id='word_1_609' title='bbox 772 4503 838 4555; x_wconf 88' lang='lat' dir='ltr'>ante</span> <span class='ocrx_word' id='word_1_610' title='bbox 861 4499 1047 4584; x_wconf 74' lang='lat' dir='ltr'>basilicaml)</span> <span class='ocrx_word' id='word_1_611' title='bbox 1060 4501 1232 4574; x_wconf 86' lang='lat' dir='ltr'>pauperibus</span> <span class='ocrx_word' id='word_1_612' title='bbox 1248 4499 1405 4570; x_wconf 85' lang='lat' dir='ltr'>eroganda,</span> <span class='ocrx_word' id='word_1_613' title='bbox 1417 4498 1582 4570; x_wconf 86' lang='lat' dir='ltr'>expendens</span> <span class='ocrx_word' id='word_1_614' title='bbox 1594 4499 1648 4553; x_wconf 85' lang='lat' dir='ltr'>tria</span> <span class='ocrx_word' id='word_1_615' title='bbox 1659 4497 1748 4551; x_wconf 85' lang='lat' dir='ltr'>millia</span> <span class='ocrx_word' id='word_1_616' title='bbox 1759 4498 1877 4551; x_wconf 80' lang='lat' dir='ltr'>reverti·</span> 
     </span>
    </p>
   </div>
   <div class='ocr_carea' id='block_1_5' title="bbox 141 4590 1012 5878">
    <p class='ocr_par' dir='ltr' id='par_1_6' title="bbox 141 4590 1010 5411">
     <span class='ocr_line' id='line_1_59' title="bbox 191 4590 1006 4664; baseline 0.004 -22"><span class='ocrx_word' id='word_1_617' title='bbox 191 4604 266 4658; x_wconf 76' lang='lat' dir='ltr'>sepe</span> <span class='ocrx_word' id='word_1_618' title='bbox 287 4590 378 4645; x_wconf 89' lang='lat' dir='ltr'>dictus</span> <span class='ocrx_word' id='word_1_619' title='bbox 396 4594 547 4648; x_wconf 83' lang='lat' dir='ltr'>Sabaricus</span> <span class='ocrx_word' id='word_1_620' title='bbox 567 4594 737 4664; x_wconf 69' lang='lat' dir='ltr'>preteriret,</span> <span class='ocrx_word' id='word_1_621' title='bbox 752 4612 805 4649; x_wconf 92' lang='lat' dir='ltr'>nec</span> <span class='ocrx_word' id='word_1_622' title='bbox 824 4597 921 4647; x_wconf 89' lang='lat' dir='ltr'>tornen</span> <span class='ocrx_word' id='word_1_623' title='bbox 942 4608 1006 4647; x_wconf 83' lang='lat' dir='ltr'>ore-</span> 
     </span>
     <span class='ocr_line' id='line_1_60' title="bbox 192 4681 1005 4756; baseline 0.005 -21"><span class='ocrx_word' id='word_1_624' title='bbox 192 4681 263 4736; x_wconf 93' lang='lat' dir='ltr'>tioni</span> <span class='ocrx_word' id='word_1_625' title='bbox 286 4700 400 4756; x_wconf 88' lang='lat' dir='ltr'>quoque</span> <span class='ocrx_word' id='word_1_626' title='bbox 423 4688 594 4739; x_wconf 86' lang='lat' dir='ltr'>occurreret.</span> <span class='ocrx_word' id='word_1_627' title='bbox 611 4686 663 4749; x_wconf 80' lang='lat' dir='ltr'>eui</span> <span class='ocrx_word' id='word_1_628' title='bbox 680 4687 798 4741; x_wconf 92' lang='lat' dir='ltr'>domum</span> <span class='ocrx_word' id='word_1_629' title='bbox 813 4703 894 4740; x_wconf 88' lang='lat' dir='ltr'>suam</span> <span class='ocrx_word' id='word_1_630' title='bbox 910 4686 1005 4756; x_wconf 89' lang='lat' dir='ltr'>ingrc-</span> 
     </span>
     <span class='ocr_line' id='line_1_61' title="bbox 193 4775 1008 4848; baseline 0.004 -20"><span class='ocrx_word' id='word_1_631' title='bbox 193 4775 284 4843; x_wconf 76' lang='lat' dir='ltr'>dienS,</span> <span class='ocrx_word' id='word_1_632' title='bbox 301 4778 398 4832; x_wconf 89' lang='lat' dir='ltr'>statim</span> <span class='ocrx_word' id='word_1_633' title='bbox 415 4777 562 4848; x_wconf 85' lang='lat' dir='ltr'>affligitur,</span> <span class='ocrx_word' id='word_1_634' title='bbox 575 4777 689 4847; x_wconf 79' lang='lat' dir='ltr'>ligatur,</span> <span class='ocrx_word' id='word_1_635' title='bbox 702 4781 730 4831; x_wconf 90' lang='lat' dir='ltr'>et</span> <span class='ocrx_word' id='word_1_636' title='bbox 743 4778 851 4832; x_wconf 89' lang='lat' dir='ltr'>catenis</span> <span class='ocrx_word' id='word_1_637' title='bbox 865 4778 1008 4833; x_wconf 75' lang='lat' dir='ltr'>revinctus</span> 
     </span>
     <span class='ocr_line' id='line_1_62' title="bbox 193 4867 1006 4943; baseline 0.004 -21"><span class='ocrx_word' id='word_1_638' title='bbox 193 4867 230 4922; x_wconf 86' lang='lat' dir='ltr'>ad</span> <span class='ocrx_word' id='word_1_639' title='bbox 245 4868 382 4924; x_wconf 88' lang='lat' dir='ltr'>Sanctum</span> <span class='ocrx_word' id='word_1_640' title='bbox 396 4869 570 4943; x_wconf 87' lang='lat' dir='ltr'>perducitur.</span> <span class='ocrx_word' id='word_1_641' title='bbox 586 4871 684 4943; x_wconf 86' lang='lat' dir='ltr'>Neque</span> <span class='ocrx_word' id='word_1_642' title='bbox 698 4871 737 4925; x_wconf 89' lang='lat' dir='ltr'>sie</span> <span class='ocrx_word' id='word_1_643' title='bbox 751 4888 768 4925; x_wconf 93' lang='lat' dir='ltr'>a</span> <span class='ocrx_word' id='word_1_644' title='bbox 784 4871 830 4941; x_wconf 89' lang='lat' dir='ltr'>plo</span> <span class='ocrx_word' id='word_1_645' title='bbox 846 4871 906 4925; x_wconf 86' lang='lat' dir='ltr'>viro</span> <span class='ocrx_word' id='word_1_646' title='bbox 922 4872 1006 4926; x_wconf 90' lang='lat' dir='ltr'>mise-</span> 
     </span>
     <span class='ocr_line' id='line_1_63' title="bbox 192 4961 1008 5035; baseline 0.006 -21"><span class='ocrx_word' id='word_1_647' title='bbox 192 4961 316 5017; x_wconf 85' lang='lat' dir='ltr'>ricordia</span> <span class='ocrx_word' id='word_1_648' title='bbox 340 4965 457 5030; x_wconf 89' lang='lat' dir='ltr'>totlitur,</span> <span class='ocrx_word' id='word_1_649' title='bbox 473 4963 523 5017; x_wconf 87' lang='lat' dir='ltr'>sed</span> <span class='ocrx_word' id='word_1_650' title='bbox 543 4963 640 5018; x_wconf 86' lang='lat' dir='ltr'>statim</span> <span class='ocrx_word' id='word_1_651' title='bbox 658 4964 744 5019; x_wconf 85' lang='lat' dir='ltr'>missa</span> <span class='ocrx_word' id='word_1_652' title='bbox 759 4979 842 5035; x_wconf 89' lang='lat' dir='ltr'>prece</span> <span class='ocrx_word' id='word_1_653' title='bbox 858 4964 919 5033; x_wconf 88' lang='lat' dir='ltr'>ejus</span> <span class='ocrx_word' id='word_1_654' title='bbox 935 4965 1008 5019; x_wconf 91' lang='lat' dir='ltr'>ohti-</span> 
     </span>
     <span class='ocr_line' id='line_1_64' title="bbox 193 5055 1008 5130; baseline 0.002 -21"><span class='ocrx_word' id='word_1_655' title='bbox 193 5058 280 5111; x_wconf 88' lang='lat' dir='ltr'>neuto</span> <span class='ocrx_word' id='word_1_656' title='bbox 297 5057 353 5112; x_wconf 84' lang='lat' dir='ltr'>nde</span> <span class='ocrx_word' id='word_1_657' title='bbox 375 5062 523 5129; x_wconf 85' lang='lat' dir='ltr'>purgatur.</span> <span class='ocrx_word' id='word_1_658' title='bbox 538 5056 615 5130; x_wconf 81' lang='lat' dir='ltr'>Tune</span> <span class='ocrx_word' id='word_1_659' title='bbox 631 5058 736 5128; x_wconf 77' lang='lat' dir='ltr'>acljecit</span> <span class='ocrx_word' id='word_1_660' title='bbox 752 5055 903 5112; x_wconf 88' lang='lat' dir='ltr'>Saharicus</span> <span class='ocrx_word' id='word_1_661' title='bbox 916 5058 1008 5112; x_wconf 79' lang='lat' dir='ltr'>adfine</span> 
     </span>
     <span class='ocr_line' id='line_1_65' title="bbox 141 5151 1009 5225; baseline 0 -22"><span class='ocrx_word' id='word_1_662' title='bbox 141 5212 147 5217; x_wconf 29' lang='lat'><em>¹</em></span> <span class='ocrx_word' id='word_1_663' title='bbox 193 5152 293 5222; x_wconf 86' lang='lat' dir='ltr'>viginti</span> <span class='ocrx_word' id='word_1_664' title='bbox 317 5168 419 5207; x_wconf 88' lang='lat' dir='ltr'>aureos</span> <span class='ocrx_word' id='word_1_665' title='bbox 442 5152 478 5208; x_wconf 89' lang='lat' dir='ltr'>ad</span> <span class='ocrx_word' id='word_1_666' title='bbox 504 5155 628 5225; x_wconf 89' lang='lat' dir='ltr'>pretium</span> <span class='ocrx_word' id='word_1_667' title='bbox 648 5151 726 5223; x_wconf 91' lang='lat' dir='ltr'>quod</span> <span class='ocrx_word' id='word_1_668' title='bbox 748 5154 908 5222; x_wconf 85' lang='lat' dir='ltr'>acceperat,</span> <span class='ocrx_word' id='word_1_669' title='bbox 925 5153 953 5203; x_wconf 91' lang='lat' dir='ltr'>et</span> <span class='ocrx_word' id='word_1_670' title='bbox 974 5151 1009 5204; x_wconf 93' lang='lat' dir='ltr'>de</span> 
     </span>
     <span class='ocr_line' id='line_1_66' title="bbox 195 5242 1010 5328; baseline -0.002 -29"><span class='ocrx_word' id='word_1_671' title='bbox 195 5249 311 5300; x_wconf 79' lang='lat' dir='ltr'>ceritum</span> <span class='ocrx_word' id='word_1_672' title='bbox 321 5244 419 5300; x_wconf 90' lang='lat' dir='ltr'>solidis</span> <span class='ocrx_word' id='word_1_673' title='bbox 427 5262 493 5300; x_wconf 86' lang='lat' dir='ltr'>crux</span> <span class='ocrx_word' id='word_1_674' title='bbox 502 5247 709 5328; x_wconf 79' lang='lat' dir='ltr'>adsepulcrum</span> <span class='ocrx_word' id='word_1_675' title='bbox 718 5244 794 5299; x_wconf 89' lang='lat' dir='ltr'>beati</span> <span class='ocrx_word' id='word_1_676' title='bbox 807 5242 1010 5315; x_wconf 57' lang='lat' dir='ltr'>Symphoriaui</span> 
     </span>
     <span class='ocr_line' id='line_1_67' title="bbox 196 5336 1010 5411; baseline -0.005 -19"><span class='ocrx_word' id='word_1_677' title='bbox 196 5338 232 5392; x_wconf 89' lang='lat' dir='ltr'>ab</span> <span class='ocrx_word' id='word_1_678' title='bbox 254 5337 315 5410; x_wconf 86' lang='lat' dir='ltr'>ipso</span> <span class='ocrx_word' id='word_1_679' title='bbox 333 5355 470 5410; x_wconf 86' lang='lat' dir='ltr'>suspensa</span> <span class='ocrx_word' id='word_1_680' title='bbox 491 5343 534 5393; x_wconf 88' lang='lat' dir='ltr'>est</span> <span class='ocrx_word' id='word_1_681' title='bbox 549 5357 555 5394; x_wconf 93' lang='lat'><strong>:</strong></span> <span class='ocrx_word' id='word_1_682' title='bbox 571 5357 634 5411; x_wconf 69' lang='lat' dir='ltr'>quse</span> <span class='ocrx_word' id='word_1_683' title='bbox 654 5355 743 5410; x_wconf 87' lang='lat' dir='ltr'>usque</span> <span class='ocrx_word' id='word_1_684' title='bbox 764 5337 850 5393; x_wconf 92' lang='lat' dir='ltr'>hodie</span> <span class='ocrx_word' id='word_1_685' title='bbox 868 5352 914 5392; x_wconf 89' lang='lat' dir='ltr'>res</span> <span class='ocrx_word' id='word_1_686' title='bbox 927 5336 1010 5390; x_wconf 91' lang='lat' dir='ltr'>estin</span> 
     </span>
    </p>

    <p class='ocr_par' dir='ltr' id='par_1_7' title="bbox 196 5447 1011 5732">
     <span class='ocr_line' id='line_1_68' title="bbox 232 5447 1010 5523; baseline -0.004 -19"><span class='ocrx_word' id='word_1_687' title='bbox 232 5449 270 5520; x_wconf 88' lang='lat' dir='ltr'>(o)</span> <span class='ocrx_word' id='word_1_688' title='bbox 286 5451 320 5504; x_wconf 85' lang='lat' dir='ltr'>Et</span> <span class='ocrx_word' id='word_1_689' title='bbox 344 5453 442 5505; x_wconf 86' lang='lat' dir='ltr'>tamen</span> <span class='ocrx_word' id='word_1_690' title='bbox 464 5451 618 5523; x_wconf 85' lang='lat' dir='ltr'>Gregorius</span> <span class='ocrx_word' id='word_1_691' title='bbox 639 5452 743 5505; x_wconf 87' lang='lat' dir='ltr'>Turon.</span> <span class='ocrx_word' id='word_1_692' title='bbox 761 5449 790 5504; x_wconf 93' lang='lat' dir='ltr'>in</span> <span class='ocrx_word' id='word_1_693' title='bbox 814 5447 862 5503; x_wconf 94' lang='lat' dir='ltr'>lib.</span> <span class='ocrx_word' id='word_1_694' title='bbox 879 5466 908 5503; x_wconf 92' lang='grc' dir='ltr'>ιιι</span> <span class='ocrx_word' id='word_1_695' title='bbox 929 5448 1010 5515; x_wconf 79' lang='lat' dir='ltr'>Hist,</span> 
     </span>
     <span class='ocr_line' id='line_1_69' title="bbox 196 5519 1011 5593; baseline 0.002 -21"><span class='ocrx_word' id='word_1_696' title='bbox 196 5538 258 5593; x_wconf 80' lang='lat' dir='ltr'>cap.</span> <span class='ocrx_word' id='word_1_697' title='bbox 284 5524 328 5587; x_wconf 78' lang='grc'>36,</span> <span class='ocrx_word' id='word_1_698' title='bbox 352 5520 449 5576; x_wconf 87' lang='lat' dir='ltr'>scribit</span> <span class='ocrx_word' id='word_1_699' title='bbox 473 5522 705 5578; x_wconf 73' lang='lat' dir='ltr'>theodobertum</span> <span class='ocrx_word' id='word_1_700' title='bbox 735 5519 893 5576; x_wconf 87' lang='lat' dir='ltr'>diutissime</span> <span class='ocrx_word' id='word_1_701' title='bbox 919 5536 1011 5587; x_wconf 74' lang='lat' dir='ltr'>aegro·</span> 
     </span>
     <span class='ocr_line' id='line_1_70' title="bbox 196 5590 1011 5665; baseline -0.005 -18"><span class='ocrx_word' id='word_1_702' title='bbox 196 5595 281 5661; x_wconf 87' lang='lat' dir='ltr'>tasse,</span> <span class='ocrx_word' id='word_1_703' title='bbox 298 5597 327 5647; x_wconf 91' lang='lat' dir='ltr'>et</span> <span class='ocrx_word' id='word_1_704' title='bbox 352 5609 414 5665; x_wconf 85' lang='lat' dir='ltr'>cap.</span> <span class='ocrx_word' id='word_1_705' title='bbox 429 5597 472 5655; x_wconf 78' lang='grc'>37,</span> <span class='ocrx_word' id='word_1_706' title='bbox 490 5610 566 5648; x_wconf 74' lang='lat' dir='ltr'>aiano</span> <span class='ocrx_word' id='word_1_707' title='bbox 591 5597 624 5648; x_wconf 77' lang='lat'>37</span> <span class='ocrx_word' id='word_1_708' title='bbox 650 5595 714 5662; x_wconf 92' lang='lat' dir='ltr'>post</span> <span class='ocrx_word' id='word_1_709' title='bbox 733 5591 865 5648; x_wconf 82' lang='lat' dir='ltr'>Clodorei</span> <span class='ocrx_word' id='word_1_710' title='bbox 890 5590 1011 5654; x_wconf 91' lang='lat' dir='ltr'>obitum,</span> 
     </span>
     <span class='ocr_line' id='line_1_71' title="bbox 196 5662 841 5732; baseline -0.005 -14"><span class='ocrx_word' id='word_1_711' title='bbox 196 5681 227 5718; x_wconf 90' lang='lat' dir='ltr'>re</span> <span class='ocrx_word' id='word_1_712' title='bbox 251 5663 278 5718; x_wconf 93' lang='lat' dir='ltr'>ni</span> <span class='ocrx_word' id='word_1_713' title='bbox 293 5664 335 5718; x_wconf 88' lang='lat' dir='ltr'>sui</span> <span class='ocrx_word' id='word_1_714' title='bbox 352 5665 393 5732; x_wconf 83' lang='grc' dir='ltr'>ιι,</span> <span class='ocrx_word' id='word_1_715' title='bbox 411 5664 513 5719; x_wconf 88' lang='lat' dir='ltr'>Christi</span> <span class='ocrx_word' id='word_1_716' title='bbox 529 5664 637 5719; x_wconf 88' lang='lat' dir='ltr'>scilicet</span> <span class='ocrx_word' id='word_1_717' title='bbox 651 5666 712 5729; x_wconf 78' lang='lat'>558,</span> <span class='ocrx_word' id='word_1_718' title='bbox 728 5662 841 5717; x_wconf 87' lang='lat' dir='ltr'>obiisse.</span> 
     </span>
    </p>

    <p class='ocr_par' dir='ltr' id='par_1_8' title="bbox 198 5682 1012 5878">
     <span class='ocr_line' id='line_1_72' title="bbox 230 5682 1011 5806; baseline -0.006 -17"><span class='ocrx_word' id='word_1_719' title='bbox 230 5682 269 5801; x_wconf 59' lang='grc' dir='ltr'>ιι)</span> <span class='ocrx_word' id='word_1_720' title='bbox 291 5736 389 5790; x_wconf 80' lang='lat' dir='ltr'>Aleria</span> <span class='ocrx_word' id='word_1_721' title='bbox 409 5734 517 5806; x_wconf 76' lang='lat' dir='ltr'>(Aliso),</span> <span class='ocrx_word' id='word_1_722' title='bbox 540 5735 678 5806; x_wconf 88' lang='lat' dir='ltr'>oppidum</span> <span class='ocrx_word' id='word_1_723' title='bbox 701 5733 849 5804; x_wconf 87' lang='lat' dir='ltr'>quondam</span> <span class='ocrx_word' id='word_1_724' title='bbox 874 5729 1011 5786; x_wconf 86' lang='lat' dir='ltr'>validissi-</span> 
     </span>
     <span class='ocr_line' id='line_1_73' title="bbox 198 5802 1012 5878; baseline -0.001 -21"><span class='ocrx_word' id='word_1_725' title='bbox 198 5820 278 5858; x_wconf 78' lang='lat' dir='ltr'>mum</span> <span class='ocrx_word' id='word_1_726' title='bbox 293 5806 322 5860; x_wconf 88' lang='lat' dir='ltr'>in</span> <span class='ocrx_word' id='word_1_727' title='bbox 336 5808 407 5863; x_wconf 87' lang='lat' dir='ltr'>colle</span> <span class='ocrx_word' id='word_1_728' title='bbox 422 5806 497 5878; x_wconf 88' lang='lat' dir='ltr'>apud</span> <span class='ocrx_word' id='word_1_729' title='bbox 510 5805 677 5864; x_wconf 81' lang='lat' dir='ltr'>Mariduhios</span> <span class='ocrx_word' id='word_1_730' title='bbox 692 5805 722 5861; x_wconf 91' lang='grc' dir='ltr'>ιιι</span> <span class='ocrx_word' id='word_1_731' title='bbox 739 5803 903 5875; x_wconf 77' lang='lat' dir='ltr'>burgundia</span> <span class='ocrx_word' id='word_1_732' title='bbox 916 5802 1012 5869; x_wconf 89' lang='lat' dir='ltr'>situm,</span> 
     </span>
    </p>
   </div>
   <div class='ocr_carea' id='block_1_6' title="bbox 1058 4590 1881 5408">
    <p class='ocr_par' dir='ltr' id='par_1_9' title="bbox 1058 4590 1881 5408">
     <span class='ocr_line' id='line_1_74' title="bbox 1058 4590 1875 4664; baseline -0.009 -14"><span class='ocrx_word' id='word_1_733' title='bbox 1058 4600 1104 4650; x_wconf 90' lang='lat' dir='ltr'>tur</span> <span class='ocrx_word' id='word_1_734' title='bbox 1118 4594 1155 4649; x_wconf 87' lang='grc' dir='ltr'>ιιιι</span> <span class='ocrx_word' id='word_1_735' title='bbox 1169 4593 1322 4664; x_wconf 77' lang='lat' dir='ltr'>palatium3</span> <span class='ocrx_word' id='word_1_736' title='bbox 1339 4592 1533 4662; x_wconf 84' lang='lat' dir='ltr'>iuterrogatus</span> <span class='ocrx_word' id='word_1_737' title='bbox 1549 4608 1565 4646; x_wconf 90' lang='lat' dir='ltr'>n</span> <span class='ocrx_word' id='word_1_738' title='bbox 1582 4608 1649 4661; x_wconf 83' lang='lat' dir='ltr'>rege</span> <span class='ocrx_word' id='word_1_739' title='bbox 1663 4590 1684 4643; x_wconf 88' lang='lat' dir='ltr'>si</span> <span class='ocrx_word' id='word_1_740' title='bbox 1699 4591 1791 4644; x_wconf 90' lang='lat' dir='ltr'>adhuc</span> <span class='ocrx_word' id='word_1_741' title='bbox 1805 4590 1875 4643; x_wconf 87' lang='lat' dir='ltr'>resi-</span> 
     </span>
     <span class='ocr_line' id='line_1_75' title="bbox 1058 4682 1874 4758; baseline -0.007 -16"><span class='ocrx_word' id='word_1_742' title='bbox 1058 4688 1140 4742; x_wconf 90' lang='lat' dir='ltr'>deret</span> <span class='ocrx_word' id='word_1_743' title='bbox 1155 4686 1232 4758; x_wconf 90' lang='lat' dir='ltr'>quod</span> <span class='ocrx_word' id='word_1_744' title='bbox 1247 4685 1345 4756; x_wconf 85' lang='lat' dir='ltr'>egenis</span> <span class='ocrx_word' id='word_1_745' title='bbox 1362 4685 1510 4752; x_wconf 87' lang='lat' dir='ltr'>tribueret,</span> <span class='ocrx_word' id='word_1_746' title='bbox 1524 4685 1672 4756; x_wconf 88' lang='lat' dir='ltr'>respondit</span> <span class='ocrx_word' id='word_1_747' title='bbox 1685 4682 1874 4736; x_wconf 86' lang='lat' dir='ltr'>medictatem</span> 
     </span>
     <span class='ocr_line' id='line_1_76' title="bbox 1058 4777 1877 4848; baseline -0.009 -14"><span class='ocrx_word' id='word_1_748' title='bbox 1058 4779 1207 4845; x_wconf 87' lang='lat' dir='ltr'>resedisse,</span> <span class='ocrx_word' id='word_1_749' title='bbox 1220 4796 1273 4832; x_wconf 91' lang='lat' dir='ltr'>nec</span> <span class='ocrx_word' id='word_1_750' title='bbox 1285 4778 1426 4832; x_wconf 87' lang='lat' dir='ltr'>invenisse</span> <span class='ocrx_word' id='word_1_751' title='bbox 1440 4777 1540 4847; x_wconf 85' lang='lat' dir='ltr'>inopes</span> <span class='ocrx_word' id='word_1_752' title='bbox 1551 4777 1653 4848; x_wconf 88' lang='lat' dir='ltr'>quihus</span> <span class='ocrx_word' id='word_1_753' title='bbox 1664 4778 1755 4829; x_wconf 90' lang='lat' dir='ltr'>totum</span> <span class='ocrx_word' id='word_1_754' title='bbox 1771 4792 1877 4846; x_wconf 79' lang='lat' dir='ltr'>expcn-</span> 
     </span>
     <span class='ocr_line' id='line_1_77' title="bbox 1059 4868 1873 4942; baseline -0.01 -14"><span class='ocrx_word' id='word_1_755' title='bbox 1059 4874 1150 4928; x_wconf 88' lang='lat' dir='ltr'>deret.</span> <span class='ocrx_word' id='word_1_756' title='bbox 1163 4871 1213 4928; x_wconf 87' lang='lat' dir='ltr'>Cui</span> <span class='ocrx_word' id='word_1_757' title='bbox 1223 4889 1272 4925; x_wconf 82' lang='lat' dir='ltr'>rex</span> <span class='ocrx_word' id='word_1_758' title='bbox 1284 4871 1377 4942; x_wconf 88' lang='lat' dir='ltr'>inquit</span> <span class='ocrx_word' id='word_1_759' title='bbox 1389 4888 1394 4925; x_wconf 93' lang='lat'>:</span> <span class='ocrx_word' id='word_1_760' title='bbox 1409 4892 1422 4918; x_wconf 75' lang='grc' dir='ltr'>ι</span> <span class='ocrx_word' id='word_1_761' title='bbox 1434 4870 1566 4942; x_wconf 86' lang='lat' dir='ltr'>Domine,</span> <span class='ocrx_word' id='word_1_762' title='bbox 1575 4870 1651 4924; x_wconf 82' lang='lat' dir='ltr'>doira</span> <span class='ocrx_word' id='word_1_763' title='bbox 1662 4868 1738 4939; x_wconf 85' lang='lat' dir='ltr'>quod</span> <span class='ocrx_word' id='word_1_764' title='bbox 1749 4868 1851 4922; x_wconf 87' lang='lat' dir='ltr'>restitit</span> <span class='ocrx_word' id='word_1_765' title='bbox 1867 4885 1873 4920; x_wconf 92' lang='lat'><strong>:</strong></span> 
     </span>
     <span class='ocr_line' id='line_1_78' title="bbox 1060 4961 1875 5035; baseline -0.009 -15"><span class='ocrx_word' id='word_1_766' title='bbox 1060 4983 1128 5020; x_wconf 87' lang='lat' dir='ltr'>nam</span> <span class='ocrx_word' id='word_1_767' title='bbox 1141 4964 1252 5021; x_wconf 78' lang='lat' dir='ltr'>Christo</span> <span class='ocrx_word' id='word_1_768' title='bbox 1269 4964 1408 5035; x_wconf 83' lang='lat' dir='ltr'>largiente</span> <span class='ocrx_word' id='word_1_769' title='bbox 1425 4962 1502 5035; x_wconf 90' lang='lat' dir='ltr'>quod</span> <span class='ocrx_word' id='word_1_770' title='bbox 1518 4963 1642 5018; x_wconf 88' lang='lat' dir='ltr'>donetur</span> <span class='ocrx_word' id='word_1_771' title='bbox 1652 4979 1709 5015; x_wconf 93' lang='lat' dir='ltr'>non</span> <span class='ocrx_word' id='word_1_772' title='bbox 1721 4961 1832 5014; x_wconf 83' lang='lat' dir='ltr'>deficiet</span> <span class='ocrx_word' id='word_1_773' title='bbox 1843 4977 1849 5012; x_wconf 93' lang='lat'>:</span> <span class='ocrx_word' id='word_1_774' title='bbox 1862 4983 1875 5005; x_wconf 69' lang='grc' dir='ltr'>»ι</span> 
     </span>
     <span class='ocr_line' id='line_1_79' title="bbox 1060 5053 1877 5127; baseline -0.01 -14"><span class='ocrx_word' id='word_1_775' title='bbox 1060 5059 1190 5113; x_wconf 89' lang='lat' dir='ltr'>incidens</span> <span class='ocrx_word' id='word_1_776' title='bbox 1200 5060 1281 5112; x_wconf 86' lang='lat' dir='ltr'>orata</span> <span class='ocrx_word' id='word_1_777' title='bbox 1292 5056 1432 5122; x_wconf 87' lang='lat' dir='ltr'>missoria,</span> <span class='ocrx_word' id='word_1_778' title='bbox 1443 5059 1656 5127; x_wconf 83' lang='lat' dir='ltr'>argentcovasa</span> <span class='ocrx_word' id='word_1_779' title='bbox 1664 5053 1877 5113; x_wconf 84' lang='lat' dir='ltr'>comminuens,</span> 
     </span>
     <span class='ocr_line' id='line_1_80' title="bbox 1061 5145 1877 5223; baseline -0.005 -20"><span class='ocrx_word' id='word_1_780' title='bbox 1061 5151 1200 5223; x_wconf 87' lang='lat' dir='ltr'>quidquid</span> <span class='ocrx_word' id='word_1_781' title='bbox 1208 5150 1333 5221; x_wconf 90' lang='lat' dir='ltr'>primum</span> <span class='ocrx_word' id='word_1_782' title='bbox 1341 5149 1441 5203; x_wconf 80' lang='lat' dir='ltr'>liahuit</span> <span class='ocrx_word' id='word_1_783' title='bbox 1451 5148 1523 5202; x_wconf 71' lang='lat' dir='ltr'>deins</span> <span class='ocrx_word' id='word_1_784' title='bbox 1532 5148 1672 5203; x_wconf 86' lang='lat' dir='ltr'>sacerdoti</span> <span class='ocrx_word' id='word_1_785' title='bbox 1683 5163 1718 5200; x_wconf 88' lang='lat' dir='ltr'>nc</span> <span class='ocrx_word' id='word_1_786' title='bbox 1730 5145 1877 5217; x_wconf 81' lang='lat' dir='ltr'>perderet.</span> 
     </span>
     <span class='ocr_line' id='line_1_81' title="bbox 1061 5238 1881 5313; baseline -0.007 -16"><span class='ocrx_word' id='word_1_787' title='bbox 1061 5246 1128 5299; x_wconf 82' lang='lat' dir='ltr'>Erat</span> <span class='ocrx_word' id='word_1_788' title='bbox 1138 5260 1208 5313; x_wconf 92' lang='lat' dir='ltr'>ergo</span> <span class='ocrx_word' id='word_1_789' title='bbox 1219 5241 1410 5313; x_wconf 85' lang='lat' dir='ltr'>exspectanda</span> <span class='ocrx_word' id='word_1_790' title='bbox 1421 5243 1567 5296; x_wconf 87' lang='lat' dir='ltr'>contentio</span> <span class='ocrx_word' id='word_1_791' title='bbox 1576 5238 1838 5296; x_wconf 82' lang='lat' dir='ltr'>intersererdotem</span> <span class='ocrx_word' id='word_1_792' title='bbox 1849 5243 1881 5292; x_wconf 89' lang='lat' dir='ltr'>ct</span> 
     </span>
     <span class='ocr_line' id='line_1_82' title="bbox 1060 5333 1878 5408; baseline -0.01 -17"><span class='ocrx_word' id='word_1_793' title='bbox 1060 5333 1878 5408; x_wconf 77' lang='lat' dir='ltr'>principem.faciebantopudsodomisericordiepugnom</span> 
     </span>
    </p>
   </div>
   <div class='ocr_carea' id='block_1_7' title="bbox 1063 5442 1902 5802">
    <p class='ocr_par' dir='ltr' id='par_1_10' title="bbox 1063 5442 1902 5725">
     <span class='ocr_line' id='line_1_83' title="bbox 1063 5442 1879 5510; baseline -0.005 -10"><span class='ocrx_word' id='word_1_794' title='bbox 1063 5447 1165 5502; x_wconf 73' lang='lat' dir='ltr'>Caesari</span> <span class='ocrx_word' id='word_1_795' title='bbox 1186 5445 1366 5501; x_wconf 89' lang='lat' dir='ltr'>notissimum</span> <span class='ocrx_word' id='word_1_796' title='bbox 1384 5445 1432 5500; x_wconf 87' lang='lat' dir='ltr'>tib.</span> <span class='ocrx_word' id='word_1_797' title='bbox 1449 5463 1485 5500; x_wconf 89' lang='grc' dir='ltr'>ιιι</span> <span class='ocrx_word' id='word_1_798' title='bbox 1504 5446 1538 5499; x_wconf 93' lang='lat' dir='ltr'>de</span> <span class='ocrx_word' id='word_1_799' title='bbox 1561 5446 1628 5500; x_wconf 88' lang='lat' dir='ltr'>Bell.</span> <span class='ocrx_word' id='word_1_800' title='bbox 1646 5444 1728 5510; x_wconf 81' lang='lat' dir='ltr'>Goth,</span> <span class='ocrx_word' id='word_1_801' title='bbox 1744 5460 1819 5497; x_wconf 90' lang='lat' dir='ltr'>nuuc</span> <span class='ocrx_word' id='word_1_802' title='bbox 1837 5442 1879 5496; x_wconf 85' lang='grc' dir='ltr'>ιι-</span> 
     </span>
     <span class='ocr_line' id='line_1_84' title="bbox 1063 5511 1902 5587; baseline 0 -16"><span class='ocrx_word' id='word_1_803' title='bbox 1063 5534 1111 5571; x_wconf 92' lang='lat' dir='ltr'>cus</span> <span class='ocrx_word' id='word_1_804' title='bbox 1124 5520 1168 5570; x_wconf 88' lang='lat' dir='ltr'>est</span> <span class='ocrx_word' id='word_1_805' title='bbox 1182 5518 1246 5572; x_wconf 86' lang='lat' dir='ltr'>colli</span> <span class='ocrx_word' id='word_1_806' title='bbox 1260 5517 1375 5572; x_wconf 84' lang='lat' dir='ltr'>declivis</span> <span class='ocrx_word' id='word_1_807' title='bbox 1390 5517 1549 5587; x_wconf 81' lang='lat' dir='ltr'>impositus</span> <span class='ocrx_word' id='word_1_808' title='bbox 1898 5511 1902 5525; x_wconf 92' lang='lat'>&#39;</span> 
     </span>
     <span class='ocr_line' id='line_1_85' title="bbox 1099 5583 1880 5659; baseline -0.004 -17"><span class='ocrx_word' id='word_1_809' title='bbox 1099 5587 1131 5659; x_wconf 86' lang='lat' dir='ltr'>(c)</span> <span class='ocrx_word' id='word_1_810' title='bbox 1146 5589 1266 5644; x_wconf 87' lang='lat' dir='ltr'>Eusebio</span> <span class='ocrx_word' id='word_1_811' title='bbox 1280 5592 1394 5643; x_wconf 82' lang='lat' dir='ltr'>sauctus</span> <span class='ocrx_word' id='word_1_812' title='bbox 1412 5589 1571 5643; x_wconf 84' lang='lat' dir='ltr'>Germanus</span> <span class='ocrx_word' id='word_1_813' title='bbox 1587 5587 1720 5642; x_wconf 85' lang='lat' dir='ltr'>successit</span> <span class='ocrx_word' id='word_1_814' title='bbox 1732 5585 1762 5639; x_wconf 93' lang='lat' dir='ltr'>in</span> <span class='ocrx_word' id='word_1_815' title='bbox 1778 5583 1880 5639; x_wconf 86' lang='lat' dir='ltr'>sedern</span> 
     </span>
     <span class='ocr_line' id='line_1_86' title="bbox 1063 5658 1880 5725; baseline -0.001 -13"><span class='ocrx_word' id='word_1_816' title='bbox 1063 5658 1234 5714; x_wconf 85' lang='lat' dir='ltr'>Parisiacam</span> <span class='ocrx_word' id='word_1_817' title='bbox 1251 5662 1316 5713; x_wconf 90' lang='lat' dir='ltr'>ante</span> <span class='ocrx_word' id='word_1_818' title='bbox 1334 5658 1486 5714; x_wconf 90' lang='lat' dir='ltr'>concilium</span> <span class='ocrx_word' id='word_1_819' title='bbox 1502 5659 1660 5713; x_wconf 85' lang='lat' dir='ltr'>Parisiense</span> <span class='ocrx_word' id='word_1_820' title='bbox 1677 5676 1717 5725; x_wconf 90' lang='grc' dir='ltr'>ιιι,</span> <span class='ocrx_word' id='word_1_821' title='bbox 1731 5673 1808 5711; x_wconf 91' lang='lat' dir='ltr'>anno</span> <span class='ocrx_word' id='word_1_822' title='bbox 1827 5659 1880 5711; x_wconf 66' lang='lat'>{5:51</span> 
     </span>
    </p>

    <p class='ocr_par' dir='ltr' id='par_1_11' title="bbox 1064 5729 1672 5802">
     <span class='ocr_line' id='line_1_87' title="bbox 1064 5729 1672 5802; baseline 0 -18"><span class='ocrx_word' id='word_1_823' title='bbox 1064 5729 1250 5798; x_wconf 88' lang='lat' dir='ltr'>celebratum,</span> <span class='ocrx_word' id='word_1_824' title='bbox 1268 5731 1311 5784; x_wconf 87' lang='lat' dir='ltr'>eui</span> <span class='ocrx_word' id='word_1_825' title='bbox 1325 5730 1484 5785; x_wconf 88' lang='lat' dir='ltr'>Germanus</span> <span class='ocrx_word' id='word_1_826' title='bbox 1498 5730 1672 5802; x_wconf 86' lang='lat' dir='ltr'>subscripsit.</span> 
     </span>
    </p>
   </div>
   <div class='ocr_carea' id='block_1_8' title="bbox 0 0 1950 6148">
    <p class='ocr_par' dir='ltr' id='par_1_12' title="bbox 0 0 1950 6148">
     <span class='ocr_line' id='line_1_88' title="bbox 0 0 1950 6148; baseline 0 0"><span class='ocrx_word' id='word_1_827' title='bbox 0 0 1950 6148; x_wconf 95' lang='lat' dir='ltr'> </span> 
     </span>
    </p>
   </div>
  </div>
 </body>
</html>
