3878 6150
76 258 144 314 {037

490 256 674 316 Jusuuuul
691 256 855 316 NOVELLAE
873 255 1039 317 SELEGTAE.
1059 259 1213 317 uersum
1231 256 1343 317 cumn.

1688 262 1755 319 loss

72 367 123 417 aut
136 361 307 418 asceterium
321 362 532 436 ingrediuntur,
554 369 583 421 ct
602 366 767 438 hujusmodi
782 371 890 423 castam
899 384 929 455 Α
939 368 1050 434 liberos,
1066 374 1116 425 aut
1128 369 1226 425 liberis
1239 374 1271 424 ut
1284 372 1416 441 parentes
1436 367 1485 441 qui
1504 366 1672 424 secularem
1688 387 1755 425 eon-

72 456 318 511 conrersationem
334 457 512 528 relinquunt,
526 459 661 530 jubemus
676 463 766 515 utres
781 478 844 533 que
857 477 890 516 ea

72 553 235 609 conditione
246 554 359 609 donate
373 558 422 610 aut
433 556 539 612 relicte
551 562 626 625 sunt,
643 574 709 613 cum
721 558 776 613 alia
790 575 889 614 eorum

72 651 234 706 substantia
247 651 283 706 ad
299 653 504 708 monasterium
520 658 570 709 aut
587 656 774 727 asceterium,
791 657 819 711 in
833 674 890 729 quo

72 743 154 798 initio
169 749 263 811 eraut,
280 761 347 800 cum
362 745 593 817 ingrederentur,
613 749 783 819 pertineant.
801 750 829 805 Si
845 756 889 807 ta·

72 852 140 892 men
150 838 185 892 ad
195 837 423 909 redemptionem
435 840 620 912 captivorum,
628 845 677 895 aut
685 843 889 899 exhibitionem

73 945 232 1001 pauperum
255 930 400 1002 predictis
421 932 631 989 conditionibus
658 935 818 992 substitutio
842 941 891 993 aut

71 1023 215 1079 restitutio
234 1024 292 1091 fiat,
316 1025 396 1080 nullo
417 1027 621 1099 predictorum
642 1028 795 1085 modorum
817 1030 890 1086 hanc

73 1116 185 1171 excludi
199 1117 393 1173 concedimus.

107 1210 136 1264 Si
160 1211 264 1266 mulier
280 1214 330 1266 aut
342 1213 385 1266 rir
403 1214 591 1268 monasticam
607 1215 693 1270 vitam
719 1216 848 1288 elegerit,
863 1222 892 1273 et

71 1303 283 1358 monasterium
305 1304 493 1376 ingrediatur,
520 1307 586 1360 liliis
610 1325 668 1363 non
692 1309 889 1381 existentibus,

71 1396 221 1467 bonaejus
229 1398 264 1452 ad
274 1378 491 1468 monasterium,
507 1401 583 1471 quod
599 1401 745 1472 ingressus
759 1408 812 1470 est,
823 1421 889 1475 per-

71 1488 164 1544 tinere
174 1489 319 1560 jubemus.
338 1490 365 1546 Si
380 1491 545 1562 hujusmodi
561 1511 684 1566 persona
694 1495 765 1550 lilios
776 1496 889 1567 habeat,

71 1597 165 1652 nequo
180 1583 259 1653 prius
273 1599 359 1655 quam
371 1586 576 1640 monasterium
588 1587 769 1657 ingrediatur
781 1590 816 1644 de
827 1589 891 1644 filiis

71 1672 131 1728 suis
145 1676 320 1730 voluntatem
342 1694 421 1731 suam
436 1678 587 1748 exprimat,
604 1684 633 1734 et
648 1681 808 1752 legitimam
823 1698 889 1754 por-

938 463 1756 534 versationemrelinquunt,tauquamingratoshereditate

939 573 991 611 sua
1005 556 1159 612 excludant
1172 563 1345 629 percensum
1356 555 1481 628 aliquam
1495 572 1559 628 que
1572 557 1757 612 monasticam

938 649 1027 705 vitam
1041 651 1226 722 precesserit.
1243 649 1442 706 luterdicimus
1457 649 1525 705 item
1541 650 1706 721 parentibus
1721 666 1758 705 ne

939 743 1011 799 filios
1024 761 1098 814 suos,
1113 744 1197 799 simul
1212 747 1296 816 atque
1310 744 1494 800 monasticam
1506 743 1593 798 vitam
1607 743 1757 815 elegerint,

939 853 954 892 e
967 837 1174 892 venerabilibus
1183 837 1361 893 monasteriis
1375 838 1549 893 abstrahant.

975 930 1004 986 Si
1012 931 1166 987 monachus
1173 932 1379 986 monasterium
1387 947 1472 985 suum
1483 929 1639 1002 reliquerit,
1646 929 1757 985 etaliud

939 1024 1082 1096 ingressus
1096 1024 1193 1095 luerit,
1206 1031 1256 1080 aut
1268 1041 1313 1079 res
1325 1024 1434 1096 aliquas
1447 1040 1499 1095 per
1512 1024 1539 1078 id
1553 1029 1679 1095 tempus,
1687 1023 1756 1079 dum

940 1118 1142 1172 monasterium
1158 1118 1288 1190 reliquit,
1309 1117 1414 1172 habere
1427 1118 1565 1186 videatur,
1580 1117 1615 1171 ad
1628 1117 1754 1188 primum

940 1211 1153 1278 monasterium,
1169 1210 1198 1265 ln
1213 1211 1290 1282 quod
1306 1211 1386 1265 initio
1401 1210 1545 1282 ingressus
1560 1210 1622 1279 fuit,
1633 1209 1754 1281 hasper-

940 1304 1030 1359 tinere
1036 1303 1274 1375 jubemusl’orro
1282 1304 1619 1375 religiosissimilocorum
1629 1302 1756 1375 episcopi

940 1397 1145 1469 providentiam
1156 1397 1310 1452 adhibento
1321 1413 1356 1451 ue
1365 1397 1498 1452 monachi
1513 1413 1583 1451 neve
1595 1397 1756 1452 monastriae

939 1511 991 1566 per
1003 1495 1086 1550 urbes
1099 1495 1232 1550 oberrent
1238 1513 1246 1563 ;
1262 1495 1309 1550 sed
1330 1494 1352 1549 si
1367 1493 1436 1565 quid
1455 1493 1577 1548 habeant
1592 1493 1626 1547 de
1639 1510 1695 1565 quo
1707 1510 1754 1548 co·

941 1593 1045 1660 gantur
1068 1588 1252 1660 respondere,
1278 1604 1331 1660 per
1354 1587 1547 1659 apocrisiarios
1562 1587 1589 1641 id
1609 1603 1755 1658 suosper·

940 1687 1056 1754 agunto,
1072 1684 1103 1735 ut
1114 1680 1166 1751 ipsi
1177 1681 1206 1734 iu
1217 1681 1275 1735 suis
1283 1683 1470 1751 permaneant
1479 1679 1668 1734 monasteriis.
1676 1680 1755 1744 Quod

69 1767 182 1839 tionem
196 1768 250 1823 illis
268 1768 400 1840 deputet,
416 1771 455 1826 sic
470 1788 583 1842 iquoque
597 1772 707 1828 licitum
724 1775 749 1829 ei
763 1780 833 1842 esto,
846 1776 887 1830 vel
900 1777 927 1848 B
939 1776 960 1829 si
975 1774 1130 1828 monachus
1144 1774 1350 1827 monasterium
1370 1771 1526 1842 reliquerit,
1541 1777 1569 1826 et
1588 1772 1623 1825 ad
1637 1774 1752 1826 secula-

70 1867 136 1932 post
145 1862 311 1917 monasterii
320 1863 491 1934 ingressum,
504 1870 535 1919 ut
547 1866 755 1938 patrimonium
766 1885 848 1922 suum
858 1869 887 1922 in
938 1884 999 1922 rom
1014 1867 1100 1921 vitam
1115 1866 1271 1932 transierit,
1287 1866 1334 1920 hic
1345 1865 1447 1919 militia
1460 1865 1586 1935 primum
1601 1864 1753 1935 ethonore,

70 1953 146 2009 filios
159 1971 223 2007 suos
242 1954 357 2009 dividat.
382 1957 423 2010 lta
438 1960 553 2028 tamen,
570 1963 601 2013 ut
615 1960 685 2013 nulli
702 1977 734 2015 ex
752 1962 812 2032 ejus
824 1961 888 2016 filiis
938 1961 961 2014 si
980 1977 1065 2032 quem
1087 1960 1181 2025 habet,
1198 1959 1358 2013 denudatus
1378 1974 1430 2029 per
1450 1958 1577 2011 locorum
1590 1956 1754 2028 episcopum

70 2045 233 2117 legitimam
251 2049 410 2119 portionem
432 2051 554 2106 minuat.
578 2053 646 2116 One
661 2069 726 2108 vero
741 2071 806 2125 pars
824 2055 888 2109 liliis
938 2058 966 2108 et
980 2051 1131 2124 provincie
1145 2050 1313 2123 presidem,
1330 2051 1359 2104 in
1374 2049 1576 2104 monasterium
1592 2049 1753 2118 remittitor,

73 2139 141 2195 data
151 2157 208 2195 non
219 2142 282 2210 erit,
299 2158 331 2196 ea
344 2142 381 2196 ad
391 2144 598 2198 monasterium
609 2146 760 2217 pertineto.
772 2147 853 2211 Quod
865 2148 889 2202 si
937 2151 966 2202 et
976 2161 1099 2218 resques
1112 2153 1207 2217 postea
1225 2144 1330 2198 habere
1346 2146 1518 2198 monstratus
1533 2142 1629 2212 fuerit,
1641 2143 1675 2196 ud
1690 2160 1752 2198 mo-

71 2249 191 2287 omnem
211 2235 399 2289 substantiam
423 2235 499 2291 inter
517 2237 591 2291 lilios
613 2239 737 2294 dividere
756 2240 886 2307 voluerit,
937 2239 1094 2295 hasterium
1109 2239 1136 2292 in
1150 2238 1227 2309 quod
1240 2237 1407 2291 immittitur
1424 2235 1596 2307 pertinento.
1613 2235 1643 2290 Si
1660 2236 1753 2290 denuo

70 2327 190 2398 propria
203 2328 264 2398 eJ'us
276 2343 399 2399 persona
414 2329 480 2382 filiis
497 2336 711 2403 connumerata,
731 2349 822 2388 unam
835 2333 889 2388 sibi
937 2349 1051 2405 quoque
1070 2331 1273 2386 monasterium
1295 2331 1445 2401 relinquet,
1469 2333 1536 2384 tunc
1559 2344 1664 2400 preses
1687 2345 1754 2384 eum

71 2425 183 2490 partem
200 2419 333 2475 omnibus
351 2420 444 2476 modis
460 2429 613 2494 reservato,
633 2441 697 2496 que
717 2427 810 2498 adjus
824 2443 887 2483 mo·
937 2425 1089 2498 provincie
1112 2425 1142 2480 in
1161 2441 1220 2497 qua
1240 2425 1372 2479 inventus
1393 2422 1481 2478 luerit
1492 2422 1627 2490 detineto,
1645 2427 1674 2478 et
1687 2423 1754 2477 sub-

70 2512 187 2568 nasterii
200 2512 342 2584 pertinere
354 2514 465 2570 debeat.
480 2516 509 2570 Si
524 2533 588 2571 curn
605 2517 634 2572 in
648 2520 821 2575 monasterio
838 2521 886 2575 de·
935 2520 1018 2591 jectae
1033 2519 1085 2573 sibi
1098 2518 1208 2573 cohorti
1220 2522 1433 2572 connumerato.

72 2609 131 2678 gat,
144 2608 297 2677 antequam
312 2606 386 2661 inter
398 2607 470 2662 lilios
483 2608 561 2664 bona
574 2626 625 2664 sua
646 2611 806 2684 distribuet,
825 2630 886 2669 mo·
974 2612 1080 2683 Siquis
1103 2610 1261 2678 ascetriam,
1283 2615 1332 2665 aut
1353 2608 1560 2674 diaconissam,
1582 2610 1631 2662 aut
1653 2623 1752 2662 mona·

70 2700 172 2767 rietur,
195 2699 353 2770 legitimam
382 2705 492 2771 partem
520 2701 570 2757 lilii
595 2704 718 2775 capient,
745 2706 887 2778 reliquum
937 2705 1045 2770 striam,
1067 2709 1117 2759 aut
1137 2704 1221 2759 aliam
1243 2703 1404 2771 mulierem,
1424 2718 1489 2774 que
1511 2700 1753 2755 sanctimonialem

71 2791 277 2863 patrimonium
293 2794 328 2848 ad
339 2795 544 2850 monasterium
563 2797 713 2867 pertineto.
938 2797 1022 2853 vitam
1034 2797 1291 2868 celithabitumque
1303 2800 1393 2867 gestat
1403 2795 1540 2866 rapuerit,
1556 2798 1607 2848 aut
1621 2793 1753 2848 sollicita-

107 2887 195 2940 Porro
213 2885 349 2957 legitimis
367 2886 442 2942 inter
454 2888 564 2960 aliquos
581 2890 759 2960 sponsalibus
774 2895 888 2947 coutra-
938 2891 1018 2958 verit,
1033 2889 1327 2961 auteonstupraverit,
1338 2889 1473 2959 jubemus
1492 2892 1524 2942 ut
1539 2890 1598 2941 tom
1611 2887 1698 2959 hujus
1710 2903 1754 2943 res

71 2979 133 3044 etis,
150 2979 383 3051 sivesponsusin
398 2981 803 3054 monasteriumiugrediatur,
820 2986 889 3041 reci·
937 3000 1130 3057 quomeorum
1145 2983 1194 3055 qni
1208 2983 1239 3037 in
1254 2981 1416 3053 hujusmodi
1435 2997 1464 3036 se
1475 2981 1578 3035 scelere
1589 2979 1655 3034 huic
1665 2980 1754 3034 socia·
1822 3017 1827 3026 .

70 3071 130 3143 pito
151 3088 185 3126 ea
207 3088 271 3143 que
290 3088 342 3143 pro
363 3074 543 3145 sponsalibus
568 3076 662 3131 arrhe
687 3077 803 3134 nomine
822 3079 888 3134 data
937 3080 1015 3147 runt,
1031 3077 1185 3133 venerabili
1203 3077 1263 3130 loce
1287 3075 1315 3129 in
1336 3092 1393 3148 quo
1415 3074 1478 3129 talis
1493 3072 1597 3128 mulier
1610 3073 1756 3129 habitabat

70 3165 137 3231 sint,
153 3165 212 3219 sive
228 3181 330 3236 sponsa
348 3168 533 3223 monasticam
552 3169 637 3224 vitam
653 3171 750 3242 eliget,
765 3172 814 3227 illa
828 3140 925 3228 solae
938 3170 1220 3244 perreligiosissimos
1231 3169 1360 3224 locorum
1370 3167 1518 3239 episcopos
1528 3169 1556 3221 et
1566 3182 1667 3221 eorum
1677 3182 1752 3221 eco-

69 3258 193 3325 roddito,
209 3274 274 3329 que
291 3258 422 3314 similiter
434 3261 527 3315 arrhae
541 3262 657 3317 nominc
670 3264 789 3336 accepit.
803 3266 888 3321 Poena
937 3281 1047 3334 nomos,
1063 3280 1157 3335 neque
1171 3278 1229 3317 non
1248 3265 1276 3316 et
1293 3262 1430 3332 cujusque
1452 3258 1601 3331 provincie
1621 3258 1754 3330 presides

70 3352 187 3422 utrique
202 3367 331 3423 persone
346 3369 397 3423 per
406 3352 613 3425 indulgentiam
628 3357 756 3412 remissa.
772 3358 888 3422 Quodsi
937 3374 968 3412 ac
983 3358 1111 3412 cohortes
1129 3371 1227 3411 eorum
1241 3354 1430 3409 vindicentur.
1444 3352 1496 3416 Qui
1517 3367 1583 3406 vero
1599 3352 1662 3405 talia
1679 3350 1750 3405 deli-

69 3449 218 3500 constante
238 3444 331 3500 adhuc
353 3447 539 3502 matrimonio
554 3448 598 3503 vel
610 3450 730 3504 maritus
743 3451 828 3520 solus,
844 3451 888 3507 vel
938 3453 1070 3521 querunt,
1092 3455 1141 3503 aut
1162 3446 1273 3502 sceleris
1287 3463 1353 3501 curn
1376 3445 1444 3516 ipsis
1464 3445 1626 3499 societatem
1644 3444 1752 3499 habue-

70 3554 145 3593 uxor
159 3539 220 3593 sola
231 3538 437 3594 monasterium
448 3539 638 3611 ingrediatur,
653 3542 812 3599 dissolvitor
824 3561 886 3600 ma·
937 3547 1013 3610 runt,
1029 3542 1186 3614 periculum
1199 3540 1275 3612 quod
1297 3558 1332 3595 ex
1351 3540 1415 3611 lege
1428 3537 1573 3609 irrogatur
1585 3537 1751 3593 sustineant.

68 3631 238 3688 trimonium
251 3633 293 3686 vel
314 3631 376 3687 sine
395 3631 491 3687 libello
504 3634 632 3706 repudii,
649 3635 732 3691 simul
746 3640 830 3710 atque
844 3643 886 3693 ta·
937 3636 1081 3708 Ejusmodi
1096 3651 1209 3708 quoque
1222 3633 1327 3688 mulier
1343 3632 1447 3704 ubique
1460 3631 1630 3704 requiratur,
1645 3635 1753 3686 etcum

69 3741 139 3780 meu
154 3739 348 3796 personaque
362 3726 566 3781 monasterium
580 3728 742 3800 ingreditur
755 3732 888 3787 monasti·
936 3730 1020 3785 rebus
1035 3730 1092 3784 suis
1106 3728 1273 3800 conjiciatur
1286 3727 1316 3782 in
1333 3725 1545 3794 monasterium,
1567 3725 1598 3779 in
1611 3739 1668 3796 quo
1683 3740 1751 3780 eau-

69 3833 136 3873 cum
150 3817 279 3873 habitum
295 3819 460 3890 susceperit.
475 3821 509 3876 Et
521 3821 638 3892 quidem
652 3822 675 3876 si
691 3824 810 3879 maritus
823 3842 885 3880 mo-
936 3826 992 3880 tius
1004 3823 1139 3878 asservari
1153 3824 1253 3894 possit,
1274 3838 1310 3877 ne
1323 3837 1421 3876 rursus
1435 3820 1464 3875 iu
1481 3817 1582 3875 eodem
1598 3819 1754 3890 deprehen·

68 3913 207 3968 hosticam
221 3910 308 3966 vitam
322 3911 467 3983 delegerit,
483 3913 624 3969 restituito
636 3915 749 3972 mulieri
765 3921 821 3972 tam
835 3919 885 3974 do·
936 3918 1020 3972 datur
1031 3915 1159 3971 crimine.
1178 3917 1259 3971 Plane
1275 3915 1299 3969 si
1312 3913 1466 3969 diaconissa
1486 3911 1531 3979 sit,
1555 3917 1583 3968 et
1602 3911 1677 3967 lilios
1700 3912 1752 3966 ha-

68 4009 138 4073 tern,
152 4009 181 4058 et
194 4003 217 4058 si
227 4003 298 4075 quid
316 4004 436 4059 aliudah
447 4021 481 4060 ea
491 4005 617 4078 percepit
625 4023 711 4079 quam
720 4010 839 4083 insuper
852 4028 886 4068 ex
934 4012 1001 4066 beet
1014 4011 1165 4084 legitimos,
1179 4009 1307 4081 legitima
1321 4025 1386 4080 pars
1400 4008 1481 4062 dator
1492 4006 1568 4061 siliis.
1579 4006 1607 4061 si
1620 4005 1695 4061 intra
1704 4021 1753 4061 an-

69 4097 193 4170 nuptiali
204 4097 356 4152 donatione
366 4103 424 4153 tam
439 4104 692 4173 magnampartem
705 4107 811 4176 quanta
822 4121 885 4161 mu·
936 4121 1101 4177 numquam
1115 4102 1256 4175 ejusmodi
1266 4082 1497 4166 scelus'lnnotuit,
1508 4098 1666 4154 istiusmodi
1676 4113 1721 4153 res
1735 4114 1753 4152 a

69 4192 135 4247 lieri
150 4191 330 4262 competisset
345 4207 378 4247 ex
391 4195 485 4247 morte
499 4193 594 4249 mariti
604 4184 762 4253 secundum
772 4205 887 4270 pactum
936 4199 1140 4256 venerabilibus
1153 4196 1284 4253 domibus
1304 4194 1450 4249 vindicate
1468 4208 1525 4246 nou
1547 4197 1646 4257 erunt,
1665 4190 1750 4261 jube-

70 4290 244 4340 conventum
253 4285 330 4357 quod
338 4286 479 4341 dotalibus
486 4286 682 4344 instrumentis
689 4291 885 4348 insertumest.
935 4310 999 4348 mus
1012 4294 1044 4346 ut
1054 4291 1186 4347 omnibus
1199 4288 1291 4343 modis
1304 4301 1396 4341 comes
1408 4300 1503 4340 rerum
1519 4282 1692 4354 privatarum
1701 4298 1753 4338 uo-

71 4379 120 4434 Sin
147 4377 251 4432 mulier
273 4379 477 4434 monasterium
509 4381 638 4454 ingressa
670 4382 715 4454 sit,
748 4386 886 4441 consimili
934 4390 992 4440 stro
1005 4401 1052 4440 eas
1069 4384 1137 4439 fisco
1160 4382 1290 4449 addicat,
1315 4377 1436 4450 preside
1455 4377 1581 4432 locorum
1596 4375 1751 4448 quiuteas

70 4470 159 4527 modo
175 4471 294 4526 maritus
311 4473 468 4543 nuptialem
481 4473 533 4529 sibi
546 4475 729 4532 donationem
744 4479 866 4535 retineto
876 4522 883 4550 ,
894 4506 925 4580 D
935 4495 981 4534 res
995 4477 1152 4533 vindicaret
1167 4475 1202 4531 ad
1218 4468 1438 4530 sollicitudinem
1460 4485 1540 4524 suam
1562 4485 1620 4523 non
1634 4484 1749 4525 revoce-

70 4571 99 4621 et
109 4581 207 4620 casum
222 4563 294 4619 dotis
304 4565 352 4637 qui
364 4582 398 4621 ex
409 4572 501 4623 morte
510 4569 639 4624 mulieris
650 4576 732 4642 pacto
744 4589 885 4628 couvene-
935 4571 1007 4628 verit
1026 4563 1141 4644 cingulo
1163 4567 1319 4641 spoliando,
1344 4565 1490 4636 multaque
1510 4563 1545 4618 ab
1569 4579 1602 4618 eo
1623 4562 1751 4635 quinque

69 4663 114 4714 rat
128 4657 268 4730 reliquum
284 4657 357 4714 dotis
369 4660 483 4715 mulieri
496 4662 644 4719 restituere
657 4665 846 4737 precipimus,
859 4671 887 4723 et
935 4666 1073 4721 librarum
1088 4664 1149 4720 auri
1163 4678 1216 4735 per
1238 4661 1370 4716 comitem
1388 4674 1486 4714 rerum
1503 4657 1676 4729 privatarum
1689 4656 1750 4711 exi·

68 4751 176 4828 siquid
189 4750 266 4806 aliud
280 4767 315 4806 ex
330 4752 414 4807 rebus
431 4754 524 4809 uxoris
539 4756 615 4826 apud
629 4757 723 4828 ipsum
738 4759 887 4817 inventum
937 4760 1039 4832 ganda.
1053 4761 1084 4814 ln
1097 4757 1263 4814 universum
1279 4758 1375 4809 autem
1388 4750 1613 4822 omnibusquiin
1623 4747 1751 4804 secuml

68 4845 133 4900 erit.
160 4843 190 4899 Si
212 4844 326 4917 utrique
346 4862 413 4901 vero
437 4848 619 4905 monasticam
640 4850 725 4907 vitam
751 4854 884 4925 deligant,

64 4937 204 5010 jubemus
212 4941 245 4993 ut
253 4937 392 4995 dotalibus
406 4938 600 4998 instrumentis
614 4945 787 5016 vacantibus,
800 4949 885 5002 niari-

68 5037 116 5087 tus
130 5030 286 5102 nuptialem
300 5032 484 5090 donatiouem
506 5037 638 5105 retineat,
655 5043 685 5094 et
704 5057 776 5095 uxor
790 5041 886 5097 dotem

68 5137 163 5191 suam,
173 5128 201 5178 et
211 5122 233 5179 si
251 5125 321 5197 quid
331 5127 407 5184 aliud
422 5133 560 5198 preterea
575 5129 679 5187 marito
694 5133 804 5189 dedisse
819 5151 885 5206 pro-

68 5217 193 5285 babitur,
217 5218 344 5290 recipiat,
375 5226 406 5276 ut
435 5222 628 5295 unusquisque
650 5226 734 5281 rebus
755 5227 812 5282 suis
826 5227 886 5282 sine

69 5311 177 5365 damno
192 5311 355 5381 perfruatur
368 5332 375 5369 :
392 5314 447 5369 nisi
459 5332 579 5387 sponsus
591 5334 712 5389 sponse,
724 5325 774 5374 out
783 5334 887 5392 sponsa

68 5420 185 5476 sponso,
207 5410 257 5460 aut
275 5407 394 5462 maritus
415 5409 506 5479 uxori,
527 5427 633 5467 rixorve
658 5413 761 5468 marito
780 5415 886 5486 aliquid

69 5501 182 5558 donare
208 5508 259 5559 aut
280 5504 427 5561 remittere
449 5508 586 5577 voluerit,
610 5510 723 5582 quando
739 5528 831 5583 neque
852 5529 887 5568 ex

67 5595 162 5670 pactis
175 5595 349 5668 nuptialibus
361 5598 420 5654 viro
431 5604 480 5656 aut
492 5602 605 5658 mulieri
616 5603 772 5676 quidquam
784 5606 887 5662 lucrari

68 5689 246 5747 conceditur.

106 5782 221 5842 Nullam
234 5787 331 5842 mem
344 5784 488 5844 limntiam
500 5788 603 5846 damus
617 5796 666 5847 aut
680 5792 844 5866 perentibus
857 5795 889 5851 ut

935 4854 993 4909 vita
1006 4856 1218 4918 conversantur,
1238 4854 1267 4905 et
1288 4846 1412 4903 maxime
1436 4845 1480 4901 his
1503 4844 1554 4917 qui
1580 4843 1610 4898 in
1636 4859 1750 4898 scenam

936 4948 1085 5020 prodeunt,
1100 4946 1166 5000 viris
1175 4945 1258 5017 juxta
1270 4946 1298 4998 et
1310 4939 1487 5009 mulieribus,
1495 4952 1655 5010 nequeuon
1665 4935 1751 4991 etiam

935 5041 1093 5114 prostitutis
1117 5037 1326 5105 interdicimus,
1351 5050 1388 5091 ne
1414 5032 1512 5088 habitu
1536 5029 1677 5098 monaehi,
1706 5028 1752 5084 vel

936 5135 1107 5203 monastrie,
1136 5134 1180 5187 vel
1207 5129 1334 5187 ascetriae
1358 5131 1484 5195 utantur,
1509 5129 1559 5180 aut
1581 5139 1751 5196 quocunque

936 5229 1020 5294 ruodo
1034 5244 1101 5284 eum
1116 5227 1263 5282 imitentur
1278 5240 1285 5278 :
1300 5221 1410 5277 scituris
1431 5219 1564 5275 oniuibus
1579 5217 1629 5291 qui
1645 5218 1689 5274 vel
1703 5217 1752 5273 tali

937 5323 1035 5379 babitu
1051 5322 1101 5389 uti,
1116 5321 1158 5376 vel
1172 5335 1237 5374 euin
1257 5316 1377 5383 imitari,
1395 5315 1439 5369 vel
1454 5314 1484 5370 in
1496 5328 1696 5387 quemcunque
1709 5326 1751 5365 ec·

937 5416 1122 5472 clesiasticum
1144 5416 1250 5469 statum
1272 5408 1392 5466 illudere
1413 5406 1655 5482 presumpserint,
1675 5400 1752 5474 quod

937 5516 966 5566 el
981 5509 1106 5581 corporis
1121 5505 1258 5579 supplicia
1270 5503 1466 5572 sustinebunt,
1482 5505 1511 5558 et
1522 5503 1552 5557 in
1566 5498 1682 5555 exilium
1696 5499 1753 5550 tra·

938 5607 1051 5670 dentur,
1068 5600 1274 5675 providentiam
1287 5599 1317 5654 in
1337 5596 1502 5669 hujusmodi
1515 5610 1575 5650 rem
1590 5605 1752 5646 accommo-

938 5697 1072 5754 dantibus
1084 5712 1143 5752 non
1160 5696 1253 5751 solum
1272 5689 1489 5764 religiosissimis
1506 5689 1631 5742 locorum
1647 5683 1754 5755 episco-¹

937 5792 993 5868 pis,
1007 5796 1036 5848 et
1051 5789 1170 5848 subditis
1183 5789 1224 5845 eis
1235 5787 1356 5857 clericis,
1372 5783 1424 5839 sed
1436 5781 1531 5837 etiam
1539 5778 1676 5833 eisit'xtms
1682 5777 1771 5829 mba-
