3884 6150
149 294 200 360 stt
630 294 922 360 sanctissinum,
943 294 1157 353 lllSPhLENSlS
1177 294 1339 360 aristaei,
1784 296 1835 350 880

148 409 253 476 saeculi,
274 409 342 465 nolo
357 414 384 464 te
398 407 509 478 fulgore
523 404 616 459 carnis
638 405 774 460 decorari.
789 405 851 462 Cito
866 411 964 460 movet
975 418 1004 490 Α
1014 409 1097 475 putas
1123 410 1284 475 corruptam
1300 403 1388 458 habet
1402 405 1553 458 mentcmt
1566 403 1680 476 Triplex
1703 402 1834 458 commisi

148 504 270 559 alienam
283 502 433 557 libidinem
443 515 509 554 caro
523 503 631 564 ornata,
646 502 675 552 et
685 503 814 571 aspectus
824 499 964 569 juvenum
1015 497 1203 553 adulterium:
1218 497 1332 566 mentis,
1350 513 1414 568 quea
1432 496 1520 551 talem
1542 495 1681 551 meditata
1694 499 1738 551 est
1752 495 1830 549 frau-

139 598 180 653 in
195 614 224 652 se
234 599 374 667 provocat,
389 608 490 665 quaese
499 592 650 663 componit
659 597 692 646 ut
706 596 804 647 ornata
815 591 962 663 procedat.
1014 591 1094 658 dem3
1110 591 1245 662 corporis,
1264 608 1329 662 quea
1339 590 1477 662 figmento
1489 589 1611 644 mutavit
1622 589 1768 661 speciem;
1784 605 1832 642 rc·

147 690 260 745 Placere
274 687 346 741 velle
362 685 451 741 oculis
465 685 575 752 alienis,
594 685 711 740 allectus
724 689 768 739 est
780 684 938 740 meretricis
953 702 961 752 ;
1014 684 1106 751 stitus,
1129 700 1194 756 quae
1213 701 1270 738 non
1290 684 1416 755 proprio,
1431 683 1480 738 sed
1500 683 1592 738 alieno
1606 683 1716 754 fragrat
1736 681 1830 736 odore.

150 787 179 837 et
193 781 227 836 ad
241 779 338 852 spousi
360 778 480 833 coelcstis
492 780 615 833 refertur
628 778 774 849 injuriam,
789 778 811 832 si
833 778 872 833 ita
884 779 962 832 ince-
1013 777 1061 831 llis
1074 778 1155 831 malis
1174 778 1255 849 virgo
1267 778 1373 846 nescia,
1396 793 1496 831 sexum
1519 777 1614 843 habet,
1628 782 1657 831 et
1676 792 1764 830 sexus
1787 791 1833 829 ne·

150 876 199 930 das
211 879 244 928 ut
254 872 341 927 oculis
353 871 514 927 libidinosis
525 872 647 942 placeas.
666 872 742 939 Esto,
757 887 863 942 quaeso,
874 871 963 940 judex
1013 871 1173 925 cessitatem
1186 870 1309 942 ignorat.
1326 870 1466 925 Feminea
1479 869 1639 940 fragilitatis
1653 868 1746 924 oblita
1760 869 1832 939 rigo

148 969 225 1022 inter
234 967 372 1021 nubentes
388 970 417 1019 et
427 965 567 1035 virgines:
580 981 660 1036 spem
672 964 820 1036 utriusque
835 963 964 1020 conside·
1014 980 1045 1017 re
1060 963 1278 1030 virilisubsistit,
1293 967 1378 1035 atque
1392 963 1540 1018 infirmum
1551 962 1769 1018 serumrirtute
1786 978 1831 1016 so·

149 1077 190 1129 ra,
201 1059 264 1132 quis
273 1075 360 1131 quam
373 1061 468 1112 teneat
478 1058 553 1111 viam
568 1058 686 1113 aestima.
702 1057 787 1129 Virgo
800 1056 894 1112 studet
907 1058 964 1128 pla·
1014 1056 1130 1111 lidavit:
1146 1073 1198 1111 nec
1211 1057 1320 1111 addixit
1335 1057 1470 1112 servitute
1484 1056 1680 1128 corpus,qnod
1694 1056 1763 1126 loge
1780 1072 1832 1108 na-

149 1169 212 1208 cerc
227 1155 305 1222 De03
322 1155 410 1222 nupta
428 1152 543 1206 saeculo.
558 1151 643 1222 Virgo
664 1154 758 1204 serrat
770 1151 962 1221 integritatem
1013 1153 1084 1204 turae
1100 1151 1160 1204 viro
1175 1150 1310 1221 subjacet.
1326 1150 1503 1221 Felixrirgo,
1513 1165 1689 1221 quaecorpns
1699 1148 1832 1203 trahitex

151 1263 206 1319 qua
218 1251 286 1300 nata
301 1250 360 1313 est,
377 1251 466 1314 nupta
479 1244 679 1315 corrumpitur.
701 1245 735 1298 Et
746 1243 830 1314 quale
844 1248 895 1312 est,
914 1242 963 1296 ubi
1013 1244 1080 1311 Eva,
1093 1259 1152 1297 non
1162 1243 1296 1313 poenaml
1312 1243 1361 1297 llla
1371 1243 1480 1313 peceati
1489 1242 1592 1297 merito
1606 1241 1683 1297 audit
1695 1258 1702 1297 :
1714 1243 1770 1298 Sub
1778 1244 1834 1296 uiri

150 1359 207 1398 non
220 1347 367 1413 permanet
376 1341 527 1409 integrant
537 1340 620 1409 capit
630 1355 689 1393 esse
702 1343 804 1393 tratura
813 1340 826 1392 ‘l
836 1339 962 1392 Primum
1010 1341 1143 1406 potestate
1154 1341 1217 1398 eris,
1228 1342 1253 1391 et
1263 1341 1292 1391 in
1307 1338 1443 1392 doloribus
1454 1340 1544 1407 portes
1560 1336 1633 1405 (Gen.
1646 1335 1676 1401 tl.
1693 1336 1736 1389 Tu
1750 1335 1834 1405 virgi-

150 1435 245 1490 dirino
260 1433 340 1504 operi
351 1433 494 1503 irrogatur
508 1432 622 1502 injuria,
634 1432 703 1487 dum
714 1432 790 1503 quod
801 1431 846 1486 ille
860 1431 964 1485 torma·
1013 1429 1132 1484 nitatem
1144 1429 1259 1502 adepta,
1273 1447 1289 1483 a
1303 1430 1352 1484 tali
1361 1431 1431 1501 jugo
1446 1430 1593 1484 excussisti
1606 1428 1748 1483 cervicem
1756 1446 1764 1496 ;
1781 1445 1832 1482 nce

150 1529 191 1582 rit
208 1529 354 1598 integrum
365 1526 482 1580 libidine
493 1525 695 1595 corrumpitur,
709 1524 828 1578 libidine
842 1524 964 1579 macula·
1014 1539 1110 1594 pressa
1120 1523 1214 1594 jugali
1235 1524 1401 1578 necessitate
1420 1523 1582 1579 curvaberis
1596 1522 1634 1576 ad
1648 1518 1769 1592 teman,
1785 1523 1831 1577 sed

150 1624 208 1675 tur.
226 1621 255 1674 ln
270 1637 318 1674 vos
338 1621 410 1673 lleus
428 1619 573 1688 cognoscit
586 1634 656 1688 opus
669 1634 751 1672 suum
765 1634 774 1687 ;
795 1633 863 1688 quas
885 1620 964 1672 tenet
1013 1620 1043 1674 in
1055 1620 1170 1675 sublimi
1180 1624 1271 1675 erecta
1282 1621 1365 1676 coelos
1375 1621 1507 1692 suspicis;
1521 1625 1552 1676 ut
1561 1623 1637 1678 unde
1649 1621 1700 1676 illa
1709 1622 1829 1676 vetitum

151 1713 297 1781 saeculum,
312 1717 340 1767 et
352 1728 409 1765 non
421 1710 596 1781 cormmpit;
611 1726 682 1781 quas
691 1711 761 1765 tales
771 1711 845 1765 Deus
854 1709 961 1781 recipit,
1014 1713 1214 1784 praesumendo
1228 1714 1337 1781 cecidit,
1346 1714 1396 1769 ubi
1408 1717 1438 1769 tu
1449 1715 1526 1770 licita
1539 1715 1751 1771 contemnendo
1761 1731 1828 1768 con·

151 1808 248 1878 quales
256 1805 330 1860 lecit.
341 1803 442 1859 Omnia
450 1804 544 1875 itaque
559 1803 744 1858 restauranda
757 1807 823 1858 sunt
835 1803 865 1857 in
875 1800 1004 1872 resur-B
1016 1808 1170 1863 scenderes.
1195 1808 1251 1862 Eva
1274 1809 1396 1879 gustavit
1409 1808 1444 1864 de
1458 1807 1566 1875 illicito,
1582 1814 1611 1864 et
1632 1809 1828 1879 uirginitatem

122 1908 131 1927 '
150 1900 278 1955 rectione
291 1915 355 1970 quae
370 1914 447 1953 nunc
461 1901 582 1968 pereunt
602 1896 636 1952 de
657 1913 787 1969 corpore.
813 1896 966 1967 Virginitas
1016 1900 1147 1971 perdidit.
1162 1901 1273 1956 Licebat
1286 1901 1395 1957 nubere
1407 1901 1522 1972 virgini,
1538 1902 1588 1956 sed
1602 1919 1666 1974 quae
1683 1919 1742 1957 non
1756 1919 1828 1973 nup-

151 1996 240 2052 semel
252 1996 363 2069 perdita
376 2011 428 2051 nec
442 1995 486 2049 hic
498 1998 655 2068 reparatur,
671 2012 723 2051 nec
736 1995 766 2049 in
780 1995 876 2050 futuro
891 1994 963 2049 reci·
1016 1994 1062 2061 sit,
1079 1994 1188 2065 angelis
1206 1994 1336 2049 adhaesit.
1350 1999 1382 2051 ln
1394 1998 1613 2052 resurrectionen
1624 1999 1698 2051 enim
1712 2013 1767 2051 non
1779 2013 1828 2051 nu-

150 2090 238 2161 pitur.
263 2091 367 2144 Verum
387 2092 431 2142 est
449 2088 527 2160 quod
550 2090 622 2143 [leus
636 2089 807 2160 praeceperit
830 2087 945 2160 nuptias
954 2106 963 2158 3
1017 2089 1092 2150 bunt,
1109 2104 1193 2158 neque
1203 2088 1298 2143 arares
1312 2089 1413 2144 ducunt
1423 2108 1432 2155 ς
1443 2090 1491 2145 sed
1502 2095 1582 2145 erum
1594 2093 1665 2146 sicut
1678 2092 1773 2159 anpeti
1786 2094 1830 2146 Dei

150 2187 201 2242 sed
214 2187 328 2255 idcirco,
342 2190 375 2241 ut
386 2186 453 2241 inde
465 2192 630 2242 nasceretur
642 2186 807 2257 virginitas:
822 2191 855 2241 ut
868 2185 963 2240 multi·
1016 2181 1124 2251 (natta.
1136 2182 1214 2253 xxii).
1223 2181 1389 2254 Vide,rirgo
1397 2199 1461 2254 quaa
1469 2199 1528 2238 non
1538 2184 1630 2254 nubit,
1637 2186 1752 2257 angelis
1759 2201 1828 2240 corn

150 2279 253 2351 plicata
275 2279 418 2350 virginum
443 2280 626 2347 successione,
641 2279 801 2334 lucraretur
818 2278 848 2333 in
873 2278 963 2349 prole,
1015 2280 1142 2346 paratur.
1163 2275 1239 2331 Licet
1255 2276 1334 2330 enim
1353 2276 1472 2347 gignere
1494 2277 1584 2346 filios;
1600 2279 1650 2334 scd
1668 2294 1734 2350 quae
1758 2279 1826 2333 hanc

151 2372 229 2444 quod
242 2371 551 2444 perdiderantnuptiae.
565 2371 966 2442 Etradiretlructusnuptia·
1015 2373 1182 2439 spreverunt
1209 2369 1418 2438 necessitatem,
1441 2370 1583 2426 Christum
1610 2371 1755 2427 dicentem
1778 2389 1826 2426 au·

152 2482 217 2522 rum
229 2465 378 2537 virginitas
392 2469 443 2519 est.
457 2466 494 2521 lle
507 2465 639 2537 conjugio
648 2470 722 2520 certe
735 2464 963 2536 nasciturrirgo:
1015 2461 1114 2516 diunt:
1129 2465 1328 2518 Beutaestcrites
1338 2479 1459 2533 quaenon
1473 2469 1631 2531 paruerunt,
1642 2470 1670 2519 et
1681 2466 1828 2536 uternam

151 2575 215 2631 quae
229 2559 252 2613 si
266 2574 321 2613 non
334 2558 537 2629 corrumpitur,
546 2559 581 2613 ad
592 2559 758 2630 nuptiarum
768 2558 883 2613 additur
895 2574 966 2629 prae-
1014 2571 1068 2609 non
1090 2555 1259 2610 lactaverunt
1280 2556 1351 2625 (Luc.
1365 2558 1452 2627 xxiii).
1467 2558 1488 2611 E
1502 2557 1642 2612 contrario
1655 2558 1713 2614 illic
1728 2559 1828 2613 dicitur

151 2653 254 2707 mium.
277 2652 385 2707 Habent
398 2657 493 2722 nuptae
506 2652 582 2706 unde
597 2652 740 2719 loetentur,
756 2652 781 2705 si
798 2651 842 2706 sui
855 2652 964 2706 tructus
1016 2648 1129 2719 nuptis:
1148 2651 1194 2704 Va
1212 2651 1415 2720 preparantibus
1428 2655 1453 2705 et
1466 2653 1647 2707 nutrientibus
1660 2655 1690 2706 in
1709 2653 1761 2707 itta
1777 2653 1827 2707 dte.

151 2745 256 2800 coelesti
268 2745 373 2800 horreo
387 2750 572 2816 reponantur.
592 2745 632 2801 Tu
647 2761 761 2816 quoque
779 2744 964 2799 communion
1015 2743 1110 2813 ltaque
1118 2741 1236 2812 virginci
1244 2759 1342 2797 sensus
1353 2761 1405 2814 pro
1415 2743 1669 2814 tiliisreputantur.
1677 2745 1751 2810 Quid
1763 2761 1827 2816 crgo

139 2842 301 2910 'parentum
311 2838 468 2893 cumulabis
479 2838 599 2907 merita;
615 2838 670 2893 tuis
680 2838 794 2909 utrique
808 2838 964 2893 honoribus
1014 2835 1194 2906 quaeritquos
1208 2836 1342 2906 pariendo
1357 2837 1459 2906 doleat,
1471 2853 1535 2909 quae
1545 2837 1606 2909 pios
1620 2839 1707 2894 habet
1720 2856 1827 2906 sensus,

150 2930 397 2999 munerabuntur3
412 2936 440 2986 te
453 2932 532 3001 prole
545 2931 655 2986 Christo
669 2931 842 3000 adherente,
856 2931 909 3002 ipsi
923 2947 965 2986 re·
1014 2928 1117 2999 quibus
1130 2928 1292 2984 meditando
1302 2930 1506 3001 congaudenti
1524 2934 1637 3002 Propter
1650 2935 1775 2988 timorem
1787 2940 1827 2987 tu-

152 3023 259 3094 cipient
268 3022 396 3077 infructu
404 3022 478 3094 quod
488 3023 516 3076 in
527 3024 632 3094 cespite
643 3024 840 3095 perdiderunt.
850 3025 963 3092 Recole,
1013 3037 1068 3084 um,
1083 3024 1202 3083 Domata,
1215 3023 1318 3094 inquit,
1331 3027 1360 3079 tn
1373 3029 1448 3080 utero
1457 3028 1616 3097 acupentu,
1637 3031 1664 3081 et
1673 3029 1826 3097 portunu-

152 3132 219 3171 mea
243 3131 331 3180 soror,
361 3116 550 3169 humanarum
572 3117 736 3187 nuptiarum
761 3133 914 3186 aerumnas,
935 3120 964 3170 et
1013 3131 1071 3170 rnrrs
1085 3118 1217 3185 Spiritum
1231 3117 1330 3172 solutis
1352 3120 1426 3186 (lsai.
1440 3119 1523 3189 xxvi).
1538 3119 1824 3191 Eccetelixconcep·

152 3210 249 3265 claude
263 3209 367 3278 oculos,
381 3224 417 3263 ne
436 3206 530 3263 rideas
551 3209 713 3264 vanitatem.
732 3209 826 3264 Prima
840 3210 964 3282 pericula
1014 3210 1063 3274 tio,
1074 3209 1237 3280 incorrupta
1246 3211 1407 3282 progenies,
1420 3211 1496 3266 utilis
1503 3216 1620 3283 partus:
1637 3213 1685 3268 ubi
1700 3217 1730 3268 et
1738 3215 1827 3286 proles

150 3303 314 3375 nuptiarum
329 3300 390 3356 hae
404 3306 487 3357 sunt:
508 3302 665 3373 corruptio,
680 3303 868 3374 corruptionis
887 3303 964 3357 fasti·
1012 3303 1096 3357 bonae
1111 3303 1289 3374 cogitationis
1301 3304 1403 3371 editur,
1413 3305 1600 3376 etignoratur
1612 3306 1709 3362 dolor.
1724 3308 1776 3362 Tot
1788 3310 1825 3362 te·

151 3397 208 3467 dia,
223 3396 335 3468 pondus
345 3395 419 3450 uteri
430 3396 576 3467 gravidati,
591 3396 670 3451 dolor
682 3400 780 3468 partus
793 3396 962 3468 plerumque
1013 3395 1077 3449 licia
1090 3397 1229 3467 germina,
1243 3402 1314 3469 quot
1326 3401 1430 3452 sanctas
1449 3400 1644 3470 cogitationes,
1659 3401 1745 3456 toties
1758 3419 1821 3456 con·

151 3491 187 3546 ad
200 3490 351 3545 discrimen
363 3489 465 3544 mortis
479 3489 656 3561 perveniens,
672 3489 719 3544 ubi
732 3495 760 3544 et
770 3506 874 3545 munus
890 3507 961 3562 nup·
1014 3489 1090 3560 cipit,
1107 3490 1215 3560 quotics
1235 3497 1332 3546 sancta
1349 3491 1533 3548 meditatione
1547 3493 1687 3564 Spiritum
1701 3495 1825 3550 divinum

148 3582 337 3655 tiarumpcrit
348 3583 490 3637 etfructus
501 3601 509 3652 ;
522 3583 591 3637 dum
606 3583 690 3637 simul
704 3585 869 3638 matercum
882 3583 962 3654 prole
1013 3583 1096 3654 capit.
1109 3584 1262 3657 Conceptio
1286 3586 1364 3643 enim
1379 3602 1501 3657 superna
1513 3587 1631 3642 virtutes
1644 3589 1732 3660 parit.
1750 3591 1783 3645 Et
1792 3606 1824 3645 ne

150 3676 253 3742 delicit,
269 3681 298 3730 et
307 3676 400 3729 omnis
413 3675 462 3729 illa
475 3692 580 3747 pompa
589 3675 723 3747 nuptialis
736 3677 836 3731 mortis
850 3678 963 3732 trustra·
1012 3680 1095 3747 putes
1107 3681 1134 3731 te
1149 3693 1209 3732 esse
1222 3678 1356 3746 sterilem,
1371 3682 1412 3734 tot
1429 3680 1502 3734 lilios
1515 3680 1643 3752 habebis,
1660 3686 1732 3753 quot
1746 3684 1825 3738 virtu·

150 3774 198 3824 tur
206 3768 339 3823 termino.
348 3769 438 3831 Quam
448 3769 585 3839 putabant
593 3786 704 3824 causam
713 3770 963 3841 esseloetitiaa,quis
1013 3773 1055 3824 tes
1069 3770 1229 3840 protuleris.
1243 3773 1303 3826 Una
1316 3773 1406 3827 sancti
1420 3773 1538 3844 Spiritus
1552 3776 1739 3846 conceptione
1753 3778 1823 3831 mul-

35 3858 38 3867 '
151 3878 212 3916 eam
241 3860 418 3914 occasionem
444 3861 628 3917 interimendi
642 3862 776 3917 inveniti
804 3863 875 3927 Ouid
897 3866 963 3935 aget
1012 3868 1055 3918 tos
1071 3863 1137 3919 edes
1150 3868 1257 3935 partus.
1272 3865 1383 3920 Primus
1395 3871 1495 3938 partus
1506 3867 1635 3938 virginis,
1651 3871 1823 3925 verecundia

149 3956 361 4027 postmortem,
376 3969 440 4023 quae
460 3956 549 4008 totam
567 3954 694 4008 laetitiam
718 3956 825 4026 nuptiis
841 3955 961 4027 deputa·
1012 3957 1119 4025 virtus;
1134 3958 1273 4013 secundus
1285 3959 1438 4030 patientias,
1450 3961 1549 4016 tertius
1563 3962 1737 4032 sobrietatis,
1747 3981 1824 4036 quar·

149 4046 356 4112 ritiQuaeriro
366 4046 477 4117 placere
487 4046 584 4115 voluit,
599 4064 655 4101 non
664 4048 730 4117 llco,
740 4048 808 4120 quid
817 4051 883 4119 aget
892 4049 961 4103 dum
1012 4056 1056 4105 tus
1068 4052 1273 4123 temperantia,
1294 4053 1411 4123 quintus
1431 4054 1585 4123 charitatis,
1599 4061 1699 4112 sextus
1714 4057 1825 4112 humili-

150 4142 208 4198 exit
222 4158 238 4196 a
251 4140 354 4195 seculo
367 4140 381 4194 i
393 4141 460 4203 Quae
475 4139 593 4195 sollicita
605 4139 659 4195 tuit
680 4140 825 4211 quomodo
839 4142 963 4213 placeret
1012 4145 1086 4211 tatis,
1099 4145 1235 4215 septimus
1248 4146 1390 4217 castitatis,
1404 4150 1437 4202 ut
1455 4148 1605 4220 impleatur
1618 4150 1697 4222 quod
1710 4152 1820 4222 legitur,

149 4234 267 4302 mundo,
282 4250 368 4306 quam
383 4233 487 4305 poterit
499 4233 603 4289 habere
620 4237 731 4306 partem
754 4251 819 4289 cum
832 4235 962 4291 Christo?
1011 4237 1078 4308 quia
1098 4240 1198 4294 sterilis
1216 4243 1322 4310 peperit
1344 4246 1444 4312 septem
1466 4242 1490 4311 (l
1514 4244 1578 4313 ltcp.
1604 4244 1644 4313 nt.
1674 4245 1746 4299 Ecce
1773 4262 1823 4299 una

149 4330 217 4393 Quae
229 4327 355 4399 primum
367 4343 425 4382 non
440 4327 513 4381 bene
522 4326 588 4381 viris
598 4344 628 4381 se
638 4328 810 4397 distrahunt,
823 4327 962 4401 simulque
1011 4331 1180 4401 septiformis
1196 4332 1316 4403 Spiritus
1329 4334 1510 4406 conceptione
1523 4340 1632 4407 septem
1650 4343 1754 4408 partus
1768 4338 1821 4392 odi-

148 4437 214 4476 cum
226 4420 364 4494 pudicitia
372 4420 531 4475 libertatem
544 4420 677 4491 perdunt,
695 4420 809 4493 quando
821 4422 961 4495 captivam
1011 4422 1086 4479 disti.
1103 4428 1162 4483 Non
1174 4426 1264 4482 dnus:
1278 4429 1343 4482 Ecce
1361 4443 1408 4498 epo
1421 4429 1523 4498 lippum
1543 4430 1664 4492 aridum,
1687 4435 1754 4502 quin
1774 4433 1822 4486 liar

148 4513 342 4585 virginitatem
366 4518 493 4585 suscepta
514 4513 581 4569 dote
602 4514 746 4570 addicunt.
761 4514 832 4580 Quid
850 4516 961 4571 miserae
971 4541 1001 4613 D
1012 4517 1078 4572 dicit
1089 4520 1218 4574 Dominis
1227 4521 1354 4576 eunuchis
1371 4539 1379 4574 ε
1394 4523 1446 4589 Qut
1457 4523 1766 4595 ecatodictintrepur'ern
1777 4541 1823 4579 me

148 4606 189 4662 illi
196 4610 334 4675 remanet,
354 4623 417 4677 qua
438 4606 579 4679 pudorem
594 4607 742 4662 venditat‘.l
757 4607 837 4672 Quod
854 4609 878 4663 si
891 4609 962 4665 torte
1011 4626 1066 4674 om,
1086 4616 1112 4666 et
1125 4613 1251 4681 etepntnt
1267 4629 1327 4684 qua
1340 4616 1424 4678 uolut,
1439 4622 1464 4671 et
1477 4619 1612 4672 tenuerint
1624 4619 1719 4684 leaders
1731 4635 1821 4680 meum

150 4700 261 4769 mundi,
277 4705 310 4755 ut
324 4699 387 4754 lieri
404 4697 483 4769 solet,
497 4715 564 4755 casu
579 4701 680 4770 perdat
692 4701 883 4770 donationem,
895 4708 962 4758 tunc
1011 4704 1081 4759 dabo
1093 4708 1131 4760 ets
1144 4707 1173 4760 tn
1185 4707 1261 4762 domo
1283 4724 1343 4762 mco
1361 4712 1427 4764 etin
1441 4713 1530 4766 muris
1543 4713 1609 4766 mets
1624 4711 1724 4776 locum
1738 4718 1764 4767 et
1777 4729 1821 4767 no·

149 4800 178 4850 et
185 4794 296 4866 pudore
307 4792 407 4857 caruit,
420 4796 448 4847 et
457 4792 553 4847 amisit
566 4793 699 4865 pretium.
714 4794 796 4849 Vides
809 4812 894 4867 quam
906 4814 960 4853 nu·
1011 4813 1071 4852 men
1088 4800 1182 4854 melius
1203 4816 1221 4854 a
1234 4801 1301 4871 titiis
1316 4806 1341 4857 et
1353 4804 1507 4873 attentum
1520 4819 1616 4859 nomen
1633 4808 1822 4877 senpiternam

148 4887 187 4942 da
204 4892 233 4942 et
244 4886 377 4942 destituta
389 4886 420 4941 in
433 4889 553 4957 utroque
563 4887 697 4942 remansit
708 4887 715 4941 l
727 4890 792 4976 ‘Pro
809 4890 869 4945 viro
886 4896 960 4945 certe
1011 4891 1082 4947 dubo
1093 4895 1142 4956 ets,
1156 4890 1230 4962 qnod
1238 4908 1293 4949 non
1303 4896 1406 4966 peribit
1419 4895 1482 4965 lisa.
1499 4898 1562 4969 rur).
1575 4898 1672 4968 Vides,
1689 4899 1820 4955 amantis·

149 4980 264 5050 gemino
279 4980 389 5036 timoris
399 4979 512 5035 addicta
524 4979 662 5051 periculo,
683 4981 765 5037 timet
773 4981 880 5038 bonum
892 5001 959 5056 per·
1011 4985 1081 5038 sima
1094 5002 1181 5054 soror,
1196 4988 1274 5058 quod
1286 4989 1471 5061 principalem
1489 4990 1519 5046 in
1532 5007 1621 5062 regno
1640 4991 1692 5047 Dei
1704 4994 1822 5066 virginer

148 5072 226 5138 dere,
239 5074 319 5128 timet
336 5073 446 5128 malum
459 5072 573 5128 hahere.
584 5074 652 5138 Quis
662 5090 731 5145 ergo
747 5075 891 5132 interhaec
903 5094 960 5133 me
1009 5082 1107 5133 tenent
1119 5079 1237 5135 locum?
1250 5083 1283 5136 Et
1296 5099 1354 5137 non
1370 5082 1522 5139 immerito.
1538 5084 1635 5140 Mundi
1657 5086 1737 5141 enim
1758 5103 1820 5141 conu

147 5165 210 5220 dius
223 5166 350 5220 estlocus
358 5167 567 5232 latitiaeiQuas
576 5168 685 5223 formas
695 5168 830 5223 lenocinii
840 5171 960 5227 medita·
1009 5176 1188 5244 tempserunt
1205 5174 1344 5246 habitum,
1363 5177 1427 5233 idco
1447 5181 1639 5248 pervenerunt
1662 5179 1701 5234 ad
1715 5181 1820 5236 celeste

147 5261 195 5313 tur
207 5263 238 5312 ut
250 5257 361 5329 placeat
372 5259 480 5314 oculis?
491 5261 594 5331 quibus
604 5261 764 5334 peregrinis
777 5263 909 5318 odoribus
919 5265 960 5319 in·
1009 5285 1141 5340 regnum.
1155 5272 1224 5326 Vitae
1250 5272 1370 5329 coelestis
1391 5274 1595 5330 beatitudiuem
1610 5276 1659 5331 hic
1673 5278 1819 5349 incipiunt,

145 5352 205 5408 ficit
218 5357 325 5406 vestem
338 5352 352 5405 ‘l
371 5353 400 5405 et
409 5355 443 5405 ut
456 5353 576 5410 oblectet
597 5372 705 5423 sensus,
715 5361 808 5411 cutem
821 5358 960 5414 mentitur
1010 5379 1073 5434 qua
1088 5381 1221 5435 generare
1233 5367 1261 5420 in
1276 5367 1419 5423 doloribus
1428 5368 1502 5423 illios
1510 5369 1692 5426 nesciverunt
1703 5388 1711 5438 ;
1724 5374 1819 5443 etqua

146 5447 278 5503 aticum.
297 5446 356 5510 Que
371 5444 436 5499 luco
451 5445 552 5500 illitam
568 5449 647 5504 vario
662 5449 801 5506 adulterat
820 5451 957 5523 figmento
1008 5457 1139 5529 contagia
1159 5459 1285 5514 libidinis
1300 5466 1335 5515 'et
1353 5462 1426 5517 foeda
1444 5463 1599 5534 conjugum
1623 5463 1764 5536 tigmenta
1777 5480 1819 5519 re·

143 5541 256 5609 taciem,
272 5556 308 5595 ne
322 5538 358 5594 sit
379 5537 440 5609 ipsa
457 5554 522 5609 qua
535 5543 603 5594 nata
618 5545 669 5611 est,
684 5546 713 5597 et
730 5544 851 5615 decipiat
864 5545 957 5601 virum
1007 5555 1121 5621 spuunt,
1132 5557 1206 5607 recte
1218 5553 1322 5609 Christi
1337 5555 1450 5627 nuptias
1461 5556 1663 5627 impetrarunt.
1678 5558 1819 5613 Nolomo-

144 5635 237 5707 specio
252 5634 355 5700 aliena,
366 5649 425 5688 non
438 5633 566 5704 propria.
581 5632 648 5688 Vide
661 5635 683 5687 si
696 5651 753 5690 non
767 5638 897 5694 maleficii
912 5657 959 5711 ge·
1007 5643 1095 5697 rearis
1104 5646 1270 5716 pompaticis
1278 5653 1433 5720 nuptarum
1450 5649 1615 5718 incessibus,
1626 5650 1819 5724 clientumque

135 5743 194 5783 nus
208 5732 259 5794 est,
280 5727 443 5802 excogitare
464 5730 555 5782 artem
577 5741 633 5800 qua
656 5733 791 5799 provocet
806 5731 957 5789 libidinem
1006 5735 1109 5807 stipato
1121 5739 1268 5795 comitatu.
1285 5741 1339 5796 llos
1360 5742 1511 5798 incurmnt
1523 5743 1696 5816 plerumque
1708 5743 1818 5800 insidia·

123 5820 262 5880 ahenam.
291 5824 327 5880 ttt
358 5841 424 5902 quos
454 5825 493 5884 sic
526 5823 689 5900 corrumpit
721 5823 846 5897 ladem,
873 5842 964 5900 qum
1009 5830 1329 5907 torespudicitiu,quos
1341 5836 1470 5893 custodes
1484 5835 1618 5894 castam
1630 5837 1781 5910 putabant.
1789 5837 1819 5894 Et
