3878 6150
126 255 174 307 eor
857 237 1016 326 alemant
1754 241 1809 296 aar

42 372 48 385 ’
114 356 257 428 laudarit
276 357 350 427 Ergo
371 353 454 427 plane
474 350 539 405 licet
559 347 631 404 fidus
645 347 707 418 [lle.
727 345 823 410 Tolet„
837 345 937 421 foedus]
951 345 1052 434 Atetta
1066 347 1213 405 ordinetur
1229 348 1347 422 quinon
1359 347 1452 419 debet,
1465 352 1515 404 aat
1526 363 1586 405 non
1601 345 1639 404 sit
1668 346 1720 422 qui
1731 362 1810 410 sacra

127 456 203 524 otte,
218 455 246 508 et
258 449 355 507 omnia
374 453 423 503 tua
440 444 559 517 pulchra
577 439 722 513 conspexi,
742 444 770 496 et
790 444 897 498 memet
908 440 939 498 in
989 442 1124 514 mysteria
1136 442 1259 502 celebret
1269 443 1315 500 vel
1328 443 1480 501 ministret.

125 546 366 621 comparationem
376 540 421 599 lui
435 537 501 594 Salis
514 537 680 594 ind000fflm
691 533 758 590 Vidi·
1024 545 1096 600 Ante
1119 554 1224 612 paucos
1245 554 1335 595 annos
1351 539 1479 596 Leander
1497 538 1647 612 episcopus
1667 538 1810 610 Spalensis

989 653 1119 694 remeans
1143 637 1179 693 de
1200 634 1270 691 urbe
1288 634 1377 706 regia,
1401 633 1471 689 vidit
1488 649 1540 689 nos
1556 629 1734 706 praeteriens,
1759 633 1811 706 qui

161 739 239 796 Unde
251 749 352 808 precor
364 728 547 804 pergratiam
559 727 618 799 Dei,
634 743 698 799 quae
710 727 740 782 in
753 725 938 792 tccxubcraa
985 731 1061 787 dixit
1072 731 1153 786 nobis
1166 730 1271 786 habere
1290 727 1350 802 [lle.
1368 729 1465 792 rotet,
1481 727 1519 802 se]
1537 727 1669 784 homilias
1689 731 1811 784 avestra

12 843 17 852 “
125 841 158 892 at
181 848 239 889 non
259 844 374 901 respuas
393 827 611 898 deprecantem
628 821 677 879 sed
695 821 819 878 libenter
840 820 940 899 doceas
960 826 964 833 '
989 823 1167 919 Beatgudine
1182 823 1270 881 editas
1284 824 1318 879 de
1331 822 1405 878 libro
1422 822 1511 880 saneti
1523 822 1583 878 lob.
1599 824 1633 878 at
1647 822 1717 895 quia
1728 821 1809 879 lesti-

124 945 188 1002 quae
198 941 244 980 me
254 925 343 979 fatcor
355 921 496 992 ignorare.
511 916 714 990 compellimur
728 915 805 971 enim
817 913 939 995 accessis
989 918 1244 992 nanspertransiit,
1254 917 1373 973 minime
1386 914 1603 1005 eaefflentibus
1617 915 1700 972 nohis
1713 920 1809 972 osten·

123 1026 181 1078 tate
193 1021 285 1076 facere
299 1014 376 1090 quod
387 1015 485 1069 doceas
508 1011 569 1085 [Ms-
585 1013 680 1075 Talei„
694 1009 763 1065 dicis
777 1024 835 1064 11011
853 1004 937 1081 fierit.
990 1014 1040 1070 dit.
1054 1014 1152 1068 Postea
1168 1028 1235 1068 vero
1257 1011 1397 1083 scripsisti
1415 1011 1441 1066 ei
1462 1008 1501 1066 'de
1515 1010 1592 1066 triae
1611 1010 1765 1080 tinctione;
1779 1010 1809 1067 in

123 1115 233 1173 Peritus
245 1112 322 1168 enim
335 1111 404 1165 dum
419 1124 477 1163 non
489 1105 630 1178 reperitur
644 1104 694 1178 qui
703 1103 739 1159 ad
754 1102 879 1158 officium
892 1118 938 1156 sa·
989 1124 1047 1180 qua
1057 1106 1175 1178 epistola
1193 1122 1334 1161 memoras
1352 1103 1526 1176 displicuisse
1539 1103 1615 1159 vobis
1633 1103 1706 1159 illud
1725 1120 1808 1176 opus,

56 1194 60 1202 ⁸
122 1209 264 1268 oerdotale
278 1204 381 1271 veniat,
393 1200 462 1275 quid
471 1200 598 1256 fiendum
608 1202 660 1270 est,
671 1198 726 1253 nisi
736 1202 767 1252 ut
778 1195 937 1269 imperitus,
989 1200 1104 1257 sedhoc
1116 1199 1265 1254 salubriori
1284 1197 1400 1254 consilio
1416 1197 1546 1253 statuisse
1564 1199 1598 1252 at
1617 1197 1649 1252 in
1669 1197 1810 1252 librorum

123 1309 156 1361 ut
167 1320 221 1376 ego
235 1317 309 1370 sum,
322 1295 491 1354 ordinetur?
502 1295 517 1350 J
520 1294 587 1349 ubes
600 1298 702 1348 utnon
716 1288 862 1347 ordinetur
880 1291 937 1345 im·
990 1293 1076 1350 ductu
1093 1292 1152 1366 [Ms.
1166 1294 1260 1357 Totae,
1269 1291 1379 1367 ductus]
1392 1309 1438 1348 eas
1449 1296 1656 1373 transponeres.
1668 1291 1810 1347 Habemus

122 1398 239 1472 peritus.
253 1394 306 1451 Sed
316 1394 467 1464 pertractet
479 1387 631 1460 prudentia
644 1392 703 1455 tua,
713 1385 832 1456 aesslorte
844 1385 879 1439 ad
893 1401 940 1456 pe-
990 1404 1057 1444 sane
1072 1386 1182 1443 libellos
1197 1403 1246 1443 sex
1260 1385 1349 1442 sancti
1364 1386 1463 1441 llilarii
1484 1385 1607 1459 episcopi
1619 1384 1809 1455 Pictariensis,

122 1492 217 1549 ritiam
233 1489 292 1562 [llis.
309 1487 403 1548 Tolet,
418 1482 484 1556 non]
497 1481 618 1537 sufficiat
628 1480 655 1535 ei
670 1479 740 1535 scire
749 1480 763 1535 J
766 1495 846 1535 esum
860 1478 940 1533 Chri·
989 1499 1061 1555 quos
1074 1482 1109 1538 de
1122 1482 1217 1537 Graeco
1234 1480 1364 1552 Origcnis
1376 1480 1408 1536 iu
1420 1480 1554 1539 Latinam
1566 1480 1652 1536 vertit
1667 1496 1674 1536 :
1689 1479 1810 1536 sednon

124 1590 210 1651 stum,
227 1587 256 1638 et
273 1582 350 1638 hunc
368 1576 534 1633 crucifixam
552 1592 559 1630 ι
581 1575 604 1630 si
628 1576 724 1629 autern
746 1589 804 1627 non
826 1571 938 1641 sufficit,
989 1576 1086 1631 omnia
1101 1576 1258 1632 secandum
1271 1575 1401 1630 ordinem
1412 1574 1477 1629 libri
1492 1574 1583 1629 sancti
1600 1574 1651 1629 lob
1668 1564 1845 1645 exposuit}-

50 1661 51 1665 ¹
123 1694 209 1736 nemo
222 1677 277 1733 erit
290 1674 382 1730 inhoc
394 1672 467 1727 libro
483 1669 654 1743 [dedolet.
668 1666 738 1740 loco]
761 1666 810 1739 qui
830 1665 939 1737 peritus
989 1672 1023 1725 Et
1035 1669 1100 1725 satis
1115 1669 1204 1724 miror
1224 1669 1371 1724 homiuem
1389 1667 1585 1724 doctissimum
1612 1662 1643 1724 et'
1666 1673 1810 1736 sanctum,

123 1789 184 1831 esse
197 1772 317 1839 dicatur3
332 1783 418 1822 nemo
432 1765 485 1820 erit
493 1763 592 1837 utique
607 1761 744 1830 sacerdos,
757 1760 848 1815 sinist
862 1759 939 1831 peri·
949 1735 978 1809 B
989 1769 1022 1820 ut
1035 1764 1070 1819 de
1085 1762 1303 1818 stellismaenias
1320 1762 1449 1834 Origenis
1462 1762 1638 1818 transferret.
1648 1752 1735 1832 blihi,
1745 1777 1813 1833 psa-

124 1873 169 1925 tas
182 1881 241 1922 esse
251 1880 309 1918 non
325 1861 417 1917 debet.
432 1856 554 1931 Bigamis
568 1856 645 1912 enim
662 1858 762 1926 aperta
782 1854 875 1909 fronte
893 1870 939 1910 re·
991 1857 1113 1914 ctissime
1126 1858 1216 1925 Pater,
1228 1856 1307 1912 nullo
1321 1860 1402 1927 paeto
1415 1856 1525 1912 suaderi
1536 1860 1640 1927 potest,
1652 1860 1684 1911 ut
1695 1855 1813 1911 credam

127 1960 263 2028 sistimus,
272 1972 308 2012 ne
319 1954 528 2010 sacramentum
539 1950 638 2021 utique
650 1951 857 2019 corrumpatur.
869 1947 943 2014 Quid
991 1957 1065 2007 astra
1084 1950 1146 2006 ooeli
1167 1950 1283 2022 spiritus
1304 1949 1364 2022 [lis.
1390 1952 1484 2013 Tolet,
1506 1949 1620 2023 habere]
1649 1949 1812 2018 rationales,

125 2056 149 2111 ei
168 2053 253 2109 unias
269 2049 367 2106 uxoris
381 2047 502 2103 virente
523 2060 653 2114 uxorem,
677 2043 827 2098 mulierem
843 2041 942 2114 tetige
991 2061 1056 2118 quea
1066 2060 1159 2116 neque
1174 2060 1240 2099 cum
1252 2043 1470 2116 angelis,neque
1484 2060 1550 2098 cam
1563 2043 1730 2099 hominibus
1743 2044 1814 2100 hate

123 2147 274 2213 rit‘lQaid
290 2144 315 2200 si
335 2157 455 2199 uxorem
477 2155 536 2195 non
556 2136 698 2205 habuerit,
721 2140 749 2192 et
768 2140 865 2191 tamen
882 2135 942 2192 sine
992 2155 1052 2196 esse
1064 2138 1209 2210 Scriptura
1228 2143 1323 2194 sancta
1335 2138 1467 2193 declarat.
1483 2137 1621 2210 Dignetar
1630 2154 1702 2211 ergo
1719 2138 1812 2194 Beati·

123 2241 251 2300 mulieris
263 2241 341 2296 tactu
353 2234 529 2293 nonlueritt
542 2231 694 2288 Consulare
711 2246 763 2286 nos
784 2231 856 2302 stylo
879 2232 940 2301 tao,
991 2233 1059 2288 tudo
1072 2237 1164 2287 vestra
1179 2248 1251 2305 opus
1270 2232 1365 2304 ipsum
1379 2232 1413 2287 de
1427 2231 1501 2288 libro
1523 2231 1611 2287 sancti
1630 2231 1698 2302 Job;
1723 2234 1773 2288 sed
1786 2237 1814 2289 et

123 2340 156 2391 ut
181 2351 241 2390 non
257 2333 410 2406 puniamur
427 2344 479 2384 nec
499 2331 606 2394 nostro,
630 2341 682 2380 uec
702 2323 795 2379 alieno
814 2328 939 2396 peccato.
991 2327 1061 2382 alios
1073 2327 1161 2382 libros
1172 2327 1302 2394 morales,
1318 2342 1389 2398 quos
1402 2325 1500 2382 iecisse
1514 2329 1542 2381 te
1554 2341 1699 2381 memoras
1710 2326 1742 2382 iu
1762 2327 1812 2382 hoc

123 2429 210 2484 Valde
223 2427 300 2484 euim
312 2423 476 2490 metuimus,
491 2436 528 2477 ne
542 2435 594 2491 per
604 2417 800 2474 necessitatem
812 2433 846 2473 aa
861 2416 942 2473 lacia-
991 2420 1064 2477 libro
1088 2420 1274 2492 Regularum,
1303 2419 1451 2492 exiguitati
1480 2417 1539 2491 [lle.
1569 2420 1666 2483 Tolet„
1697 2421 1809 2492 nostre)

124 2539 189 2579 mas
200 2537 264 2595 quae
278 2537 338 2575 non
351 2518 497 2575 debemus.
514 2516 583 2569 Ecce
603 2511 794 2568 obediendum
808 2514 850 2567 est
866 2528 940 2584 prae·
991 2514 1194 2570 transmittere.
1210 2513 1262 2568 Tui
1276 2513 1354 2569 enirn
1374 2526 1481 2582 sumus,
1503 2517 1552 2569 tua
1572 2513 1670 2585 legere
1690 2513 1806 2570 delecta-

125 2616 213 2689 ceptis
226 2615 292 2685 tuis,
316 2612 423 2669 altatis
437 2609 495 2680 liat,
511 2607 601 2681 qualis
620 2606 680 2679 [llis.
697 2607 791 2673 Tolet,
805 2605 940 2678 qualem),
992 2623 1067 2662 mur.
1081 2606 1208 2678 Optahile
1220 2623 1345 2679 namque
1357 2611 1400 2662 est
1412 2606 1485 2662 mihi
1498 2612 1527 2663 et
1545 2607 1728 2678 praeclarum,
1741 2607 1806 2663 sicat

125 2710 279 2783 apostolice
298 2708 380 2763 docet
394 2702 544 2761 auctoritas
558 2720 565 2758 :
578 2705 608 2757 et
618 2716 677 2756 nou
696 2699 838 2772 reperitur
851 2699 942 2772 qualis
991 2706 1058 2756 tuus
1069 2699 1283 2772 Gregoriueait,
1299 2716 1390 2772 usque
1404 2701 1439 2756 od
1453 2701 1584 2757 ultimam
1597 2700 1708 2756 discere
1719 2717 1801 2758 senec

124 2803 281 2877 quaeritar3
296 2799 415 2857 cessabit
429 2813 497 2869 ergo
507 2796 576 2851 ssdes
585 2811 651 2867 quae
664 2796 774 2850 constat
786 2809 821 2849 cx
832 2794 941 2864 auditu,
992 2797 1092 2852 tutem.
1106 2795 1279 2850 Incolumem
1292 2810 1425 2850 coronam
1437 2798 1559 2850 vestram
1578 2795 1613 2850 ed
1626 2794 1799 2851 erudiendam

125 2897 244 2954 cessabit
255 2895 422 2968 baptismus,
438 2891 461 2946 si
474 2907 532 2947 aon
545 2889 632 2945 luerit
643 2889 693 2961 qui
706 2888 837 2960 baptizet.
849 2887 943 2944 Cessa-
992 2889 1142 2944 Ecclesiam
1156 2905 1237 2944 suam
1250 2893 1345 2945 sancta
1359 2887 1479 2944 Trinitas
1492 2888 1568 2944 Deus
1585 2905 1750 2945 conservare
1764 2889 1796 2944 di·

125 2991 199 3047 hunt
216 2990 264 3045 illa
279 2990 453 3045 sacrosancta
470 2983 614 3056 mysteria,
628 2999 692 3054 quoe
711 2998 763 3054 per
784 2981 942 3038 sacerdotes
993 2986 1107 3055 guetar,
1121 2984 1194 3039 sieut
1207 2988 1349 3057 optemus,
1362 2980 1522 3040 beatissime
1534 2985 1619 3040 Pater
1645 2982 1705 3058 [lle.
1716 2985 1793 3045 Talei..

125 3084 199 3140 liunt
211 3088 239 3140 et
251 3082 404 3139 ministros.
418 3082 450 3135 la
460 3082 582 3150 utroque
592 3075 753 3149 periculum
765 3079 879 3146 mauet;
892 3080 944 3133 aut
993 3076 1091 3150 Papal.

877 3318 1067 3386 alamania

357 3454 635 3551 aristeas
674 3454 734 3561 ll,
772 3456 848 3548 AD
884 3454 1238 3549 EPlPHANlUM
1276 3454 1588 3561 alluentia,

180 3626 212 3670 ut
234 3581 297 3680 eal
318 3622 512 3670 OSTENDITUR
533 3620 674 3670 maneos
696 3621 735 3666 ET
755 3620 872 3666 amotas
894 3618 1089 3665 uenenatas
1111 3619 1187 3665 ESSE
1209 3620 1358 3679 sarmatae,
1382 3620 1451 3666 SIVE
1472 3619 1583 3666 Terras
1607 3620 1751 3668 CORPORIS

884 3700 1053 3746 EXPERTES.

736 3801 794 3872 (Ex.
814 3817 868 3857 ms.
889 3799 1020 3858 Ecclesiae
1039 3800 1206 3872 Toletano.)

162 4016 282 4075 Domino
310 4021 405 4074 sancto
439 4018 521 4074 fratri
543 4017 700 4092 Epiphanio
722 4019 852 4091 diacono,
870 4019 980 4109 Lici-C
993 4020 1197 4092 cognoscimus,
1213 4021 1289 4092 quod
1302 4024 1408 4093 quanto
1421 4024 1615 4093 congruenter
1624 4020 1802 4093 responderis,

128 4114 230 4169 alanus
243 4116 271 4168 el
281 4113 400 4169 Severus
413 4112 519 4185 exigui.
994 4115 1087 4169 omnis
1100 4114 1149 4186 qui
1160 4114 1318 4187 Scripturas
1331 4119 1441 4170 sancus
1459 4115 1554 4188 legere
1573 4118 1604 4169 et
1621 4115 1736 4170 credere
1751 4118 1803 4169 stu·

163 4207 252 4263 Lectis
262 4206 363 4263 litteris
372 4207 437 4277 tuis,
449 4207 536 4262 irater
544 4205 718 4277 charissime,
733 4207 834 4279 grandi
846 4224 944 4265 sumas
993 4208 1050 4279 det,
1065 4207 1211 4280 intelligit.
1225 4208 1311 4264 llddis
1325 4210 1422 4278 etiam,
1437 4214 1470 4265 ιιι
1490 4209 1543 4264 tibi
1562 4208 1651 4263 libros
1668 4209 1743 4264 beati
1754 4212 1804 4263 lu·

126 4302 314 4358 admiratione
329 4301 460 4373 permoti,
477 4316 511 4357 eo
530 4302 606 4372 qaod
625 4302 778 4374 quemdam
800 4302 893 4358 viram
912 4303 943 4359 in
994 4301 1111 4373 gastim,
1126 4302 1174 4358 scd
1184 4306 1212 4358 et
1227 4306 1395 4359 ceterorum
1411 4303 1505 4375 quide
1520 4304 1572 4358 hac
1586 4302 1805 4370 redesrnieruut,

125 4401 205 4469 tanto
218 4395 384 4451 sacerdotali
396 4395 521 4452 culmine
535 4395 729 4465 constitutum,
744 4396 824 4469 cajus
839 4413 944 4454 nomen
993 4401 1228 4469 quantoscunque
1247 4397 1352 4457 habere
1367 4397 1506 4465 videmur,
1529 4397 1564 4452 ad
1588 4396 1808 4453 convincendum

128 4492 163 4548 ob
181 4490 367 4546 reverentiam
382 4490 442 4565 ejus
460 4490 552 4546 dicere
576 4490 720 4561 uolumus,
744 4491 848 4547 sentire
867 4492 944 4548 dicas
993 4493 1096 4562 viram,
1112 4495 1161 4566 qui
1178 4495 1408 4567 responsionibus
1427 4495 1482 4550 tuis
1498 4496 1663 4552 nullatenus
1679 4497 1808 4553 assentire

127 4587 322 4641 creaturarum
334 4583 408 4638 nihil
422 4599 482 4639 esse
496 4584 572 4656 quod
587 4583 726 4656 spirituali
745 4584 861 4640 nomine
875 4601 942 4641 cen·
994 4587 1137 4660 dignatur,
1153 4589 1345 4645 transmittere
1361 4589 1533 4645 debeamus:
1549 4590 1594 4646 vel
1607 4595 1686 4646 certe
1698 4591 1810 4647 nobissi

127 4681 232 4747 seatur,
247 4692 418 4749 omnemque
435 4682 567 4733 naturam
580 4695 644 4750 que
656 4694 714 4734 non
727 4679 856 4751 estquod
871 4679 943 4735 Deus
993 4681 1098 4754 aliquid
1110 4682 1242 4738 divinitus
1250 4683 1337 4739 tuterit
1346 4682 1526 4757 inspiratum,
1538 4688 1570 4739 ut
1581 4684 1741 4740 scribamus
1750 4685 1811 4741 hor

127 4776 178 4840 est,
190 4770 327 4843 corporali
340 4771 424 4826 modo
437 4775 549 4826 tantum
564 4770 640 4826 liniri
651 4789 659 4842 ;
671 4776 700 4828 et
710 4778 827 4844 excepto
849 4772 942 4828 Trini-
993 4775 1072 4831 teris.
1085 4777 1163 4832 Unde
1179 4777 1247 4832 sciat
1261 4778 1392 4833 sauctitas
1404 4783 1505 4847 vestra,
1525 4778 1548 4832 si
1571 4778 1664 4834 otium
1686 4784 1810 4836 nostmrn

126 4870 182 4923 tate
197 4867 265 4935 Deo,
282 4881 340 4920 non
353 4865 445 4920 solum
459 4865 666 4921 irrationalium
676 4866 792 4937 spiritus
801 4867 944 4939 jumento-
993 4886 1051 4925 non
1065 4871 1245 4942 perturbaret
1259 4872 1398 4944 temporis
1417 4872 1547 4944 qualitas,
1563 4876 1593 4928 et
1612 4873 1712 4929 liceret
1732 4878 1765 4929 ut
1781 4872 1810 4927 li-

126 4976 202 5028 ram,
213 4961 349 5030 ferarum,
363 4959 407 5015 rel
419 4959 523 5030 avium,
536 4960 580 5016 rel
595 4960 781 5033 reliquorum,
797 4961 828 5016 in
841 4962 944 5034 quibas
992 4963 1058 5020 bros
1066 4964 1189 5035 eosdem,
1201 4982 1273 5038 quos
1282 4982 1434 5036 memoras,
1446 4966 1618 5022 haberemus
1627 4967 1659 5022 in
1669 4973 1809 5040 prompta,

127 5059 170 5109 est
181 5054 338 5109 seeundum
354 5054 512 5126 Scripturas
531 5053 731 5127 spiritusvilae,
746 5057 944 5113 verumetiam
993 5059 1128 5114 voluntat'
1143 5063 1200 5115 tute
1217 5059 1337 5116 voluisse
1358 5076 1468 5131 perere.
1484 5061 1539 5117 Sed
1558 5061 1699 5133 quianon
1715 5077 1809 5134 possu-

126 5146 308 5202 rationalium
322 5148 438 5219 spiritus
458 5149 625 5220 angelorum
647 5149 691 5204 vel
711 5149 870 5221 hominum,
886 5167 944 5207 noa
993 5169 1057 5209 mus
1070 5153 1145 5225 qaod
1158 5154 1297 5224 volamus,
1313 5154 1343 5209 id
1356 5155 1456 5210 saltem
1468 5155 1601 5210 volumus
1620 5156 1700 5229 quod
1718 5173 1811 5231 possa·

126 5242 229 5297 debere
244 5241 296 5296 dici
312 5241 437 5313 spiritus,
452 5243 501 5297 sed
513 5259 640 5316 corpora,
652 5246 789 5317 tauquam
814 5244 944 5301 homines
993 5262 1057 5301 mus
1076 5264 1083 5302 :
1099 5251 1128 5303 et
1138 5247 1190 5304 tibi
1203 5265 1261 5303 nou
1273 5265 1337 5320 quae
1350 5249 1465 5320 nosipsi
1479 5248 1654 5306 volunlatem
1667 5253 1856 5324 sequeateu

125 5335 621 5409 nonjamexspirituetcorpore,scd
634 5338 945 5396 exduohussubsistant
993 5345 1120 5397 nostram
1157 5341 1276 5398 delinire
1304 5342 1490 5415 potuerimus,
1528 5344 1663 5417 quodque
1687 5345 1856 5418 [videar

124 5431 301 5504 corporibus,
317 5434 346 5486 et
362 5423 455 5503 angeli
469 5433 666 5488 tantummodo
676 5433 804 5506 corporei
814 5449 874 5489 esse
887 5412 983 5490 cre-D
995 5435 1147 5504 dependam,
1158 5435 1207 5491 sed
1219 5436 1304 5510 quodi
1318 5437 1348 5491 in
1359 5437 1528 5492 memoriam
1539 5441 1669 5494 nostram
1681 5455 1718 5494 ex
1726 5437 1856 5494 senio*

124 5526 237 5583 dantur.
248 5527 305 5580 Hoc
318 5524 404 5582 etiam
416 5525 446 5580 in
457 5526 612 5598 prejudicio
623 5527 783 5584 animarum
792 5528 943 5597 adducens,
995 5545 1060 5587 rum
1074 5533 1236 5584 nostrorum
1250 5529 1463 5586 delinitionibus
1481 5531 1647 5604 colligentes
1666 5547 1838 5588 coecerrae

124 5622 199 5693 quod
212 5621 234 5675 si
247 5621 348 5675 locales
361 5620 465 5688 forent,
478 5619 643 5691 profectost
667 5623 823 5694 corporales
839 5623 941 5679 forent.
995 5622 1097 5693 vimus,
1115 5624 1237 5680 scribere
1251 5625 1378 5697 prolecto
1393 5625 1567 5680 curabimus.

160 5715 237 5771 Unde
248 5714 341 5770 subito
354 5704 524 5786 preventus,
541 5715 678 5770 nonnulla
691 5717 853 5772 testimonia
865 5717 940 5773 Seri·
1028 5717 1082 5773 Sed
1093 5734 1170 5773 nanc
1189 5718 1251 5791 jam
1271 5719 1417 5774 videamus
1434 5718 1505 5791 quid
1524 5719 1559 5776 de
1570 5719 1680 5792 angelis
1694 5719 1822 5776 Psalmo-

70 5790 80 5805 *
121 5811 380 5883 pturerumcontra
394 5809 447 5866 hoc
460 5808 624 5881 opposuisse
641 5808 751 5882 scriptis
764 5810 821 5866 tuis
836 5811 941 5869 inserta
991 5811 1116 5885 graphas
1132 5811 1221 5870 dicat:
1234 5812 1811 5889 Qaifactttinquittaagetoeeaosepiritus»
