3884 6150
140 269 190 351 sai
884 272 1083 346 conuiuium
1770 291 1818 345 us

139 404 282 473 apostolo:
298 404 379 458 Omne
393 400 523 468 qoudium
537 400 697 460 eaistimate,
711 401 811 465 tratres
821 400 882 460 mei,
893 414 993 489 cumA
1003 401 1065 454 estis
1077 415 1137 452 cum
1148 400 1340 454 matedmeriat
1356 400 1429 454 vobis
1448 401 1575 467 homiues,
1591 406 1617 454 et
1628 400 1767 470 persecuti
1776 413 1818 451 aas

138 500 165 551 in
178 499 264 551 coriis
275 492 466 550 tentationibus
475 492 635 545 incideritis.
649 491 698 546 Vel
707 507 759 562 per
770 491 915 562 passiones
925 495 953 546 et
1001 493 1116 559 suerint,
1130 498 1154 547 et
1169 493 1290 548 dicerint
1313 508 1389 547 omne
1407 494 1508 547 matum
1526 493 1671 547 aduersum
1693 506 1741 546 uos
1752 506 1818 544 meu·

139 589 331 644 tribulationes
349 586 478 639 futurum
499 583 634 654 gaudium
654 601 719 638 cum
733 584 842 638 Christo
860 584 951 655 perci·
1003 587 1095 640 tientes
1107 591 1219 657 propter
1226 586 1407 654 me39oudcte
1419 591 1444 641 ct
1456 587 1598 650 exsultate,
1613 586 1746 655 quautam
1755 599 1817 638 mer-

137 682 229 753 piatis,
250 677 405 735 secundum
421 676 509 748 ipsius
523 676 694 747 promissum
712 676 830 732 dicentis
845 695 854 731 ε
880 678 955 732 Beati
1003 694 1041 733 ees
1055 683 1145 734 vestra
1159 681 1246 735 inulta
1258 685 1297 734 est
1309 680 1422 735 iucoeto.

840 1008 843 1025 ·
912 974 1036 1099 XV.

136 1165 243 1231 Lectio
260 1162 410 1249 Epistolae
425 1165 513 1231 beati
527 1160 619 1259 Pauli
633 1165 773 1260 apostoli
788 1165 1053 1260 adColosseuses
1067 1167 1123 1260 (¹¹¹2
1142 1168 1191 1260 lt)
1208 1187 1215 1228 ε
1232 1167 1375 1244 Fratres,
1392 1167 1517 1231 induite
1534 1186 1608 1244 vos,
1624 1168 1715 1230 sicut
1727 1165 1816 1228 eiecti

551 1248 622 1321 Dea,
637 1254 739 1308 saucta
756 1253 788 1308 et
801 1246 918 1322 delecti,
935 1265 1058 1309 vescera
1073 1247 1321 1324 meserecordiae,
1337 1252 1397 1310 ete.

758 1397 965 1453 contuentur!
985 1397 1196 1453 LUCULENTll.

171 1518 347 1574 colossenses
367 1519 433 1569 suut
454 1516 525 1568 sicut
552 1514 736 1568 Laodicenses
760 1513 866 1568 Asiani.
892 1515 948 1580 llis,
997 1516 1102 1585 palisi
1113 1515 1278 1569 ditectionem
1292 1515 1439 1570 habueritis
1451 1517 1482 1569 in
1493 1517 1616 1570 inuicem.
1627 1515 1668 1569 Er
1681 1527 1816 1568 noturus

134 1617 247 1681 accepto
260 1609 343 1663 verbo
356 1608 489 1673 veritatis,
499 1606 619 1661 firmiter
630 1607 804 1661 stetcruutiu
819 1606 882 1674 lide,
898 1622 950 1662 uec
1000 1622 1209 1663 vonrsuarusrs.
1227 1607 1257 1661 ld
1271 1613 1313 1662 est
1327 1608 1496 1663 alterutrum
1510 1607 1697 1662 dimittentes.
1713 1606 1744 1661 Si
1758 1620 1816 1668 oms

134 1705 215 1759 falsos
230 1707 397 1772 receperunt
409 1699 558 1770 apostolos.
570 1702 601 1754 ln
610 1704 721 1753 tantum
734 1700 849 1769 perfecti
861 1697 947 1771 [Cod.,
998 1715 1135 1756 turenses
1147 1716 1265 1763 amoueri
1276 1716 1361 1756 nram
1374 1716 1526 1762 ausaausa.
1543 1700 1572 1755 ld
1587 1701 1629 1753 est
1643 1698 1668 1752 si
1682 1703 1713 1753 tu
1727 1699 1759 1752 in
1773 1698 1817 1752 ali-

134 1795 284 1868 persecuti]
306 1799 395 1859 eraut,
418 1797 448 1846 ut
468 1792 594 1862 apostolo
619 1808 675 1846 non
697 1791 868 1863 indigerent,
894 1772 1054 1864 nisquuo
1075 1793 1202 1860 fratrem,
1216 1798 1265 1848 aut
1279 1793 1368 1848 frater
1382 1796 1410 1848 te
1425 1793 1506 1860 laesit,
1527 1793 1650 1847 invicem
1675 1791 1815 1845 dimittere

134 1888 329 1944 exhortatione
357 1890 478 1940 tantum.
508 1887 640 1940 Hortatur
667 1901 714 1940 eos
744 1886 892 1956 Apostolus
921 1890 949 1941 et
999 1885 1116 1952 debetis,
1127 1886 1155 1940 id
1166 1891 1208 1940 est
1218 1886 1334 1953 donare,
1349 1890 1465 1958 propter
1477 1885 1547 1940 illud
1562 1902 1570 1938 ι
1585 1887 1730 1947 Dimittite,
1742 1884 1815 1937 ctd'e

132 1984 266 2038 admonet
276 1979 399 2052 qualiter
408 1979 550 2033 Christum
559 1979 687 2048 induant,
697 1979 805 2033 diceus:
814 1980 946 2049 Fmraas,
997 1982 1119 2034 mittetur
1130 1979 1222 2044 vabu3
1237 1980 1310 2042 dote,
1322 1984 1347 2034 et
1360 1980 1471 2034 debitur
1486 1979 1579 2045 uobis3
1593 1978 1673 2049 quod
1683 1977 1733 2048 qui
1748 1977 1814 2031 lece

134 2092 241 2133 inuium
265 2090 327 2143 roa,
355 2088 544 2129 sternentem
571 2073 629 2141 Dar,
648 2088 760 2128 sisenna
788 2088 947 2128 u1san1oon-
997 2072 1044 2139 rit,
1062 2071 1231 2127 fiducialiter
1251 2073 1337 2127 audet
1350 2073 1444 2128 dicere
1457 2072 1486 2126 in
1500 2072 1626 2126 oratione
1643 2071 1811 2125 Dominica:

133 2187 193 2225 niu.
207 2170 278 2223 Nota
290 2167 356 2239 quia
368 2166 429 2220 aliis
442 2165 585 2236 discipulis
607 2165 676 2220 dicit
689 2182 696 2219 :
717 2167 850 2235 Quotquot
865 2167 948 2220 oedi-
997 2168 1106 2221 Dimitte
1120 2165 1195 2220 uobis
1208 2166 1298 2220 debito
1309 2171 1410 2229 nostra,
1425 2169 1495 2221 sicut
1508 2170 1532 2220 et
1544 2181 1591 2220 aos
1601 2166 1768 2220 dimittimus
1775 2164 1814 2217 de—

131 2265 219 2326 distis,
236 2263 372 2320 Cbristum
386 2260 531 2325 indueus,-
547 2259 592 2313 hic
608 2276 674 2313 vero
685 2259 895 2314 Colossensibus
908 2259 948 2315 di·
998 2259 1129 2313 bitoribus
1148 2262 1257 2314 uostris.

131 2357 183 2410 eit:
200 2355 307 2410 induite
320 2370 376 2415 eos,
391 2356 459 2407 sicut
468 2355 544 2407 eiecti
555 2355 612 2407 Dei.
623 2356 661 2407 hc
675 2353 697 2406 si
717 2351 812 2407 dicat:
837 2352 947 2407 luduite
1032 2354 1118 2407 Surae
1144 2367 1231 2407 ourua
1251 2368 1339 2406 aaran
1368 2367 1437 2418 urna,
1466 2367 1636 2407 unanimum
1668 2367 1811 2418 neuturus,

131 2447 446 2503 vosiesumChristnm.
469 2448 504 2500 Et
520 2446 593 2501 bene
615 2445 692 2514 dicit,
717 2448 787 2501 sicut
805 2447 880 2500 electi
901 2448 948 2501 Dei
997 2461 1068 2510 oooo
1094 2460 1142 2501 asr
1165 2461 1302 2502 vincatur
1334 2461 1535 2502 nsnrncmoms.
1559 2446 1628 2500 Huic
1656 2445 1748 2499 simile
1776 2451 1813 2499 est

126 2539 236 2606 *sarem
248 2541 313 2612 quia
326 2558 342 2595 a
354 2541 410 2594 Deo
423 2539 503 2594 electi
520 2544 611 2606 crant,
626 2538 697 2593 sicut
713 2539 849 2593 Dominus
863 2538 945 2593 disci·
996 2539 1064 2593 illud
1078 2540 1197 2610 apostoli
1212 2539 1287 2594 Petri
1304 2555 1310 2592 :
1328 2541 1418 2594 Estote
1441 2540 1599 2610 prudurtes,
1615 2545 1642 2593 ct
1661 2541 1775 2609 oiqiiote
1788 2542 1813 2592 ia

129 2636 205 2707 pulis
218 2635 312 2690 dicens
328 2638 408 2692 :Noa
418 2648 464 2687 cos
482 2649 523 2687 mc
535 2634 661 2700 elegistis,
676 2633 723 2687 sed
741 2648 787 2702 eqo
804 2634 872 2702 elegi
889 2648 945 2687 eos.
996 2633 1181 2697 or·otioaibus;
1196 2634 1358 2688 autcomaia
1368 2638 1458 2686 eutem
1470 2637 1593 2687 mutatam
1603 2635 1633 2686 iu
1648 2633 1813 2702 uobismetip

130 2730 164 2783 Et
184 2729 349 2800 Apostolus:
376 2728 445 2794 Quos
464 2729 613 2797 prescivit,
627 2727 672 2781 hos
690 2731 714 2780 et
733 2730 848 2781 occavit.
872 2727 946 2781 Bene
995 2728 1032 2781 sis
1040 2726 1199 2780 charitatem
1210 2728 1363 2780 continuam
1378 2726 1513 2780 babentes.
1525 2725 1656 2780 Charitas
1669 2725 1812 2797 aliquoties

129 2825 225 2885 salicti,
238 2822 304 2894 quia
315 2824 343 2875 et
358 2821 417 2891 ipse
430 2822 543 2874 sanctus
556 2824 597 2873 est
611 2819 660 2890 qui
674 2818 760 2873 dicit:
774 2822 867 2876 Sancti
881 2823 947 2874 esto
996 2818 1070 2873 iuter
1084 2823 1199 2874 crateras
1209 2819 1326 2874 virtutes
1338 2819 1431 2889 prima
1440 2818 1557 2890 ponitur
1569 2818 1603 2873 ab
1612 2819 1742 2890 apostolo
1754 2835 1812 2890 pro

131 2921 165 2976 te,
185 2917 250 2983 quia
267 2929 313 2982 eqo
332 2917 442 2967 sanctus
457 2927 527 2967 sum.
543 2912 652 2968 Viscera
674 2913 864 2966 misericordia·
880 2911 947 2966 dicit
996 2916 1060 2982 pter
1071 2912 1248 2985 dignitatem,
1258 2911 1302 2967 vel
1317 2911 1575 2981 mansuetudinem,
1589 2928 1625 2967 eo
1639 2912 1718 2984 quod
1726 2913 1813 2984 major

130 3005 235 3060 viscera
248 3004 370 3076 pictatis,
391 3004 457 3074 quia
468 3004 499 3056 in
518 3007 631 3058 tautum
648 3020 695 3057 vos
713 3003 821 3073 dilexit,
844 3009 946 3059 utnon
996 3004 1032 3061 sit
1047 3005 1156 3060 caeteris
1171 3004 1330 3061 virtutibus.
1347 3005 1398 3061 Ubi
1415 3021 1480 3060 vero
1494 3005 1593 3060 ultimo
1610 3006 1673 3060 loco
1688 3006 1810 3078 ponitur,

130 3098 256 3169 pretinm
271 3096 348 3151 aliud
361 3111 413 3167 pro
423 3095 500 3149 vobis
511 3095 600 3165 daret,
611 3096 661 3150 sed
673 3096 822 3166 proprium
834 3096 946 3168 sangui·
955 3139 983 3213 C
997 3115 1053 3153 non
1074 3103 1192 3170 propter
1212 3098 1397 3171 exiguitatem
1426 3098 1469 3154 vel
1489 3099 1724 3170 diminutionem,
1741 3101 1810 3172 quod

130 3206 195 3246 uem
215 3189 357 3244 funderet.
379 3191 417 3243 De
435 3204 491 3260 quo
510 3187 578 3242 olim
596 3188 733 3260 propheta
754 3188 944 3260 praedixerat:
996 3193 1089 3247 minor
1101 3193 1146 3262 sit,
1164 3191 1213 3248 sed
1229 3198 1344 3264 propter
1355 3191 1576 3248 fundamentum
1588 3193 1635 3249 vel
1649 3193 1810 3248 solidameu

129 3288 181 3340 Per
194 3286 298 3339 viscera
307 3281 498 3336 misericordie
510 3282 560 3335 Dei
569 3284 665 3344 nostri,
679 3282 813 3351 inquibus
825 3284 946 3337 visitarit
995 3291 1057 3340 tum
1066 3286 1191 3357 ponitur,
1207 3285 1279 3341 sicut
1292 3303 1344 3358 pro
1358 3285 1486 3358 Ephesiis
1499 3290 1561 3341 orat
1575 3286 1673 3342 dicens
1686 3305 1693 3342 :
1709 3290 1741 3344 la
1754 3289 1808 3343 cba-

129 3394 177 3434 uos
189 3381 277 3433 oricus
292 3392 326 3431 ce
339 3376 403 3430 otto.
426 3376 636 3431 Benmmmmu.
656 3375 717 3428 tam
736 3374 835 3446 incipit
857 3392 944 3447 expo·
993 3381 1077 3434 ritate
1089 3380 1207 3435 radicati
1220 3385 1245 3435 et
1262 3379 1390 3448 suadem
1405 3381 1465 3450 ipsa
1480 3384 1522 3434 est
1535 3379 1616 3435 enim
1629 3380 1713 3436 radix
1726 3381 1808 3436 omni-

129 3488 197 3528 uere
211 3470 279 3543 quid
292 3474 341 3524 aut
351 3469 471 3541 qualiter
480 3468 560 3523 indui
571 3484 599 3523 se
611 3467 732 3523 debcant
741 3485 805 3523 cum
819 3468 886 3524 dicit
900 3471 944 3525 be·
996 3472 1198 3540 nmvirtutum,
1212 3473 1342 3544 sineque
1356 3472 1591 3527 virtutesceeterae
1600 3473 1671 3529 vitia
1683 3480 1808 3547 reputan-

129 3568 298 3635 niquitotem.
312 3564 388 3617 Beue
402 3561 471 3616 dicit
486 3562 691 3631 bcuiqaitateme
705 3562 758 3616 hoc
773 3566 815 3617 est
829 3562 945 3644 benere
995 3569 1051 3620 tur.
1061 3565 1137 3620 Sicut
1147 3565 1235 3637 enim,
1248 3566 1327 3621 verbi
1338 3566 1534 3637 gratiadicam,
1543 3566 1649 3639 aliquis
1657 3567 1745 3624 homo
1754 3585 1806 3623 ma·

130 3658 257 3727 lentiam,
277 3657 330 3710 hoc
349 3659 391 3709 est
403 3661 435 3709 ut
450 3654 509 3708 sitis
520 3654 650 3709 benevoli
664 3653 699 3708 ad
715 3671 823 3722 omues,
844 3656 882 3710 ita
902 3656 943 3710 di·
995 3659 1127 3730 nipulum
1143 3659 1246 3714 iaciens
1254 3676 1289 3714 ex
1297 3660 1413 3731 virgulis
1424 3659 1594 3730 agrestibus,
1608 3677 1724 3717 neeesse
1735 3665 1808 3718 estut

130 3751 248 3822 ligantes
265 3755 297 3803 ut
318 3747 498 3818 vosmetipos.
520 3749 718 3804 lluurunnrau.
733 3749 799 3803 Post
810 3748 944 3820 benigni·
995 3769 1061 3807 cum
1073 3769 1130 3807 una
1145 3769 1180 3806 ex
1195 3752 1248 3807 illis
1260 3756 1411 3808 etcaeteras
1421 3753 1609 3825 constringat,
1623 3771 1659 3809 ne
1672 3755 1807 3810 hucilluc·

131 3848 217 3897 tatem
235 3840 362 3911 sequitur
376 3839 528 3894 humilitas.
548 3841 697 3896 humilitas
715 3858 819 3913 magna
838 3842 944 3897 estvir-
995 3862 1050 3918 que
1065 3846 1283 3919 dispergantur;
1300 3846 1339 3901 sic
1352 3863 1465 3902 necesse
1480 3852 1521 3902 est
1533 3851 1566 3901 ut
1575 3849 1746 3921 quicunque
1761 3866 1805 3904 ca-

131 3933 419 4006 tus‚quaeh01nines
441 3933 558 4002 angelos
580 3934 655 3988 fecit.
686 3935 722 3988 lle
743 3935 795 3988 hac
821 3952 945 4007 namque
995 3943 1192 3999 terasrirtutes
1207 3944 1806 4019 haberedesiderat,habeatvinculumper·

131 4029 234 4084 dieitur
250 4045 256 4082 :
274 4026 689 4093 Quisiueimmiiitoteoirtutem
703 4034 855 4098 congregat,
866 4031 947 4098 quasi
994 4037 1134 4105 fectionis,
1151 4037 1327 4108 charitatem,
1352 4038 1418 4109 quia
1437 4041 1470 4092 ut
1488 4038 1547 4093 dixi
1568 4045 1684 4095 caeterae
1699 4041 1807 4096 virgulas

130 4127 178 4194 qui
197 4125 226 4177 iu
248 4125 357 4176 acutum
373 4120 512 4189 pulverem
528 4124 631 4189 portat,
654 4126 678 4175 ct
697 4124 778 4190 quasi
791 4124 946 4192 quiramus
996 4130 1055 4185 sine
1071 4130 1206 4186 charitate
1219 4130 1292 4185 nihil
1306 4136 1381 4186 sunt.
1397 4131 1466 4186 ilinc
1481 4130 1548 4186 alibi
1563 4131 1634 4187 dicit
1648 4134 1805 4204 apostolus:

130 4218 310 4285 conqreqaoit,
329 4217 403 4268 misit
421 4229 465 4269 eas
482 4215 511 4267 iu
529 4214 667 4268 socculum
678 4220 827 4285 pertusum.
842 4217 875 4271 Et
890 4216 944 4270 uo·
994 4227 1025 4282 si
1045 4224 1145 4293 linquis
1158 4226 1295 4280 eumenum
1310 4225 1406 4295 loquar
1421 4231 1447 4279 er
1457 4227 1627 4294 angelorum,
1651 4228 1805 4283 chaam

130 4317 224 4371 minus
238 4314 321 4369 dicit:
335 4315 433 4369 Discite
449 4330 465 4366 a
485 4328 526 4368 me
548 4315 613 4382 quia
630 4315 703 4368 mitis
721 4329 780 4368 sum
797 4319 822 4368 et
838 4315 946 4370 tramitis
972 4336 975 4340 ’
996 4335 1049 4372 uon
1068 4319 1589 4386 babeamsactussumoetutaessaunas
1603 4322 1806 4389 autcymbnluu

129 4411 216 4465 corde.
230 4409 399 4463 lionasruu.
414 4406 547 4461 Modestia
561 4406 620 4476 ipsa
641 4410 682 4460 est
702 4411 729 4461 et
747 4408 944 4477 temperantia,
995 4415 1121 4468 tierricus.
1136 4414 1173 4467 Er
1186 4427 1237 4467 rar
1250 4415 1360 4468 Cnnrsm
1372 4429 1538 4468 nasonicum
1553 4428 1804 4470 conuiuasrusrars.

129 4520 185 4558 uria
202 4519 236 4556 ex
252 4505 375 4572 quatuor
393 4499 543 4555 virtutibus
565 4500 780 4571 principalibus.
809 4501 984 4580 liodestusD
995 4505 1051 4560 Pax
1066 4510 1161 4560 nostra
1173 4505 1300 4562 Christus
1314 4511 1366 4574 est,
1388 4505 1499 4560 dicente
1521 4507 1677 4577 Apostolo:
1694 4511 1753 4579 lpse
1774 4512 1806 4561 est

131 4597 217 4662 enim,
232 4595 261 4648 id
276 4599 316 4648 cst
330 4597 513 4663 ternperatus,
527 4592 611 4647 dehet
624 4610 683 4647 esse
696 4592 813 4664 quilibet
826 4594 868 4647 vir
881 4611 945 4665 per·
993 4615 1052 4669 pau
1065 4604 1168 4660 mostra,
1188 4601 1237 4669 qui
1246 4601 1312 4668 serit
1326 4606 1441 4669 utraque
1450 4616 1543 4654 uuum.
1561 4600 1597 4654 Et
1618 4600 1744 4655 iterum:
1757 4604 1806 4656 Poe

128 4690 227 4755 fectus,
235 4705 291 4742 non
302 4687 394 4740 solum
403 4686 432 4739 in
443 4685 504 4739 cibo
514 4690 541 4740 et
552 4691 618 4757 potu
630 4691 745 4758 propter
757 4687 839 4742 illud:
853 4688 947 4742 Attea·
996 4690 1044 4742 Dei
1057 4704 1116 4757 quac
1126 4693 1269 4759 casaperat
1283 4704 1385 4744 orauem
1394 4703 1509 4750 seusam,
1520 4688 1658 4743 custodiat
1670 4692 1751 4744 eorda
1761 4704 1806 4744 res

130 4785 186 4839 dite
199 4799 232 4838 ac
246 4785 393 4852 graventur
406 4779 488 4833 cordo
502 4785 591 4833 oestro
607 4782 635 4833 iu
650 4781 795 4849 crapulari
808 4783 945 4845 ebrietate,
996 4787 1039 4835 tro
1054 4787 1080 4835 et
1088 4782 1281 4850 intelligentias
1290 4787 1401 4837 cestros.
1414 4782 1540 4836 Exsultat
1550 4781 1630 4837 enim
1642 4782 1674 4838 in
1685 4783 1806 4839 cordibus

131 4894 229 4931 verrem
251 4875 335 4930 etiam
360 4874 388 4927 iu
402 4872 583 4943 cogitatione,
605 4873 795 4941 allocutione,
811 4880 838 4929 et
850 4891 946 4945 opera·
996 4878 1167 4943 sauctorum,
1184 4892 1248 4929 cum
1264 4892 1311 4929 eos
1324 4875 1460 4930 exsultare
1475 4875 1552 4930 iacit.
1570 4876 1608 4929 lle
1624 4893 1683 4947 qua
1698 4875 1807 4932 exsulta·

130 4971 216 5039 tione,
238 4975 267 5023 et
288 4967 415 5022 inomni
435 4972 508 5022 actu.
532 4966 706 5021 Parthanum.
727 4967 838 5021 Patiens
863 4967 946 5022 debet
997 4968 1072 5022 tione
1095 4968 1233 5040 propheta
1257 4969 1344 5023 dicitz
1361 4969 1544 5025 Eesuttabuat
1559 4973 1653 5024 sancti
1672 4974 1704 5025 iu
1717 4972 1803 5039 gioria.

131 5079 190 5118 esse
223 5063 264 5116 vir
290 5063 592 5133 pe1·lcctus‚1noneute
616 5060 758 5130 Apostolo.
782 5048 875 5116 Pacem
902 5078 944 5116 se·
996 5060 1064 5115 lluic
1080 5062 1171 5117 simile
1184 5067 1226 5117 est
1240 5062 1318 5134 quod
1330 5062 1413 5118 alibi:
1428 5064 1505 5118 Misit
1518 5067 1588 5118 Deus
1602 5065 1739 5134 Spiritum
1752 5063 1807 5119 Filii

130 5158 250 5218 atomi-ai,
264 5161 290 5209 ct
301 5156 515 5210 sanctimoniam.
533 5154 565 5208 lit
583 5152 717 5207 Dominus
736 5153 820 5208 dicit:
841 5158 873 5209 lu
892 5171 943 5225 pa·
994 5158 1038 5210 sui
1050 5158 1079 5209 iu
1091 5156 1173 5210 cordo
1188 5157 1349 5210 clamantem
1363 5175 1371 5210 ε
1385 5157 1464 5212 Abba
1479 5158 1569 5218 Pater,
1585 5160 1634 5210 et:
1654 5160 1714 5228 lpse
1727 5158 1804 5229 Spiri-

130 5251 224 5306 tieutia
252 5253 340 5302 oestro
363 5249 535 5317 possidebitis
549 5249 665 5311 ¹animas
690 5253 802 5303 oestrus.
831 5248 863 5301 Et
891 5248 945 5302 aha
995 5254 1038 5303 tas
1062 5251 1241 5305 testimouium
1259 5250 1354 5305 reddet
1376 5252 1487 5320 spiritui
1502 5254 1604 5313 nostro,
1626 5252 1702 5320 quod
1725 5265 1806 5307 sumta

130 5343 275 5414 Scriptura
288 5340 356 5395 dicit
370 5357 376 5393 :
392 5342 532 5410 Sopieutio
546 5344 601 5395 eir-i
612 5358 661 5412 per
672 5343 834 5412 patientiam
853 5343 945 5410 digno
993 5343 1114 5411 titillet.

127 5442 220 5495 scitur.
238 5435 447 5490 Sernonrlnrus
471 5450 591 5489 lavican.
609 5435 704 5506 Ipsum
718 5440 760 5490 est
781 5434 856 5505 quod
879 5434 944 5488 alibi
1030 5438 1058 5491 la
1073 5452 1126 5498 oro
1141 5453 1172 5491 ar
1188 5452 1283 5492 rocam
1308 5453 1390 5508 ESTlS,
1410 5437 1439 5492 id
1454 5442 1496 5492 est
1511 5437 1541 5491 in
1559 5437 1686 5509 Christo,
1710 5441 1756 5510 qai
1767 5453 1806 5492 ros

129 5534 195 5588 dicit
206 5548 212 5586 :
224 5531 303 5587 Alter
316 5528 429 5582 ulterius
441 5542 522 5580 onero
530 5533 647 5596 portate,
661 5534 685 5583 et
704 5532 742 5583 sie
762 5529 945 5599 adimpiebitis
994 5532 1098 5586 nocam
1111 5531 1143 5585 de
1159 5531 1272 5586 tenebris
1285 5535 1314 5586 in
1327 5532 1489 5586 admirabile
1504 5532 1596 5586 lumen
1611 5548 1703 5588 scirem.
1718 5534 1805 5588 Unum

128 5630 211 5697 ieqem
234 5625 343 5684 Christi.
363 5622 419 5676 ilex
439 5619 542 5674 Christi
565 5619 675 5675 dilectio
699 5628 749 5690 cst,
778 5628 943 5694 quamtuuc
994 5640 1096 5694 corpus
1106 5624 1171 5679 dicit
1184 5627 1310 5680 sanctam
1324 5625 1484 5696 Ecclesiam,
1497 5628 1706 5699 quatiquamiu
1718 5632 1806 5699 partes

128 5721 290 5792 implemus,
306 5719 328 5772 si
347 5716 468 5771 invicem
491 5730 541 5767 nos
562 5712 730 5768 sufferimus.
756 5717 788 5768 Et
810 5715 944 5770 [lominus
994 5715 1081 5770 divisa
1094 5718 1139 5785 sit,
1148 5715 1418 5775 membrislldelium
1427 5724 1523 5775 tamen
1534 5719 1653 5775 collecta
1666 5736 1757 5777 unum
1770 5721 1807 5774 cst

122 5815 209 5867 dicit:
228 5816 262 5867 Iu
278 5815 328 5868 teor:
343 5814 499 5881 cognosccat
516 5824 603 5862 omues
624 5809 690 5878 quia
709 5811 760 5861 mei
777 5812 836 5865 estis
861 5811 942 5865 disci·
994 5827 1105 5884 corpus.
1125 5813 1176 5867 l'os
1193 5815 1254 5868 estis
1276 5828 1372 5885 carpus
1392 5815 1501 5878 Christi,
1528 5813 1596 5868 dicit
1609 5814 1767 5888 Apostolus,
1781 5816 1803 5868 tt
