3878 6150
123 263 190 315 l09'l
502 255 686 312 lustratam
705 256 812 312 LEGES
830 254 996 311 SELECTAE.
1019 255 1080 309 tls.
1102 254 1121 319 Ι,
1142 253 1204 308 ΤΙΤ.
1227 251 1281 317 Vll,
1301 248 1367 305 LEX
1385 249 1430 304 ill.
1734 248 1801 302 1098

118 365 213 420 luerat
227 364 359 419 formam.
373 365 445 418 Nam
458 365 574 423 nomina
588 364 703 437 quidem
724 363 864 420 veteribus
878 379 937 418 ser-
948 367 1017 449 Aet
1026 361 1162 417 similium
1168 352 1614 431 assumpsimuspositionem,vel
1621 351 1705 407 rebus
1712 351 1804 424 subje-

119 458 256 528 ravimus,
270 458 368 529 legum
382 463 478 513 autem
493 458 641 513 veritatem
659 462 786 514 nostram
809 457 937 512 fecimus.
988 457 1039 512 ctis
1048 457 1079 511 id
1091 455 1282 527 exigentibus,
1293 457 1325 506 ut
1339 451 1484 523 oporteret
1493 447 1568 501 idem
1579 445 1705 518 pluribus
1714 446 1804 517 appli-

122 554 217 623 ltaque
232 551 338 623 siquid
355 556 417 607 erat
433 551 532 607 inillis
548 551 715 606 seditiosum
728 551 828 623 (multa
842 555 938 606 autem
988 549 1046 606 cari
1064 549 1160 618 titulis,
1176 549 1220 603 vel
1234 546 1300 618 quia
1312 560 1377 599 cum
1391 544 1527 597 extraneo
1549 540 1612 594 loco
1631 543 1704 593 esset
1722 554 1801 592 com·

120 644 187 699 talia
197 649 278 699 erant
288 644 327 698 ibi
336 644 478 715 reposita),
487 645 541 700 hoc
552 645 677 700 decisum
688 649 730 701 est
740 648 768 699 et
776 643 937 713 definitum,
989 644 1113 699 mixtum
1123 642 1152 696 id
1161 640 1240 712 quod
1253 639 1343 695 simile
1357 632 1497 708 superiori
1507 631 1665 700 videbatur,
1676 630 1805 703 impossi-

121 738 151 789 et
166 733 195 788 in
208 733 391 805 perspicuum
406 733 492 788 linem
512 733 633 788 deducta
646 739 688 789 est
702 749 822 805 queque
836 734 891 788 lex.
905 762 939 771 -
989 737 1044 793 bile
1057 736 1111 791 fuit
1125 752 1190 791 eam
1202 731 1419 788 similitudinem
1434 726 1543 783 detrahi
1551 743 1560 795 ;
1580 725 1624 779 vel
1637 723 1724 779 etiam
1739 725 1806 796 quia

122 828 139 900 §
154 831 197 881 11.
213 827 265 882 Sed
276 843 342 880 cum
354 827 501 898 oportebat
515 831 543 881 et
557 827 682 898 aliquam
696 826 868 882 mediocrem
884 826 938 880 isa·
990 846 1064 902 saepe
1077 828 1262 886 custodienda
1275 826 1330 881 luit
1343 825 1456 894 integra
1467 821 1553 877 totius
1566 816 1683 873 theoriae
1694 818 1755 888 [seu
1767 816 1806 872 vi·

123 937 227 993 gogem
246 920 338 975 iacere
356 920 386 975 in
406 936 504 975 eorum
523 921 643 992 gratiam
655 919 705 992 qui
719 925 847 975 recenter
863 920 941 991 leges
991 923 1085 996 sionis]
1107 920 1291 987 continentia,
1304 934 1356 973 uec
1377 914 1534 988 separanda
1556 911 1616 985 [aut
1638 910 1806 980 divellenda]

124 1014 279 1085 attingunt,
293 1029 347 1067 uec
361 1013 500 1083 majorem
515 1004 672 1068 doctrinam
686 1018 798 1084 portare
813 1015 939 1084 possunt,
990 1033 1071 1073 mens
1084 1021 1112 1071 et
1123 1015 1280 1070 intellectus
1303 1007 1477 1085 [legentium]
1493 1023 1544 1078 per
1556 1020 1656 1060 eorum
1668 1019 1733 1074 quae
1743 1003 1806 1073 jam

124 1122 217 1178 neque
231 1107 283 1160 hoc
297 1110 378 1161 entra
391 1110 517 1160 nostram
536 1106 743 1178 providentiam
763 1106 940 1178 reliquimus
992 1110 1095 1180 scripta
1114 1109 1229 1163 lucrant
1249 1100 1485 1177 ademptionem:
1505 1098 1574 1171 quin
1597 1102 1625 1152 et
1645 1096 1698 1150 hoc
1717 1094 1809 1149 sicubi

124 1199 231 1254 scilicet
249 1198 422 1255 Triboniano
447 1198 663 1272 gloriosissimo,
678 1200 727 1271 qui
751 1204 779 1255 et
799 1196 835 1255 ad
857 1199 943 1254 totius
992 1207 1169 1277 assumptum
1184 1204 1227 1254 est
1246 1202 1361 1270 propter
1383 1195 1425 1251 rei
1444 1192 1651 1259 necessitatem,
1667 1193 1764 1244 tamen
1779 1186 1808 1242 id

124 1291 220 1365 operis
239 1292 361 1363 legitimi
380 1292 614 1365 gubernationem
637 1291 742 1348 electus
762 1297 814 1362 est,
833 1308 944 1348 necnon
992 1296 1076 1352 breve
1096 1299 1146 1364 est,
1162 1309 1214 1348 nec
1237 1292 1328 1346 ullum
1348 1289 1408 1344 fere
1428 1287 1472 1342 sui
1489 1301 1603 1341 sensum
1616 1281 1759 1355 praebens.
1773 1310 1808 1322 -

125 1385 291 1457 Theophila,
303 1391 331 1440 et
341 1387 481 1441 Dorotbeo
489 1385 775 1459 magnificentissimis
785 1389 814 1440 et
822 1386 944 1457 pruden·
994 1389 1011 1462 g
1027 1391 1069 1444 11.
1085 1390 1142 1443 1111
1159 1386 1245 1442 etiam
1261 1385 1365 1456 ipsum,
1379 1386 1408 1436 et
1429 1381 1459 1434 in
1481 1375 1737 1435 constitutionibus
1748 1374 1810 1445 jam

126 1479 243 1534 tissimis
266 1479 492 1535 anticensoribus
517 1480 659 1535 accersitis
684 1479 890 1548 mandavimus,
913 1482 946 1533 111
994 1484 1071 1539 inter
1088 1479 1249 1553 imperiales
1263 1473 1481 1533 constitutiones
1494 1471 1599 1540 relatis,
1616 1470 1719 1540 etjure
1733 1466 1811 1539 quod

127 1567 280 1638 seligerent
290 1583 322 1623 01
334 1567 378 1622 his
390 1584 454 1639 (111ae
467 1567 945 1641 1111111111111111111816081111111
995 1575 1086 1632 erbis
1100 1574 1226 1641 resultat,
1242 1568 1452 1625 observavimus
1465 1582 1472 1620 z
1484 1580 1551 1620 nam
1565 1578 1628 1635 quae
1642 1562 1672 1616 iu
1685 1561 1740 1616 illis
1750 1561 1811 1632 jam

128 1659 213 1715 modo
227 1662 391 1733 composita,
403 1677 436 1717 ea
449 1677 514 1733 quae
528 1667 621 1717 essent
635 1661 788 1735 aptissima,
800 1666 829 1717 et
838 1662 868 1716 iu
878 1660 946 1732 ipsis
996 1673 1076 1724 cauta
1096 1670 1188 1735 erant,
1204 1681 1238 1720 ea
1251 1662 1345 1718 necin
1359 1661 1412 1715 boc
1425 1657 1568 1713 volumine
1586 1654 1654 1728 poni
1674 1653 1812 1709 concessi-

129 1769 225 1808 16111111
241 1754 418 1825 argumentis
431 1754 586 1811 0111111θῦ111
591 1773 600 1825 3
622 1761 709 1828 11111111
728 1755 906 1827 60111811θῦ1,
919 1744 985 1816 etB
996 1779 1070 1832 mus,
1081 1759 1136 1816 nisi
1145 1760 1181 1815 ob
1192 1758 1319 1830 aliquam
1330 1752 1473 1809 interdum
1489 1748 1728 1806 circumstantium
1738 1747 1813 1802 simi·

128 1846 210 1901 nobis
219 1846 363 1917 offerrent,
372 1851 401 1902 et
410 1850 443 1901 ut
455 1849 631 1904 mentionem
643 1848 730 1903 etiam
752 1849 877 1903 facerent
898 1864 946 1903 uo
995 1854 1124 1912 litudinis
1133 1853 1227 1924 aliqua
1239 1866 1322 1905 causa
1335 1847 1432 1904 relicta
1445 1848 1541 1901 111-
1551 1843 1567 1915 ᾗ
1579 1846 1623 1897 15.
1633 1840 1814 1897 Contrarium

130 1942 253 1994 5111111111
270 1940 522 2008 0015111111011111,
536 1958 605 2014 (111113
621 1958 671 2014 1110
687 1941 883 1997 emendaiiffle
898 1957 946 1997 ve·
998 1953 1094 2005 autem
1104 1947 1165 2002 aliis
1177 1944 1288 2017 legibus
1297 1943 1391 2014 legem
1401 1956 1435 1996 ex
1444 1938 1489 1994 his
1496 1936 1598 2008 quaein
1608 1935 1662 1989 hoc
1672 1933 1815 1988 volumine

131 2032 198 2086 teris
207 2032 281 2104 juris
291 2034 543 2106 promulgavimus,
559 2039 587 2090 et
601 2035 639 2090 ita
651 2039 854 2107 componerent
862 2035 948 2090 libros
997 2043 1097 2115 positae
1120 2044 1187 2096 sunt
1206 2054 1265 2093 non
1286 2035 1368 2091 facile
1387 2033 1451 2105 quis
1470 2029 1618 2101 repererit,
1633 2027 1656 2082 si
1676 2027 1760 2082 modo
1779 2025 1817 2080 ad

131 2126 369 2195 quatuorfuturos
378 2127 471 2198 prima
479 2127 619 2184 elementa
629 2128 715 2184 totius
725 2128 866 2200 isagoges,
874 2144 949 2201 quos
999 2151 1097 2192 omnes
1107 2130 1313 2190 contrarietatis
1322 2126 1526 2183 finesanimum
1534 2120 1681 2177 intendere
1690 2119 1815 2183 festinet,

131 2218 226 2272 vocari
234 2218 362 2275 lnstituta
375 2220 465 2275 visum
476 2225 532 2290 est;
546 2237 630 2293 quam
640 2238 708 2276 sane
720 2220 840 2293 legitimi
857 2220 950 2293 operis
1000 2230 1048 2285 sed
1063 2230 1137 2283 inest
1149 2224 1255 2298 aliquid
1265 2223 1419 2288 diversum,
1428 2217 1505 2290 quod
1515 2219 1692 2286 assumptum
1703 2212 1818 2268 alterius

132 2314 243 2382 partem
269 2312 453 2386 compositam
474 2313 555 2368 nobis
577 2314 750 2385 obtuleruut,
766 2319 796 2370 et
813 2331 866 2370 nos
887 2330 950 2369 eam
1001 2321 1113 2395 generis
1124 2320 1195 2375 forle
1206 2318 1278 2372 hauc
1288 2314 1402 2371 atillam
1414 2311 1486 2383 legis
1499 2307 1669 2381 positionem
1679 2320 1818 2378 apparere

133 2407 222 2458 totam
233 2405 437 2462 consideratam
451 2424 468 2461 a
481 2407 572 2478 nobis,
587 2412 616 2464 et
627 2424 808 2480 perpensam,
819 2411 951 2480 recteque
999 2415 1093 2472 faciet.

133 2496 238 2553 babere
258 2498 357 2567 risam,
372 2499 474 2555 nostris
497 2499 623 2556 sensibus
645 2518 703 2556 non
724 2501 871 2573 indignam
892 2517 951 2557 esse
1037 2509 1108 2582 §la
1123 2507 1178 2564 sed
1192 2509 1222 2560 et
1236 2502 1337 2576 siquid
1350 2496 1819 2572 fortepraetermissumesteomm

130 2589 330 2660 judicavimus,
346 2595 376 2646 et
393 2609 445 2664 pro
460 2593 563 2648 nostris
575 2594 677 2650 haberi
689 2595 950 2662 constitutionibus,
1001 2619 1065 2675 quae
1078 2601 1147 2673 poni
1162 2598 1304 2655 debebant
1319 2595 1399 2666 (forte
1413 2592 1490 2648 euim
1508 2594 1537 2646 et
1555 2589 1662 2661 aliquid
1673 2587 1730 2642 tale
1750 2602 1819 2641 con·

135 2688 331 2740 etnostrarum
342 2685 582 2743 Constitutiouum
592 2688 790 2744 roburhabere
797 2688 950 2759 jussimus:
1002 2695 1067 2766 tigit
1078 2698 1197 2765 propter
1206 2692 1339 2745 humanae
1352 2685 1572 2741 imbecillitatem
1585 2680 1716 2751 naturae),
1730 2678 1821 2734 multo

134 2777 210 2848 quod
231 2781 260 2832 et
274 2794 307 2832 ex
321 2778 365 2832 his
379 2779 486 2851 quasin
499 2780 646 2853 prooemiis
659 2781 787 2852 ejusdem
802 2781 953 2837 voluminis
1003 2804 1069 2843 sane
1092 2785 1193 2841 melius
1217 2789 1261 2839 est
1283 2780 1388 2837 nostris
1412 2777 1531 2838 abditis
1554 2775 1651 2831 multis
1673 2771 1821 2828 inutilibus

136 2869 329 2939 disseruimus,
345 2872 478 2927 omnibus
493 2873 676 2929 manifestum
688 2874 815 2930 fecimus.
829 2905 864 2915 -
879 2875 896 2947 5
910 2877 952 2930 12.
1003 2880 1117 2936 liberari
1130 2875 1272 2951 [legibus],
1283 2876 1351 2931 dum
1361 2870 1591 2946 privanturforte
1601 2866 1697 2941 paucis
1707 2865 1821 2938 quibus·

136 2962 181 3017 Sic
193 2964 288 3035 itaque
303 2965 381 3020 omni
396 2967 518 3021 Romani
527 2967 600 3038 juris
616 2966 798 3040 dispositione
812 2968 953 3036 ordinata,
1005 2952 1071 3029 dam
1086 2989 1150 3046 quae
1169 2970 1338 3026 videbantur
1353 2967 1467 3033 idonea,
1483 2961 1657 3036 myriadibus
1670 2974 1759 3032 prope
1774 2959 1820 3014 in·

137 3061 164 3110 et
185 3056 216 3110 in
237 3058 328 3113 tribus
346 3059 463 3130 integris
485 3064 514 3114 et
533 3059 725 3116 voluminibus
741 3066 769 3117 et
780 3061 862 3116 annis
876 3064 954 3117 tanto
1004 3067 1092 3122 finitis
1105 3065 1212 3121 defossa
1228 3069 1257 3119 et
1270 3061 1407 3135 deposita,
1416 3065 1446 3115 et
1454 3057 1562 3114 nemini
1574 3056 1646 3110 forte
1659 3051 1822 3108 mortalium

137 3164 222 3219 opere
243 3151 368 3221 peffecto
385 3152 468 3223 (quod
482 3152 563 3208 nobis
585 3154 621 3209 ab
640 3153 720 3209 initio
736 3170 852 3211 omnem
875 3110 1210 3226 spemcanimadversa.
1226 3189 1261 3197 -
1284 3156 1300 3228 §
1325 3160 1366 3211 17.
1391 3155 1466 3208 llanc
1488 3150 1564 3207 enim
1588 3149 1624 3203 ob
1646 3161 1760 3202 causam
1780 3149 1824 3200 tot
1919 3201 1932 3224 ο

137 3242 284 3311 excedere,
298 3244 372 3297 circa
383 3243 470 3299 finem
482 3248 588 3314 autem,
599 3263 665 3303 cum
675 3248 737 3318 jam
749 3248 954 3320 penetrabilem
1004 3254 1083 3310 libris
1102 3269 1174 3325 quos
1197 3257 1281 3306 antea
1300 3246 1382 3302 scribi
1402 3243 1550 3317 oportebat
1563 3239 1689 3295 destituti
1700 3237 1822 3308 judices,

137 3350 197 3389 esse
207 3350 268 3388 rem
282 3334 439 3405 docuimus,
450 3352 486 3391 ne
497 3337 527 3391 in
537 3337 635 3392 decem
645 3339 761 3410 quidem
770 3340 852 3395 annis
864 3345 955 3396 totum
1004 3347 1115 3401 facilius
1127 3361 1163 3400 ex
1174 3339 1350 3415 paucissimis
1365 3337 1439 3410 juris
1456 3333 1618 3390 auctoribus
1640 3336 1669 3386 et
1687 3330 1767 3385 libris
1787 3329 1824 3386 ad

137 3427 243 3482 absolvi
259 3444 341 3498 posse
355 3428 522 3501 videbatur),
538 3434 617 3485 tanta
632 3446 700 3502 ergo
715 3432 804 3487 trium
815 3449 956 3490 annorum
1005 3440 1092 3495 finem
1105 3438 1199 3493 litium
1212 3432 1424 3507 perveniebant,
1436 3427 1580 3501 etjudicia
1592 3424 1768 3491 decidebant,
1779 3424 1824 3480 rel

139 3520 300 3576 celebritate
311 3527 508 3578 consummato
524 3538 620 3595 opere,
636 3528 664 3579 et
676 3524 728 3579 hac
741 3541 826 3596 opera
837 3527 956 3582 Domino
1006 3536 1122 3606 propter
1134 3530 1262 3601 inopiam
1275 3526 1423 3594 librorum,
1437 3523 1480 3578 vel
1494 3521 1633 3594 (1111111011
1646 3517 1825 3574 Suffisslebasst

139 3614 197 3668 Deo
213 3614 316 3684 oblata,
335 3615 385 3687 qui
400 3615 476 3671 dedit
490 3621 519 3671 et
530 3632 626 3688 pacem
640 3633 736 3689 agere,
746 3624 774 3674 11
783 3619 858 3675 bella
866 3620 955 3675 felici·
1006 3625 1103 3682 multis
1124 3622 1268 3679 laboribus
1287 3620 1323 3674 ad
1344 3615 1512 3673 invenienda
1527 3614 1616 3669 11111111
1631 3612 1710 3667 utilia
1725 3625 1823 3667 neces·

139 3709 184 3762 ter
196 3706 329 3779 dirigere,
348 3712 376 3763 et
390 3706 468 3780 leges
481 3724 587 3780 ponere
600 3711 754 3781 praeterito,
768 3713 912 3783 prasenti,
929 3716 958 3768 et
1007 3719 1099 3790 sariis,
1115 3721 1143 3774 et
1155 3716 1262 3772 viribus
1275 3717 1357 3770 erant
1376 3710 1509 3783 impares.
1529 3709 1561 3763 ln
1583 3704 1825 3779 praesentientem

139 3800 235 3854 futuro
247 3800 381 3872 tempori,
391 3802 501 3872 justum
517 3819 576 3858 esse
590 3804 752 3875 putavimus
766 3806 898 3862 omnibus
909 3807 958 3862 bo
1007 3810 1250 3869 consummatione
1270 3807 1413 3862 maximus
1431 3805 1529 3876 legum
1548 3799 1737 3856 obtinentium
1755 3813 1825 3853 con·
1880 3799 1894 3814 ⁶

140 3892 264 3947 minibus
289 3894 382 3949 lacere
407 3895 589 3951 manifestum
610 3900 739 3952 uostmm
760 3898 853 3954 iubis
874 3899 958 3955 rebus
1009 3911 1103 3980 gestus
1113 3908 1302 3960 estnumerus
1314 3917 1349 3956 ex
1359 3898 1439 3955 libris
1452 3897 1532 3966 raris,
1542 3894 1630 3967 etqui
1643 3893 1689 3949 vix
1702 3891 1826 3948 inveniri

142 3986 267 4041 studium
291 3987 376 4043 simul
402 3993 431 4043 et
453 3988 671 4062 providentiam,
684 3993 826 4062 quomodo
852 4009 958 4066 nempe
1008 3999 1162 4073 potuerint,
1177 4003 1205 4053 et
1217 4012 1340 4069 quorum
1358 4009 1409 4048 nec
1428 3990 1544 4046 nomina
1565 4004 1618 4044 neo
1639 3984 1824 4043 eruditissimi

142 4079 231 4150 priori
243 4081 325 4135 soluti
337 4081 560 4153 perturbatione,
575 4085 603 4138 et
615 4084 789 4154 confusione,
806 4091 834 4141 et
847 4088 957 4143 nubum
1008 4094 1125 4167 quidem
1135 4093 1165 4147 in
1175 4091 1285 4164 legibus
1292 4089 1454 4160 complures
1460 4084 1594 4139 homines
1602 4080 1826 4143 noverantouo·

141 4173 231 4226 tinem
243 4173 363 4229 habente
372 4175 447 4245 juris
460 4176 611 4247 positione,
623 4178 702 4233 usuri
716 4182 959 4251 suntposthacle-
1009 4203 1074 4243 rum
1090 4202 1156 4242 sane
1168 4174 1278 4256 copiam
1299 4184 1359 4253 [sen
1380 4176 1540 4246 materiam]
1556 4173 1636 4229 uobis
1648 4171 1825 4228 uberrimam

143 4266 226 4338 gibus
248 4267 340 4334 rectis,
355 4269 575 4340 compendiosis,
591 4275 619 4325 11
639 4272 771 4328 omnibus
790 4275 825 4330 ad
841 4292 960 4331 manum
1010 4281 1099 4335 dictus
1112 4270 1520 4350 gloriosissimusl'ribouianus
1533 4266 1655 4340 prebuit
1666 4265 1825 4351 multorum

142 4360 292 4432 promptis,
305 4364 334 4414 et
346 4359 440 4416 litium
451 4363 652 4435 compendium
667 4365 860 4438 afferentibus,
871 4375 899 4424 et
908 4386 959 4441 pa·
1009 4372 1159 4438 librorum,
1175 4371 1203 4423 et
1214 4368 1264 4440 qni
1275 4367 1323 4422 vix
1334 4363 1479 4421 numerari
1497 4365 1626 4435 possunt,
1645 4357 1826 4433 suppediim

142 4453 221 4519 ratis,
231 4458 315 4524 atque
325 4455 458 4526 expositis
467 4454 600 4513 omnibus
610 4457 794 4532 [hominibus]
803 4461 1203 4549 adlacilemDmultitudine,
1224 4460 1326 4534 quibus
1350 4456 1482 4514 omnibus
1498 4454 1623 4527 perfecte
1647 4452 1737 4521 lectis,
1756 4467 1825 4507 eon·

144 4546 710 4622 acquisitionem,uecumpliusegentibus
718 4553 814 4609 multis
821 4557 961 4633 pecuniis,
1013 4562 1091 4632 gesta
1104 4559 1169 4613 sunt
1181 4556 1243 4610 baec
1255 4552 1414 4620 volumina3
1435 4548 1537 4605 sodex
1556 4548 1660 4602 horum
1681 4545 1778 4602 multis
1799 4549 1828 4601 et

144 4646 177 4694 ut
189 4640 304 4695 illorum
321 4641 466 4698 inutilium
481 4643 620 4699 librorum
634 4651 790 4718 congerant
801 4649 961 4708 multitudi-
1012 4652 1095 4707 variis
1106 4651 1141 4708 bi
1154 4651 1204 4723 qui
1224 4666 1242 4704 a
1259 4647 1341 4704 nobis
1354 4646 1389 4701 ad
1407 4645 1460 4699 boc
1472 4639 1638 4714 congregati
1655 4643 1747 4707 erant,
1761 4654 1828 4694 cum

144 4749 223 4802 nem,
238 4735 286 4789 sed
299 4735 433 4791 vilissima
446 4738 577 4808 pecunia,
591 4742 652 4794 tam
664 4740 813 4798 ditioribus
828 4760 914 4817 quam
928 4763 963 4802 ex
1013 4746 1084 4802 nibil
1093 4741 1420 4807 invenissenlidoneum,
1429 4734 1634 4793 eutnovumab
1643 4731 1828 4804 hisquaejem

145 4827 272 4883 tenuiore
282 4827 414 4899 profectis
423 4830 604 4902 patrimonio,
612 4833 773 4905 copiamsui
782 4839 964 4910 comparandi
1014 4842 1188 4911 congregata
1200 4841 1289 4903 crant,
1305 4834 1463 4890 illationem
1474 4847 1509 4886 ex
1520 4829 1564 4884 bis
1576 4829 1607 4884 in
1621 4829 1675 4883 boc
1688 4840 1774 4898 opere
1785 4825 1828 4880 fa·

146 4919 349 4992 prebentibus.
364 4952 399 4963 -
413 4922 429 4995 §
446 4925 488 4978 13.
502 4924 529 4980 si
544 4926 614 4998 quid
626 4932 721 4983 autem
735 4944 770 4983 ex
782 4930 965 4989 multitudine
1014 4934 1143 4990 ciendam
1155 4931 1262 5004 optimo
1277 4930 1373 4984 animo
1384 4927 1566 4998 respuerunt.

146 5029 180 5068 ea
201 5030 265 5085 quae
282 5030 359 5070 nunc
375 5020 509 5088 congesta
523 5023 575 5087 est,
589 5024 618 5075 et
640 5036 675 5091 eg
692 5022 778 5077 tantis
792 5024 965 5096 myriadibus
1050 5029 1067 5100 §
1082 5031 1125 5083 l8.
1139 5026 1167 5083 Si
1176 5041 1243 5082 vero
1256 5028 1356 5096 postea
1365 5019 1472 5092 aliquid
1485 5016 1552 5073 novi
1563 5017 1829 5084 controverteretur,

146 5106 275 5176 collecta,
289 5108 429 5165 videbitur
447 5126 508 5165 esse
522 5111 614 5167 simile
635 5113 675 5184 [et
696 5115 881 5190 genrinatum]
901 5119 966 5188 (boc
1015 5122 1091 5195 quod
1106 5138 1163 5176 uon
1185 5118 1334 5193 apparebit
1353 5115 1464 5187 legibus
1485 5112 1529 5167 his
1548 5109 1716 5181 inscriptum
1731 5106 1831 5182 (multu

147 5205 242 5255 autern
256 5207 389 5272 putamus
398 5209 495 5259 ratum
507 5207 585 5276 esse),
597 5211 725 5264 attamen
737 5209 872 5266 humauoe
886 5218 966 5269 natu·
1016 5216 1093 5272 euim
1105 5230 1209 5270 novare
1222 5212 1299 5267 uouit
1309 5209 1430 5280 1111111),
1444 5207 1492 5262 sed
1506 5203 1660 5277 imperium
1675 5203 1829 5273 111111111-

147 5309 188 5348 rue
197 5293 441 5368 [imbecillitatem]
449 5298 766 5372 considerantibus,uou
773 5308 854 5359 extra
859 5304 967 5376 justam
1016 5315 1079 5382 pter
1090 5310 1144 5364 hoc
1157 5306 1294 5381 imposuit
1305 5301 1477 5371 homiuibus,
1491 5303 1524 5354 ut
1537 5296 1714 5370 emergentia
1723 5300 1751 5349 et
1760 5291 1833 5364 legis

148 5387 312 5460 apologiam
330 5406 367 5445 ne
380 5390 434 5446 hoc
447 5391 563 5465 quidem
582 5393 725 5452 videbitur
744 5413 822 5466 esse3
842 5398 872 5453 in
886 5399 966 5455 nullo
1017 5403 1130 5476 egentia
1149 5402 1212 5474 lege
1232 5399 1357 5468 definiat,
1375 5399 1404 5451 e‘t
1421 5396 1555 5450 humanae
1567 5394 1678 5448 naturae
1690 5389 1833 5442 incertum

149 5480 227 5537 enim
237 5483 368 5539 aberrare
379 5484 439 5556 [seu
450 5485 479 5540 iu
490 5486 622 5543 omnibus
631 5489 908 5564 irreprebensibilem
917 5506 968 5549 seu
1016 5493 1135 5564 repleat,
1148 5496 1177 5547 et
1188 5490 1271 5546 certis
1282 5486 1432 5543 concludat
1442 5485 1555 5556 legibus
1566 5497 1599 5535 ac
1612 5477 1729 5547 regulis,
1739 5488 1833 5546 1111111Θ

149 5576 393 5633 inemendabilem
407 5579 489 5650 essel,
505 5579 607 5638 divinae
619 5583 719 5657 utique
731 5585 828 5657 solius,
839 5603 900 5643 non
914 5603 967 5643 au·
1017 5586 1071 5641 hoc
1084 5588 1214 5641 uostmm
1230 5597 1308 5638 nuno
1324 5580 1456 5649 dicimus,
1469 5577 1518 5632 sed
1533 5576 1595 5646 jam
1613 5568 1743 5625 omnium
1759 5566 1835 5638 juris

149 5673 208 5724 tem
233 5670 362 5726 mortalis
381 5676 424 5727 est
447 5675 610 5731 constantiae
632 5676 691 5746 [seu
716 5677 847 5754 roborisi,
865 5697 967 5754 quem·
1018 5679 1197 5736 conditorum
1210 5676 1337 5750 quiolim
1349 5673 1522 5738 claruerunt,
1537 5661 1833 5739 prudentissimuslu·

150 5761 306 5822 admodum
319 5769 348 5820 et
361 5766 543 5838 amajoribus
554 5767 663 5826 dietum
675 5776 717 5828 est
733 5787 740 5828 1
755 5771 857 5832 deinde
867 5775 969 5833 estubi
1018 5774 1110 5834 11111111
1122 5774 1176 5830 boc
1187 5773 1282 5847 ipsum
1294 5770 1405 5826 videtur
1417 5763 1534 5827 dixisse,
1542 5758 1597 5831 (1111
1606 5752 1855 5820 (1111111Ψῶ

315 5859 453 5931 Persou.
475 5862 595 5932 LXXII.
1665 5851 1717 5906 ‘³1³
