3884 6150
210 283 259 335 101
360 286 366 297 ·
600 272 765 329 lasaron
784 271 828 326 11
846 270 956 325 orans
975 269 1092 326 0111011
1111 268 1260 325 causum
1279 268 1492 326 rsmsmusls.
1744 254 1750 263 '
1836 272 1886 327 101

208 383 404 441 deficientibus
420 379 524 455 quippe
540 379 650 435 idoneis
662 379 747 449 hujus
762 379 803 433 rei
820 377 1026 435 monumentis.
1044 377 1116 433 lllud
1130 377 1206 449 apud
1219 394 1320 433 omnes
1335 378 1364 433 in
1378 379 1508 434 conlesso
1525 381 1577 447 est,
1592 377 1748 450 Liturgiam
1765 378 1885 434 Gallica-

207 494 276 543 nam
297 473 436 548 principio
452 490 469 527 a
487 473 618 526 Romana
638 468 725 523 luisse
749 468 901 535 diversam,
917 469 1036 541 ejusque
1058 468 1250 524 mutationem
1267 472 1334 524 ante
1357 485 1466 524 anuum
1488 469 1591 525 Christi
1613 467 1886 540 octingentesimum

206 565 359 637 contigisse
379 562 472 619 Caroli
492 558 584 630 Magni
605 557 775 629 principatu.
793 560 817 613 ls
833 559 909 613 enim
931 558 1021 612 saneti
1037 558 1166 630 Gregorii
1182 558 1454 623 Sacramentarium,
1470 575 1526 629 quo
1542 557 1664 613 llomani
1677 558 1707 613 in
1722 558 1808 613 saeris
1824 560 1886 612 ute·

206 656 322 721 bantur,
338 655 511 721 utunturque
528 648 615 702 etiam
633 664 719 716 nunc,
736 648 772 702 ab
787 649 913 703 Adriano
926 664 1001 719 papa
1017 647 1110 719 primo
1125 647 1256 718 suscepit,
1272 647 1348 703 edito
1362 648 1527 719 Capitulari,
1543 651 1574 702 ut
1588 648 1675 702 missa
1693 648 1888 718 inposterum

206 746 300 802 ordine
312 747 431 800 1101110110
443 739 472 792 11
489 737 640 793 Gallicanis
653 737 779 793 ecclesiis
794 739 995 793 celebraretur.

243 896 274 948 11,
293 888 432 951 Quanam
449 884 535 939 fuerit
552 884 669 954 hujusce
691 884 859 940 mutationis
878 902 973 952 causa,
992 885 1022 938 in
1043 884 1179 956 ambiguo
1201 888 1252 939 est.
1273 887 1329 940 1100
1348 885 1408 940 siue
1426 885 1596 941 temeritatis
1612 888 1682 941 nota
1701 884 1796 939 dicere
1809 884 1885 950 licat,

205 986 363 1044 adrianum
376 977 405 1031 id
420 975 488 1030 satis
505 974 596 1045 egisse
618 973 693 1044 apud
713 975 847 1029 Carolum
862 991 868 1028 :
884 974 933 1045 qui
958 974 1045 1039 ultro,
1060 976 1092 1028 ut
1109 974 1240 1029 Romano
1259 974 1386 1045 pontifici
1411 975 1630 1046 gratificaretur,
1647 974 1756 1046 petenti
1775 989 1885 1028 annue-

204 1077 251 1133 rit.
263 1072 342 1127 Idem
352 1082 460 1138 magno
470 1062 620 1118 molimine
635 1062 753 1116 tandem
769 1064 851 1117 evicit
863 1063 1017 1135 Gregorius
1028 1063 1073 1117 Vll
1084 1063 1160 1134 apud
1176 1063 1324 1134 llispanos,
1337 1064 1384 1135 qui
1396 1064 1432 1119 ab
1443 1064 1524 1119 avitis
1538 1067 1566 1118 et
1578 1065 1677 1135 patriis
1686 1064 1788 1118 ritibus
1799 1079 1887 1134 aeger·

204 1166 277 1221 rime
296 1156 495 1215 discesserunt.
511 1152 650 1206 Nimirum
666 1151 727 1206 haec
745 1169 860 1223 semper
876 1154 994 1207 luerunt
1009 1168 1187 1207 summorum
1199 1153 1367 1223 pontificum
1379 1152 1580 1209 ardentissima
1591 1153 1694 1219 studia,
1707 1156 1737 1207 ut
1747 1154 1886 1207 Romana

204 1250 335 1310 Ecclesiae
350 1247 421 1301 ritus
440 1242 502 1297 aliis
517 1241 646 1295 Ecclesiis
661 1241 856 1312 approbarent
875 1259 907 1297 ac
928 1241 1144 1313 persuaderent,
1161 1243 1216 1296 rati
1230 1243 1260 1297 id
1277 1242 1354 1314 quod
1368 1260 1414 1298 res
1427 1247 1498 1311 erat,
1513 1261 1561 1298 eas
1574 1244 1685 1299 facilius
1697 1243 1726 1298 in
1748 1259 1806 1297 una
1819 1241 1886 1297 lidei

204 1353 377 1410 morumque
390 1330 554 1397 eoncordia,
569 1334 655 1402 atque
668 1330 698 1384 iu
714 1331 851 1386 Romana
864 1332 995 1387 Ecclesia
1011 1331 1149 1402 obsequio
1162 1332 1340 1403 perstituras,
1357 1333 1379 1387 si
1394 1332 1501 1387 eisdem
1519 1333 1707 1398 ceremoniis,
1725 1332 1886 1402 eademque

205 1444 352 1487 sacrorum
366 1427 461 1481 forma
474 1421 699 1476 continerentur.
716 1422 755 1474 Ea
771 1437 852 1475 mens
865 1421 920 1475 fuit
938 1421 1096 1476 innocentii
1112 1423 1122 1475 l
1138 1421 1166 1475 in
1190 1421 1310 1492 epistola
1328 1422 1365 1477 ad
1383 1422 1551 1477 Decentium
1572 1422 1736 1493 episcopum
1759 1421 1886 1494 Eugubi·

206 1537 276 1577 num
290 1536 296 1573 :
311 1515 413 1572 eadem
432 1512 520 1566 etiam
535 1510 666 1565 omnium
682 1511 819 1581 cujusque
835 1511 918 1582 regni
934 1514 984 1566 aut
993 1510 1146 1581 provincias
1159 1511 1368 1582 praecipuorum
1380 1512 1550 1579 antistitum,
1562 1512 1664 1583 quibus
1674 1512 1735 1566 haec
1745 1511 1775 1565 in
1785 1511 1886 1583 primis

205 1626 274 1665 cura
285 1607 349 1674 luit,
367 1608 397 1658 ut
412 1601 449 1657 ad
468 1601 642 1655 uniformem
656 1599 774 1654 modum
792 1616 892 1654 omnes
908 1599 960 1654 sibi
979 1598 1100 1654 subditae
1115 1600 1246 1655 Ecclesiae
1265 1603 1516 1672 componerentur.
1534 1602 1576 1654 lta
1589 1600 1719 1655 Patribus
1733 1601 1845 1655 concilii
1859 1617 1885 1655 11

203 1695 343 1763 Toletani,
361 1689 541 1748 Bracarcnsis
558 1690 578 1756 1,
597 1692 626 1742 et
644 1688 837 1744 Gerundensis
854 1689 929 1760 apud
947 1689 1087 1760 llispanos
1106 1691 1193 1760 atque
1208 1689 1333 1743 Venetici
1348 1694 1377 1744 et
1396 1689 1572 1760 Epaonensis
1591 1689 1668 1761 apud
1683 1690 1777 1746 Gallos
1794 1691 1884 1745 visum

205 1791 257 1843 est.
275 1787 353 1840 Hanc
368 1783 474 1837 rituum
488 1778 517 1833 in
531 1777 633 1832 divinis
646 1777 747 1832 officiis
760 1777 944 1833 concordiam
957 1794 1134 1849 magnopere
1148 1782 1294 1843 curarunt,
1311 1782 1384 1833 teste
1400 1779 1545 1843 Cassiano,
1560 1779 1647 1834 etiam
1663 1779 1748 1850 primi
1762 1780 1825 1834 vitre
1840 1795 1882 1833 re·

205 1878 313 1948 ligiosre
327 1871 522 1927 institutores:
541 1890 554 1915 1
567 1869 705 1920 Verentes
719 1867 834 1935 scilicet,
850 1885 885 1922 ne
900 1885 957 1939 qua
969 1867 997 1920 in
1015 1867 1189 1938 quotidianis
1202 1867 1432 1922 solemnitatibus
1448 1868 1524 1923 inter
1537 1868 1612 1923 viros
1625 1867 1754 1938 ejusdem
1768 1868 1884 1924 cultura

206 1967 352 2022 consortes
365 1957 542 2016 dissonantia
554 1958 596 2010 rel
611 1956 733 2010 varietas
746 1959 853 2023 exorta,
871 1957 1045 2028 quandoque
1061 1956 1090 2010 in
1106 1960 1252 2027 posterum
1267 1957 1380 2024 erroris,
1392 1957 1436 2013 vel
1449 1957 1649 2023 aemulationis,
1663 1973 1712 2011 seu
1726 1956 1886 2012 schismatis

206 2053 322 2110 noxium
337 2065 457 2123 germen
470 2046 624 2112 emitteret,
641 2067 655 2093 n
670 2047 701 2099 ut
716 2044 776 2116 ipso
790 2045 887 2100 scribit
899 2046 928 2100 in
941 2046 991 2100 lib.
1008 2062 1028 2100 11
1041 2046 1248 2113 lnstitutorum,
1264 2063 1326 2118 cap.
1343 2050 1368 2101 s.
1849 2026 1854 2033 ’

242 2209 285 2263 llI.
300 2207 363 2262 11000
378 2201 511 2273 Liturgiae
526 2198 678 2256 Gallicana
692 2199 721 2254 iu
735 2201 895 2255 Romanam
909 2199 1031 2257 mutatio
1046 2203 1127 2256 tanta
1140 2201 1278 2256 universae
1294 2202 1390 2257 Gallias
1402 2203 1591 2257 Ecclesiarum
1606 2203 1795 2258 consensione
1811 2203 1886 2258 lacta

206 2302 259 2365 est,
273 2299 304 2352 ut
318 2296 458 2366 regnante
472 2290 573 2346 Carolo
587 2289 681 2356 Calv0,
697 2289 791 2360 Magni
808 2293 923 2361 nepote,
937 2290 1031 2345 missa
1046 2289 1199 2345 Gallicanae
1213 2291 1316 2346 notitia
1327 2291 1389 2362 Jam
1404 2292 1517 2362 penitus
1530 2292 1692 2347 oblitterata
1706 2295 1790 2346 esset.
1804 2291 1885 2346 Unde

207 2387 324 2443 Carolus
339 2384 449 2448 Calvus
467 2383 498 2434 ut
510 2379 571 2450 ejus
586 2379 746 2433 allemana
759 2378 913 2433 discrimen
928 2379 1017 2433 oculis
1029 2380 1191 2451 perciperet
1211 2397 1243 2434 ac
1256 2381 1468 2451 comprobaret,
1486 2382 1603 2435 missam
1620 2382 1757 2436 Toletano
1771 2397 1854 2435 more
1870 2395 1886 2432 a

207 2475 379 2551 quibusdam
401 2468 583 2543 presbyteris,
601 2471 650 2538 qui
664 2484 698 2523 eu
711 2470 838 2539 partibus
864 2470 997 2524 Toletuuae
1016 2471 1140 2525 Eccleaae
1162 2469 1199 2524 ad
1224 2487 1253 2524 se
1278 2474 1426 2537 venerant,
1448 2470 1586 2525 celebrari
1606 2470 1693 2525 voluit
1718 2487 1724 2524 :
1748 2470 1887 2541 quoniam

206 2573 333 2623 veterem
356 2563 501 2619 Gallorum
523 2558 680 2629 Liturgiam
698 2576 762 2613 cum
781 2560 917 2615 Toletano
934 2559 1099 2615 com'euisse
1123 2560 1271 2615 didicerat.
1291 2560 1321 2615 ld
1339 2563 1419 2632 patet
1440 2577 1473 2615 ex
1494 2561 1556 2632 ejus
1578 2561 1697 2633 epistola
1715 2560 1752 2615 ad
1772 2561 1887 2616 Clarum

206 2657 414 2719 Ravennatem,
428 2651 457 2704 in
471 2665 528 2720 qua
540 2649 600 2702 11110
617 2647 713 2702 subdit
727 2664 732 2702 :
750 2670 763 2698 1
779 2649 930 2704 Celebrate
944 2648 1032 2704 etiam
1045 2651 1112 2704 sunt
1127 2666 1224 2705 coram
1238 2650 1320 2705 nobis
1330 2651 1484 2705 missarum
1497 2651 1637 2706 solemnia
1650 2667 1730 2706 more
1743 2650 1887 2719 lerosoly-

207 2748 328 2812 mitano,
349 2744 464 2798 auctore
484 2738 589 2793 lacobo
607 2739 752 2808 apostolo;
769 2740 798 2791 et
815 2754 897 2792 more
920 2738 1249 2810 Constantinopolitano,
1269 2743 1384 2794 auctore
1405 2739 1533 2794 Basilio:
1556 2739 1606 2793 sed
1632 2756 1683 2794 nos
1707 2738 1889 2810 sequendam

208 2837 337 2892 ducimus
356 2834 517 2887 Romanam
538 2827 692 2881 Ecclesiam
712 2827 740 2881 in
763 2827 915 2882 missarum
935 2829 1138 2887 celebratione.
1154 2851 1167 2879 n
1184 2829 1231 2883 llis
1247 2829 1340 2883 verbis
1353 2831 1470 2885 Carolus
1482 2829 1585 2896 innuit,
1602 2846 1666 2884 eam
1685 2829 1801 2900 hujusce
1818 2828 1888 2882 lacti
1931 2808 1937 2825 ⁸

208 2928 351 2985 rationem
366 2920 463 2983 luisse,
479 2920 510 2970 ut
524 2915 589 2970 visis
602 2916 813 2987 compactisque
829 2916 1006 2971 diversarum
1019 2918 1209 2973 Ecclesiarum
1223 2919 1307 2973 variis
1320 2920 1499 2975 celebranda
1514 2919 1608 2974 missoe
1621 2918 1720 2973 ritibus
1735 2920 1888 2982 statueret,

209 3017 324 3091 qualem
338 3009 419 3065 alteri
434 3009 559 3062 formam
572 3006 785 3078 preferendam
799 3007 973 3063 existimaret
990 3025 996 3063 :
1011 3008 1063 3063 sed
1075 3010 1236 3065 Romanum
1248 3011 1366 3065 tandem
1379 3011 1465 3066 ritum
1478 3012 1529 3065 sibi
1544 3028 1602 3082 prae
1615 3010 1724 3066 caeteris
1734 3009 1887 3081 placuisse.

208 3108 250 3163 Ab
264 3121 297 3160 eo
311 3107 441 3170 tempore
454 3095 562 3151 nemini
575 3095 610 3150 de
620 3095 798 3150 restituenda
810 3097 938 3168 liturgia
948 3098 1102 3167 Gallicana,
1115 3100 1279 3156 Romanave
1291 3100 1463 3156 dimittenda
1473 3100 1629 3173 quidquam
1644 3102 1756 3155 tentare
1769 3098 1888 3153 venitin

209 3196 348 3261 animum,
366 3206 418 3245 nec
433 3190 500 3242 ante
515 3188 644 3240 nostram
657 3187 772 3240 aetatem
788 3186 864 3257 apud
878 3187 973 3243 Gallos
988 3188 1023 3244 de
1037 3188 1129 3259 prisco
1143 3189 1190 3245 illo
1206 3189 1262 3244 ritu
1273 3190 1328 3245 luit
1342 3191 1399 3244 ulla
1414 3191 1474 3245 lere
1493 3191 1603 3246 mentio
1617 3193 1665 3245 aut
1679 3188 1832 3245 memoria.

244 3353 286 3405 lv.
303 3350 380 3402 Inter
397 3344 504 3416 primos
521 3340 583 3412 ejus
599 3339 730 3396 notitiam
746 3340 841 3397 denuo
859 3341 1012 3397 revocandi
1027 3343 1207 3398 occasionem
1220 3344 1342 3415 prebuit
1353 3344 1484 3400 lllatthias
1502 3345 1616 3400 Flaccus
1632 3343 1767 3416 illyricus,
1786 3346 1887 3397 centu-

207 3437 346 3496 riatorum
359 3429 646 3505 lllagdeburgousium
663 3430 745 3485 facile
759 3429 892 3502 princeps
907 3448 913 3485 :
932 3431 1058 3502 quicum
1076 3436 1202 3488 veterem
1219 3433 1376 3505 quamdam
1392 3432 1510 3490 missam
1521 3435 1653 3489 Latinam
1666 3451 1700 3488 er
1714 3431 1818 3489 Codice
1832 3449 1886 3486 ms.

207 3526 336 3595 aruisset,
353 3525 438 3595 atque
451 3519 617 3593 Argentinae
630 3535 707 3575 auno
722 3522 789 3575 1557
802 3520 946 3589 edidisset,
962 3538 1026 3576 eam
1041 3538 1102 3577 esse
1116 3522 1272 3594 suspicatus
1289 3526 1332 3577 est
1348 3541 1411 3595 quae
1425 3527 1491 3579 ante
1505 3524 1666 3580 Romanam
1681 3523 1710 3577 in
1726 3540 1776 3577 usu
1793 3523 1888 3577 suerat

208 3619 285 3692 apud
305 3616 399 3672 Gallos
415 3615 443 3666 et
456 3611 624 3665 Germanos.
641 3611 718 3664 llanc
735 3611 932 3682 conjecturam
947 3628 998 3683 pro
1016 3611 1178 3668 indubitata
1190 3613 1333 3668 sententia
1347 3614 1457 3685 excepit
1468 3614 1623 3669 Guillemus
1635 3615 1771 3684 Peyratus
1783 3611 1813 3666 in
1827 3611 1888 3666 llis-

207 3709 282 3764 toria
299 3703 422 3776 Capella
444 3716 546 3771 regum
566 3700 754 3767 Francorum3
772 3717 896 3772 eumque
913 3705 1025 3756 secutus
1042 3702 1160 3757 Carolus
1178 3703 1316 3771 Cointius‚
1336 3703 1515 3759 doctissimus
1532 3704 1655 3760 Oratorii
1676 3701 1836 3774 presbpter,
1859 3701 1888 3756 11

206 3801 287 3852 tomo
306 3795 328 3849 Il
351 3806 467 3846 suorum
486 3789 651 3843 Annalium.
670 3788 821 3860 Utriusque
842 3792 1015 3846 sententiam
1034 3790 1071 3847 ad
1091 3809 1211 3848 eramen
1228 3795 1371 3849 revocavit
1388 3794 1551 3850 clarissimae
1569 3793 1716 3849 memoriae
1734 3791 1888 3847 cardinalis

207 3886 288 3943 Bona
299 3884 329 3938 in
343 3879 447 3951 insigni
464 3894 550 3949 opere
563 3877 669 3932 Rerum
682 3877 894 3950 liturgicarum3
909 3880 1077 3954 idoneisque
1089 3882 1209 3937 asseruit
1222 3885 1409 3956 argumentis,
1423 3885 1508 3956 longe
1520 3884 1661 3939 diversam
1676 3883 1711 3937 ab
1728 3881 1889 3953 Illyriciano

207 3974 294 4034 luisse
307 3972 425 4028 missam
440 3967 616 4023 Gallicanam
629 3984 635 4022 :
647 3967 678 4021 in
689 3968 769 4039 cujus
782 3972 881 4023 tamen
894 3967 1078 4041 inquisitione
1094 3988 1123 4026 se
1136 3973 1304 4045 implicatum
1319 3973 1401 4029 lateri
1413 3990 1471 4029 non
1485 3973 1599 4029 erubuit
1609 3973 1652 4028 vir
1664 3972 1813 4028 modestiae
1828 3970 1887 4026 sin-

208 4064 324 4139 gularis.
344 4059 437 4116 Nihilo
458 4057 553 4112 minus
572 4056 705 4128 liturgia
725 4058 877 4114 Gallicana
896 4064 1019 4132 quatuor
1038 4061 1193 4133 assignavit
1214 4063 1333 4133 indicia,
1352 4067 1380 4119 et
1400 4064 1521 4120 ldissalia
1544 4065 1611 4131 duo,
1631 4080 1720 4119 unum
1743 4061 1889 4115 Vaticana

131 4187 134 4191 .
206 4152 397 4218 bibliothecae,
411 4146 533 4202 alterum
553 4145 742 4202 serenissimae
758 4147 915 4203 Succorum
932 4150 1051 4221 regine,
1064 4150 1209 4220 indicavit,
1224 4169 1288 4225 quse
1302 4170 1354 4224 pro
1369 4154 1501 4225 genuinis
1513 4153 1664 4210 Gallicanis
1678 4149 1813 4206 habenda
1826 4165 1888 4204 csse

207 4244 361 4302 arbitratus
375 4242 427 4294 est.
441 4239 502 4292 Duo
516 4237 577 4291 baec
590 4236 711 4292 lllissalia
724 4240 791 4293 aute
803 4237 952 4294 biennium
965 4240 1080 4313 integra
1092 4242 1211 4313 protulit
1222 4242 1253 4298 in
1269 4244 1362 4299 lucem
1376 4245 1517 4316 Iosephus
1531 4242 1707 4310 Thomasius,
1719 4239 1888 4296 clericorum

206 4332 383 4408 regularium
398 4329 429 4385 in
440 4326 516 4383 Urbe
532 4325 681 4398 presbyter
695 4344 792 4382 rerum
808 4345 953 4384 sacramm
973 4331 1205 4401 studiosissimus,
1219 4333 1303 4389 tertio
1316 4333 1417 4390 ldissali
1431 4333 1540 4402 addito,
1556 4334 1633 4406 quod
1649 4331 1749 4388 itidem
1762 4329 1799 4386 ad
1815 4328 1887 4400 pris·

207 4441 274 4480 cum
286 4422 438 4479 Gallicanae
450 4416 582 4473 Ecclesia
595 4415 682 4472 ritum
698 4417 843 4489 pertinere
859 4418 1040 4476 existimarit.

242 4576 274 4634 V.
290 4579 361 4634 Cum
372 4591 418 4630 res
430 4574 470 4628 ita
485 4590 515 4628 se
528 4574 679 4641 haberent,
696 4573 830 4630 adeundo
845 4575 1030 4632 Germaniam
1042 4576 1162 4650 conligit
1176 4582 1207 4633 ut
1221 4576 1250 4633 in
1263 4579 1436 4636 Luxoviensc
1451 4578 1659 4637 monasterium
1673 4578 1886 4644 accederemus,

208 4669 294 4742 atque
309 4664 384 4720 inter
397 4662 577 4718 semilaceras
589 4663 693 4717 veteris
706 4663 767 4735 ejus
780 4664 834 4720 loci
847 4664 1029 4720 bibliothecae
1042 4667 1178 4738 reliquias
1191 4668 1422 4740 antiquissimum
1438 4669 1658 4738 lectionarium,
1671 4669 1748 4741 quod
1758 4669 1788 4724 in
1799 4667 1888 4723 sacris

208 4758 247 4814 ad
258 4753 396 4828 legendas
410 4750 576 4823 prophetias
588 4753 617 4804 et
629 4750 769 4822 Epistolas
781 4770 846 4808 cum
860 4754 1021 4827 Evangeliis
1034 4758 1101 4811 anto
1116 4773 1208 4813 annos
1221 4758 1299 4814 mille
1315 4758 1344 4812 in
1358 4760 1527 4827 mutuarat,
1541 4759 1744 4814 inveniremus.
1755 4757 1817 4812 1101
1827 4772 1887 4828 pra

209 4845 315 4924 gaudio
328 4841 498 4907 exsilientes,
512 4837 582 4894 illud
594 4838 746 4894 Gallicanae
763 4842 894 4898 Ecclesiae
910 4844 1059 4916 proprium
1076 4845 1163 4901 1111000
1178 4847 1310 4918 suspicati
1328 4865 1435 4904 sumus.
1450 4849 1506 4904 Nec
1522 4865 1574 4904 nos
1591 4848 1693 4904 lelellit
1710 4847 1885 4919 conjectura.

207 4941 281 4997 Nam
292 4952 323 4991 10
336 4930 476 4988 matinius
490 4929 519 4984 in
532 4927 626 4984 reditu
645 4944 778 5000 expensa,
796 4932 889 4987 nullus
909 4934 991 4989 nobis
1008 4933 1123 4990 relictus
1143 4938 1187 4990 est
1206 4936 1372 5009 ambigendi
1394 4939 1481 5006 locus,
1499 4940 1553 4993 hoc
1574 4954 1635 4992 esse
1655 4935 1888 5007 antiquissimum

191 5023 418 5086 'Lectionarium
433 5017 564 5075 Ecclesiae
577 5017 738 5073 Gallicane.
753 5020 970 5084 Quamobrem
985 5024 1144 5081 amicorum
1159 5027 1290 5082 consultu
1310 5026 1457 5098 quoddam
1475 5044 1570 5099 operae
1585 5026 1708 5098 pretium
1724 5025 1786 5080 1010
1805 5025 1888 5080 duxi·

207 5115 319 5184 1110,οἰ
342 5114 397 5169 hoc
418 5110 453 5165 de
474 5110 645 5180 argumento
666 5107 841 5181 singularem
861 5111 1051 5170 conderemus
1071 5117 1225 5170 tractatum
1241 5132 1247 5171 :
1263 5115 1294 5170 in
1313 5133 1370 5188 quo
1389 5116 1524 5190 liturgias
1538 5116 1701 5182 Gallicanae,
1715 5113 1807 5187 qualis
1821 5117 1889 5169 ante

209 5205 342 5264 Carolum
353 5202 486 5272 llagnum
500 5197 577 5270 apud
588 5197 713 5270 maiores
730 5202 843 5255 nostros
854 5204 971 5272 recepta
985 5207 1138 5273 01011010
1158 5205 1262 5272 forma,
1277 5204 1453 5278 genuinique
1466 5205 1537 5261 ritus
1554 5205 1773 5277 explicarentur.
1787 5202 1820 5258 ld
1835 5218 1889 5275 pro

208 5293 326 5353 modulo
339 5288 570 5346 01000111011110
584 5304 591 5345 :
608 5305 665 5361 quo
680 5289 783 5359 fructu,
800 5288 848 5346 alii
860 5288 993 5346 viderint.
1007 5293 1094 5350 Nobis
1108 5297 1185 5351 certe
1199 5294 1271 5367 (siue
1284 5294 1424 5366 jactantia
1440 5296 1534 5352 dicere
1555 5294 1649 5367 liceat)
1664 5292 1815 5365 diligentia
1835 5307 1889 5364 pro

209 5382 338 5446 materia
353 5379 493 5454 dignitate
506 5396 565 5436 101
581 5378 681 5437 defuit.

244 5542 287 5599 vl.
301 5540 403 5597 Totum
415 5553 487 5610 epus
500 5533 531 5593 in
545 5537 604 5591 tres
619 5532 708 5593 libros
724 5532 885 5594 tribuimus.
902 5537 934 5595 ln
949 5531 1053 5613 primo,
1067 5540 1219 5615 postquam
1239 5533 1275 5598 de
1295 5533 1380 5600 variis
1399 5539 1529 5599 Ecclesia
1545 5536 1654 5598 Latina
1672 5536 1807 5613 Liturgiis
1821 5539 1891 5595 bre·

207 5638 280 5696 11101
297 5632 393 5689 actum
410 5626 630 5697 ustauhana
650 5626 757 5684 indicia
772 5644 904 5704 veraeque
922 5633 999 5687 note
1023 5629 1191 5703 0110111111,
1212 5634 1421 5707 expenduntur,
1443 5636 1473 5690 et
1493 5633 1662 5706 probantur.
1682 5630 1791 5688 Deinde
1811 5629 1892 5686 lacta

209 5723 340 5802 ejusdem
360 5716 495 5792 Liturgioe
518 5733 584 5774 cum
606 5715 781 5774 ldozarabica
803 5720 1030 5793 comparatione,
1046 5722 1138 5799 totam
1153 5722 1215 5795 ejus
1233 5724 1339 5780 seriem
1359 5740 1392 5780 ex
1408 5722 1546 5798 Gregorio
1563 5709 1720 5781 Turonensi
1740 5721 1889 5794 episcope,

207 5816 328 5905 pliisque
343 5809 441 5889 priscis
456 5806 652 5867 monumentis
664 5807 790 5865 eruimus
803 5812 832 5866 et
844 5809 1028 5873 illustramur.
1044 5810 1152 5881 Quibus
1165 5813 1311 5884 absolutis,
1323 5817 1403 5873 retus
1416 5832 1502 5871 sacra
1513 5811 1694 5886 supellectilis
1705 5811 1782 5886 apud
1792 5809 1892 5881 Gelloq
