3884 6150
144 245 194 301 car
706 239 833 294 SAECULt
854 239 950 295 saxu
973 239 1253 294 SUPPhEilENTUlt.
1774 240 1825 293 cta

143 350 318 406 declaramus
329 346 429 413 modis,
444 350 473 401 ct
485 344 640 416 pretiorum
661 361 757 399 casum
784 345 956 417 imponimus
966 368 995 441 Α
1006 346 1172 416 simpliciter
1185 361 1269 400 omne
1284 344 1373 413 civile,
1391 345 1523 413 militare,
1537 350 1566 399 et
1578 344 1727 415 publicum
1744 345 1824 398 auxi·

143 441 351 514 accipientibus,
367 443 396 493 et
409 437 583 491 venditorem
598 453 711 509 quoque
729 437 954 507 damnificamus,
1004 439 1076 494 lium
1088 439 1161 494 hanc
1175 442 1300 494 nostram
1313 437 1407 509 legem
1420 443 1558 510 tanquam
1580 438 1616 494 ad
1640 452 1826 493 communem

144 542 173 593 et
181 535 222 592 rei
237 551 302 591 casu
315 537 342 588 et
355 531 440 603 pretii
451 530 612 596 amissione,
631 531 813 585 sanctissimae
832 531 956 587 ecelesiae
1004 531 1154 587 utilitatem
1169 536 1197 587 et
1215 549 1266 602 pro
1286 531 1371 586 totius
1384 536 1468 587 arrae
1484 531 1588 603 pietate
1614 531 1743 602 positam
1772 546 1824 585 ser-

142 629 266 702 ejusloci
277 631 305 682 ct
314 623 520 680 venerabilibus
534 623 713 679 monasteriis
725 624 777 678 hoc
787 624 954 697 tribuentes,
1005 627 1059 692 vet,
1075 629 1104 680 et
1123 625 1352 695 prevaricatores
1374 624 1476 683 subdat
1497 625 1589 696 poenis
1602 641 1676 696 quas
1691 623 1826 696 primitus

142 726 279 796 quatenus
290 717 344 788 ipsi
358 716 525 787 provideant
537 720 568 770 ut
581 716 655 787 quod
668 715 956 773 malcalienatumest
1005 717 1136 772 diximus.
1151 717 1179 772 Si
1202 718 1270 789 quid
1291 720 1387 773 autem
1411 717 1446 773 de
1469 717 1709 773 conductionibus
1738 717 1824 772 eccle-

142 829 240 871 rursus
252 811 287 866 ad
300 809 494 865 monachicam
506 813 640 864 revocent
653 809 784 880 figuram,
796 825 888 880 neque
900 810 953 881 hy·
1005 810 1178 866 siasticarum
1203 827 1309 879 rerum,
1334 816 1384 865 ant
1406 811 1437 866 in
1460 810 1521 866 aliis
1542 811 1674 882 capitulis
1704 809 1823 864 sancivi·

141 907 353 980 pothecasuper
364 902 537 969 hisvalente,
550 902 598 957 sed
609 902 693 957 etiam
703 903 764 973 ipsa
774 902 953 973 infirmanda,
1004 920 1078 973 mus,
1095 907 1144 958 aut
1166 921 1183 958 a
1206 904 1347 976 prioribus
1361 905 1465 959 nostris
1485 905 1627 959 sancitum
1640 909 1694 973 est,
1712 908 1825 958 mancat

142 1005 170 1056 et
183 1015 281 1055 rursus
294 1013 373 1052 sacro
388 995 557 1050 monasterio
570 995 746 1067 assignanda.
1004 996 1057 1052 hoc
1072 997 1102 1051 in
1116 997 1231 1068 propria
1250 996 1393 1067 firmitate,
1409 1014 1501 1069 neque
1524 1014 1559 1053 ex
1582 998 1727 1069 praesenti
1750 1014 1828 1053 sacra

175 1092 253 1148 Sicut
272 1095 368 1145 autem
390 1089 536 1144 damnosas
558 1087 739 1143 alienationes
760 1088 952 1160 prohibemus,
1002 1094 1099 1145 nostra
1125 1090 1323 1145 constitutione
1345 1090 1526 1160 novandum3
1547 1091 1601 1146 alia
1626 1091 1706 1146 enim
1732 1092 1828 1147 omnia

140 1186 179 1242 sic
200 1188 229 1240 et
251 1185 399 1239 damnosas
423 1181 612 1253 possessiones
633 1181 837 1236 interdicimus.
861 1182 953 1237 llultae
1004 1199 1119 1238 manere
1132 1183 1162 1237 iu
1177 1183 1299 1255 propriis
1312 1182 1440 1241 terminis
1453 1183 1583 1253 sinimus,
1599 1184 1655 1238 nisi
1666 1187 1767 1240 tamen
1781 1185 1829 1242 ati-

140 1279 218 1335 enim
229 1277 304 1349 apud
320 1293 370 1332 nos
391 1280 477 1332 motu
499 1278 565 1329 sunt
578 1274 756 1346 quaestiones,
773 1274 822 1330 ubi
837 1275 953 1347 quidam
1003 1278 1072 1350 quid
1087 1278 1121 1332 de
1136 1278 1179 1332 his
1193 1276 1304 1344 habeat,
1320 1293 1383 1348 quae
1395 1277 1441 1332 hic
1455 1278 1665 1347 constituimus,
1681 1295 1751 1334 eum
1768 1280 1826 1335 sut-

138 1372 234 1428 minus
247 1371 347 1426 idonea
358 1368 465 1442 pradia
480 1369 656 1423 donaverunt
669 1367 850 1422 sanctissimis
863 1369 951 1424 cccle-
1002 1371 1078 1425 liciat
1091 1388 1143 1441 pro
1156 1370 1286 1425 omnibus
1307 1371 1368 1424 haec
1386 1371 1432 1425 lex
1447 1387 1534 1442 super
1548 1372 1576 1427 id
1589 1372 1668 1444 quod
1692 1390 1710 1427 a
1735 1373 1824 1430 Leone

138 1466 196 1536 siis,
210 1468 259 1519 aut
271 1461 476 1519 venerabilibus
488 1460 629 1528 domibus,
645 1465 696 1515 ant
717 1461 802 1516 ctiam
815 1462 951 1517 vendide·
1002 1465 1058 1535 pie
1070 1465 1214 1519 memoriae
1226 1463 1330 1519 lactum
1342 1467 1394 1531 est,
1407 1479 1523 1519 omnem
1531 1464 1669 1520 adversus
1683 1467 1824 1538 ptochicas

140 1562 351 1629 runttanquam
364 1554 474 1623 idonea,
486 1570 551 1608 cum
560 1554 660 1625 utique
672 1553 778 1608 sterilia
787 1571 804 1608 a
813 1554 953 1626 principio
1002 1573 1048 1612 res
1063 1557 1174 1612 auterre
1191 1557 1367 1613 alienationis
1382 1557 1566 1612 occasionem.
1585 1560 1646 1614 Tua
1661 1559 1755 1631 igitur
1765 1559 1824 1614 bea-

138 1654 242 1717 assent,
253 1653 281 1704 ct
293 1665 329 1704 ex
342 1648 397 1703 hoc
409 1645 615 1702 venerabilibus
629 1646 761 1701 domibus
780 1651 950 1702 nocuerunt.
1003 1650 1104 1717 titudo,
1118 1653 1147 1704 et
1161 1650 1209 1721 qui
1226 1653 1290 1721 post
1316 1650 1394 1704 illam
1422 1651 1452 1705 in
1476 1649 1688 1722 pontifiauous
1714 1652 1823 1708 sedibus

138 1727 992 1813 interdicimusigiturrectoribusvencrabiliumdomorumB
1003 1742 1118 1812 tuerint,
1137 1759 1203 1815 qua
1218 1760 1235 1798 a
1249 1742 1331 1798 nobis
1346 1743 1482 1815 disposita
1499 1750 1575 1813 sunt,
1592 1746 1677 1816 operi
1699 1745 1820 1801 effectui-

138 1835 193 1891 tale
205 1835 314 1907 aliquid
327 1850 423 1906 agere,
440 1838 490 1888 aut
502 1837 577 1888 certe
589 1848 769 1904 cognoscere,
780 1833 881 1905 quiesi
895 1849 954 1889 non
1003 1852 1058 1907 que
1070 1835 1181 1891 tradere
1199 1836 1320 1892 festinet.
1343 1837 1404 1892 liat.
1425 1853 1493 1893 xvnr
1519 1838 1581 1893 ilat.
1599 1838 1677 1894 ldaii.
1696 1839 1821 1895 Belisario

115 1914 119 1929 ’
138 1946 204 1985 cum
222 1927 299 1983 omni
314 1926 467 1982 subtilitate
488 1925 608 1981 fecefint
627 1930 794 1995 contractus,
810 1927 860 1982 sed
873 1926 954 1982 lanea
1002 1945 1030 1983 v.
1047 1944 1073 1984 c.
1089 1944 1145 1984 cos.

136 2022 266 2094 quadam
281 2018 418 2093 possessio
438 2024 487 2075 aut
510 2018 647 2073 damnosa
661 2018 744 2073 detur
756 2019 890 2090 ecclesiis,
906 2023 955 2074 aut
1286 2023 1441 2078 novatus
1465 2024 1532 2079 vlu.

137 2114 317 2170 monateriis
342 2115 390 2167 aut
416 2110 606 2179 xenodochiis,
629 2116 679 2166 aut
701 2112 878 2178 nosocomiis,
904 2116 954 2169 aut
1006 2116 1040 2169 Ut
1051 2116 1181 2185 praesides
1196 2117 1295 2186 absque
1317 2117 1377 2171 ulta
1400 2118 1508 2173 dctwnc
1528 2121 1652 2189 pecunia
1675 2119 1716 2174 ad
1736 2120 1820 2189 ortos

136 2208 196 2263 aliis
211 2206 415 2262 venerabilibus
437 2204 572 2276 collegiis,
587 2207 746 2259 contractus
766 2205 882 2275 quidem
901 2220 953 2276 pro
1332 2190 1488 2242 mittantur·

136 2317 196 2356 non
210 2299 285 2354 facto
300 2299 363 2366 erit,
386 2302 414 2354 et
436 2298 554 2369 recipiet
575 2297 700 2363 omnino,
721 2297 770 2368 qui
795 2298 853 2365 dat,
878 2299 953 2369 quod
1039 2301 1193 2371 Imperator
1211 2301 1541 2375 iustinianushugustus
1563 2304 1669 2358 loanni
1692 2304 1818 2376 prefecto

136 2409 189 2465 por
203 2391 472 2448 circumventionem
493 2396 522 2447 et
535 2390 672 2446 fallaciam
686 2390 783 2445 datum
796 2394 848 2446 est.
863 2390 952 2447 OEco·
1000 2393 1129 2464 praetorii
1144 2393 1247 2449 iterum
1261 2395 1411 2451 exconsule
1424 2400 1452 2451 et
1465 2395 1594 2466 patricio.

135 2501 238 2561 murus
250 2488 346 2541 autem
358 2484 407 2557 qui
424 2484 482 2543 tale
494 2483 602 2555 aliquid
614 2483 714 2555 egerit,
731 2488 780 2538 aut
791 2484 887 2553 abbas,
904 2489 954 2540 aut
1038 2486 1121 2541 Nobis
1141 2487 1284 2558 equidem,
1299 2488 1368 2543 dum
1386 2489 1483 2544 sedulo
1497 2491 1704 2560 consrdtamus,
1721 2491 1817 2562 quibus

135 2577 325 2646 xenodochus,
339 2581 389 2632 aut
402 2593 579 2646 nosocomus,
593 2581 642 2632 aut
656 2577 889 2648 ptochotrophus,
904 2581 954 2632 aut
1002 2579 1092 2634 modis
1106 2580 1176 2635 boni
1190 2580 1308 2652 aliquid,
1329 2587 1358 2637 et
1378 2583 1455 2653 quod
1478 2583 1536 2638 Deo
1563 2583 1686 2654 placeat,
1702 2584 1816 2639 subditis

120 2671 393 2744 orphanotrophus,
418 2675 467 2725 aut
490 2674 717 2742 gerontocomus,
733 2668 768 2724 de
791 2686 841 2724 suo
860 2668 886 2725 ei
902 2671 953 2742 qui
1002 2688 1053 2744 per
1064 2689 1117 2729 nos
1131 2673 1277 2744 inlemtur,
1293 2691 1345 2730 usu
1360 2674 1618 2747 venitplanissime,
1633 2682 1667 2732 ut
1677 2677 1727 2732 diu
1738 2677 1818 2732 simul

135 2765 212 2821 dedit
227 2763 343 2819 salvabit
365 2780 400 2819 ex
421 2763 475 2818 hoc
490 2762 636 2818 damnum.
659 2762 688 2817 Si
714 2778 780 2818 vero
805 2763 843 2817 sic
868 2779 954 2819 causa
1001 2769 1144 2838 noctuque
1166 2767 1195 2820 in
1217 2766 1292 2822 curis
1306 2773 1334 2823 ct
1355 2767 1458 2840 vigiliis
1472 2785 1629 2824 versemur.
1647 2770 1744 2841 Neque
1759 2787 1817 2825 cam

135 2857 299 2930 tingeretur,
314 2861 347 2912 ut
367 2856 453 2913 eham
468 2856 581 2928 aliquod
601 2871 704 2911 aurum
723 2872 776 2928 pro
790 2855 844 2910 hoc
859 2855 950 2926 detur,
1001 2858 1089 2913 animi
1103 2859 1281 2931 vigilantiam
1293 2877 1464 2932 supervacue
1475 2865 1525 2917 aut
1537 2867 1646 2933 prater
1657 2878 1719 2917 rem
1735 2863 1817 2918 susci-

135 2957 164 3006 et
173 2952 229 3006 hoc
240 2949 395 3005 lucrabitur
405 2950 522 3022 quidem
531 2947 699 3004 venerabilis
712 2948 815 3004 domus
830 2966 895 3021 quae
907 2950 951 3003 lc·
1001 2951 1106 3022 pimus,
1121 2951 1170 3007 sed
1183 2952 1240 3008 sive
1259 2953 1383 3008 interdiu
1398 2954 1468 3025 quid
1485 2970 1628 3026 geramus,
1646 2955 1706 3010 sive
1727 2957 1816 3011 nocti·

134 3058 222 3098 neum
239 3041 351 3112 aliquod
363 3041 510 3112 acceperit.
525 3041 578 3105 Qui
593 3057 658 3096 vero
673 3057 774 3096 aurum
796 3041 882 3111 dedit,
898 3043 949 3096 ha·
960 3081 988 3155 C
1000 3043 1053 3098 bus
1068 3060 1102 3099 ex
1115 3061 1196 3116 aequo
1210 3050 1322 3101 utamur
1335 3063 1400 3101 cum
1415 3047 1460 3103 die
1469 3047 1500 3102 in
1513 3052 1572 3102 tam
1587 3063 1745 3103 numerosa
1758 3065 1817 3104 cam

134 3133 212 3190 bebit
227 3135 404 3188 cortracum
420 3132 470 3204 qui
484 3137 660 3188 contractum
678 3132 827 3188 celebravit
844 3150 878 3189 ex
897 3134 950 3191 hoc
1000 3132 1115 3188 consilia
1136 3133 1337 3205 impendimus,
1352 3140 1383 3190 ut
1395 3135 1476 3190 nobis
1489 3152 1541 3207 pro
1562 3137 1700 3192 omnibus
1722 3154 1815 3193 curam

134 3227 284 3295 actionem,
307 3226 380 3281 sicut
401 3225 592 3298 praediximus.
617 3227 682 3280 ilaec
703 3225 819 3280 omnino
838 3227 950 3282 anobis
1001 3225 1172 3296 gerentibus,
1187 3225 1290 3282 subditi
1303 3228 1394 3283 nostri
1404 3229 1482 3283 omni
1495 3229 1686 3285 sollicitudine
1700 3231 1816 3286 vaeuiin

133 3335 219 3392 super
231 3319 484 3376 ecclesiasticarum
498 3321 547 3373 aut
561 3318 756 3389 ptochicarum
773 3335 868 3374 rerum
882 3321 949 3377 alie-
998 3324 1060 3375 tuto
1076 3324 1104 3375 et
1115 3334 1227 3374 summa
1236 3319 1439 3392 tranquillitate
1450 3322 1634 3378 collocentur.
1649 3322 1816 3378 Omnieniin

132 3414 246 3469 natione
258 3413 350 3485 posita
363 3412 399 3467 sit
414 3413 469 3480 lex,
485 3411 585 3467 Leonis
599 3411 716 3484 quidem
736 3413 791 3486 piae
804 3414 951 3471 memoriae
999 3428 1064 3467 cum
1077 3412 1313 3484 pervestigatione
1326 3418 1354 3468 et
1366 3419 1496 3469 accurata
1506 3415 1694 3487 inquisitione
1702 3433 1814 3488 progre-

133 3522 252 3580 sequens
266 3505 507 3573 constitutionem,
516 3509 544 3560 et
556 3521 614 3560 non
626 3504 703 3560 aliud
712 3505 828 3578 quidem
839 3523 948 3576 curans,
1000 3504 1104 3574 dimur,
1118 3520 1151 3559 ea
1163 3504 1273 3561 efficere
1287 3506 1444 3577 cupientes,
1453 3523 1517 3579 quae
1531 3508 1691 3563 utilitatem
1704 3509 1816 3565 subditis

132 3600 208 3655 aliud
218 3602 313 3655 autem
327 3598 489 3654 incuratum
503 3598 673 3670 relinquens,
683 3599 733 3654 sad
744 3599 774 3654 in
786 3601 951 3659 omniterra
999 3598 1101 3652 nostris
1112 3598 1248 3668 adferant,
1262 3598 1402 3671 simulque
1413 3600 1489 3654 omni
1500 3616 1548 3655 eos
1558 3616 1650 3657 onere
1663 3618 1697 3657 ac
1707 3603 1815 3672 damno,

133 3709 220 3764 quam
235 3693 428 3748 Romanorum
449 3691 575 3747 continet
591 3691 648 3760 lex,
662 3697 689 3747 et
703 3693 848 3749 catholica
861 3696 949 3752 eccle·
1000 3689 1077 3762 quod
1098 3695 1202 3761 praeter
1220 3691 1438 3764 descriptionem
1452 3692 1595 3765 publicam
1621 3697 1652 3749 et
1669 3695 1817 3765 justamac

133 3784 182 3839 siaa
195 3783 310 3850 sanctio,
326 3783 386 3839 haec
400 3783 579 3855 extendatur,
595 3788 623 3839 et
637 3784 808 3841 determinet
821 3802 885 3858 quae
900 3805 951 3844 sua
1000 3783 1111 3838 solitam
1135 3783 1312 3839 collationem
1333 3784 1464 3840 alicunde
1486 3784 1637 3842 inductum
1662 3792 1716 3854 cst,
1732 3788 1815 3844 exsol-

71 3878 72 3882 ’
133 3880 210 3944 sunt,
226 3875 515 3947 ctvaleatperpetuo,
532 3877 888 3934 custoditaasanctissimis
902 3897 951 3952 pa·
999 3876 1551 3950 vantlnvonimusnamqueplurimum
1565 3879 1597 3934 in
1614 3881 1816 3952 rempublicam

132 3965 499 4038 triarchisuniuscujusque
515 3968 749 4039 dioecesaneam
767 3973 823 4025 lieo
841 3973 949 4028 amabi-
999 3968 1156 4040 iniquitatis
1169 3969 1323 4041 irrepsisse,
1337 3986 1401 4042 quas
1415 3987 1473 4026 non
1485 3971 1566 4028 initio
1584 3972 1636 4028 sed
1651 3975 1749 4044 paucis
1770 3974 1814 4028 ab·

132 4059 206 4116 libus
232 4059 466 4131 metropolitanis,
481 4063 510 4115 et
523 4060 558 4114 ab
573 4060 634 4114 aliis
656 4061 801 4134 episcopis,
818 4068 846 4118 et
866 4065 949 4120 cleri-
999 4061 1066 4115 hinc
1077 4062 1158 4116 annis
1171 4062 1290 4132 intrusa,
1306 4063 1432 4119 subditos
1444 4069 1556 4120 nostros
1569 4064 1608 4119 ad
1623 4071 1813 4138 paupertatem

132 4153 182 4221 cis,
206 4157 234 4209 et
258 4152 421 4222 oeconomis,
446 4157 474 4208 et
501 4152 649 4208 abbatibus
672 4158 701 4209 et
726 4155 907 4227 xenodochis,
923 4163 951 4214 et
1000 4153 1104 4224 adigat,
1122 4156 1155 4208 ut
1168 4155 1326 4225 periculum
1346 4156 1392 4226 sit,
1408 4173 1445 4212 ne
1467 4157 1502 4211 ad
1523 4173 1670 4213 summam
1693 4161 1813 4214 omniun

131 4246 300 4315 nosocomis,
326 4250 355 4301 et
380 4245 609 4317 brephotrophis,
636 4251 664 4302 ct
691 4249 906 4318 gerontocomis,
922 4254 951 4306 et
999 4261 1096 4301 rerum
1107 4247 1233 4319 inopiam
1247 4247 1423 4318 delabantur,
1437 4253 1466 4305 et
1479 4249 1639 4305 secundum
1654 4251 1811 4325 descriptio-

131 4334 381 4407 orphanotrophis,
395 4337 425 4389 et
435 4333 568 4389 omnibus
581 4333 712 4391 similiter
730 4336 884 4392 rectoribus
902 4338 951 4393 aii·
999 4354 1067 4395 nem
1080 4339 1234 4412 publicam,
1248 4356 1284 4396 ne
1308 4346 1440 4398 consueta
1459 4341 1575 4414 quidem
1592 4347 1622 4399 et
1636 4345 1732 4416 solita,
1747 4362 1814 4402 vers

130 4442 254 4499 quorum
268 4431 429 4482 arcarum
443 4426 638 4498 collegiorum,
656 4426 788 4482 omnibus
802 4429 989 4519 imponensD
1000 4447 1056 4504 que
1069 4432 1115 4503 pia
1130 4432 1237 4488 tributa
1251 4432 1363 4505 publica
1381 4434 1441 4490 sine
1457 4435 1537 4506 gravi
1553 4434 1707 4507 dispendio
1729 4444 1757 4495 et
1775 4455 1813 4493 ue·

131 4520 280 4591 proprium
294 4519 383 4576 robur
391 4523 420 4574 et
428 4519 572 4575 licentiam
584 4519 714 4591 praebens
724 4520 829 4577 volenti
842 4521 950 4578 denun-
999 4524 1125 4580 cessitate
1135 4530 1242 4596 micant
1251 4526 1420 4596 persolvere.
1436 4528 1476 4582 hc
1488 4544 1555 4583 cum
1565 4529 1656 4601 etqui
1668 4530 1810 4603 imperium

129 4611 201 4668 tiare
215 4628 281 4684 quaa
296 4611 509 4685 delinquuntur.
523 4613 680 4669 Laudabilis
695 4614 772 4669 enim
786 4615 949 4687 hujusmodi
998 4617 1113 4689 aliquod
1127 4623 1202 4674 retro
1216 4619 1298 4673 annis
1319 4636 1423 4690 parum
1436 4620 1524 4692 probe
1540 4627 1698 4692 gesserunt
1712 4639 1811 4696 sempa

129 4708 181 4772 est,
206 4708 234 4760 at
255 4704 464 4761 calumniatoris
487 4704 603 4776 effugiet
625 4722 740 4774 nomen,
764 4707 813 4779 qui
835 4724 949 4764 causam
997 4709 1104 4782 aliquid
1118 4715 1253 4783 cuperent
1267 4712 1353 4767 rebus
1367 4712 1508 4768 suislucri
1521 4730 1575 4786 per
1589 4715 1756 4772 officiorum
1768 4718 1809 4772 dc·

128 4803 227 4854 contra
251 4799 329 4870 leges
354 4797 457 4852 factam
481 4796 642 4869 redarguit,
665 4803 763 4854 auctor
789 4800 899 4871 pietatis
920 4805 949 4857 et
996 4802 1132 4858 lationem
1140 4803 1282 4873 accedere,
1292 4804 1452 4877 meritoque
1460 4804 1524 4861 illos
1532 4813 1728 4878 sequerentur
1737 4810 1809 4866 etiam

127 4891 256 4947 utilitatis
280 4891 365 4947 sacris
391 4890 523 4946 domibus
546 4889 645 4945 lactus.
671 4892 827 4949 servabunt
853 4899 948 4950 autem
998 4894 1808 4975 gloriosissimipraetoriorumpraelecu,quiunquamien

128 4998 191 5038 eam
205 4984 391 5040 nihilominus
410 4987 439 5040 et
451 4986 556 5039 nostras
574 4983 739 5056 reipublice
749 4985 859 5056 judices
883 5004 946 5042 ma·
996 4987 1089 5060 potuit
1101 4993 1135 5044 ut
1150 4990 1296 5046 collatores
1315 4991 1543 5047 extraordinariis
1562 4992 1724 5066 dispendiis
1737 4995 1808 5051 simul

124 5073 202 5145 jores
224 5080 253 5131 et
266 5078 401 5147 minores,
416 5077 509 5133 civiles
533 5081 562 5131 et
581 5075 729 5144 militares,
753 5083 781 5133 et
804 5080 947 5150 precipue
996 5085 1024 5136 et
1040 5080 1129 5137 solitis
1146 5098 1178 5136 ac
1192 5081 1373 5152 pientissimis
1387 5083 1506 5155 publicis
1518 5087 1756 5155 prestationibus
1767 5103 1809 5159 per

127 5182 180 5236 per
194 5183 292 5223 omncs
305 5169 437 5226 dioeceses
452 5169 598 5231 constituti
614 5169 807 5242 gloriosissimi
820 5172 946 5243 preelecti
996 5173 1026 5228 id
1042 5189 1131 5246 genus
1145 5173 1302 5246 iniquitatis
1317 5175 1500 5233 sufficerent?
1525 5177 1623 5235 Subiit
1646 5180 1738 5253 igitur
1755 5180 1807 5236 ani-

128 5275 276 5315 sacrorum
298 5262 509 5333 praetoriorum,
522 5267 551 5319 et
568 5262 674 5319 medias
696 5263 833 5320 habentes
852 5265 945 5321 admi·
995 5283 1075 5322 mum
1089 5267 1229 5340 cogitatio,
1243 5285 1300 5340 quo
1315 5269 1431 5325 undam
1445 5270 1530 5341 lacto,
1545 5272 1692 5345 quidquid
1709 5274 1808 5347 uspiam

126 5352 315 5423 nistrationes,
342 5370 411 5426 quas
434 5356 600 5427 spectabiles
625 5362 727 5413 vocant
752 5356 880 5429 (dicimus
897 5375 946 5414 au·
994 5359 1024 5415 in
1039 5359 1187 5430 provinciis
1208 5361 1311 5416 nostris
1335 5362 1453 5418 noxium
1467 5363 1573 5434 existit,
1590 5381 1745 5436 possemus
1756 5382 1807 5422 uuo

47 5473 53 5482 -
125 5448 185 5501 tem
211 5446 397 5519 Augustulum
419 5453 448 5504 ct
467 5450 692 5520 proconsulares,
708 5454 737 5506 et
759 5450 943 5524 spectabilem
995 5452 1122 5525 generali
1143 5440 1266 5509 aotu'ad
1287 5453 1404 5510 meliora
1418 5455 1576 5512 traducere.
1592 5457 1627 5514 Et
1648 5460 1744 5533 reipsa
1762 5459 1808 5515 hor

125 5538 258 5595 comitam
282 5540 413 5613 Orientis)
438 5546 466 5596 et
491 5540 569 5610 alios,
586 5547 614 5597 at
638 5543 688 5615 qui
711 5548 774 5616 post
793 5544 854 5600 illos
878 5549 945 5601 sunt
994 5550 1162 5602 eventurum
1188 5546 1442 5618 deprehendimus,
1466 5549 1491 5603 si
1514 5548 1618 5606 demus
1639 5568 1757 5625 operam
1780 5557 1808 5607 ut

125 5632 316 5706 magistratus,
331 5635 386 5691 hoc
405 5639 448 5691 ast
470 5633 677 5707 provinciarum
701 5638 863 5694 consuleres
885 5638 944 5696 siva
993 5639 1123 5710 gentium
1145 5639 1289 5712 presides,
1305 5641 1356 5714 qui
1376 5641 1467 5697 civilia
1489 5643 1521 5697 in
1545 5643 1704 5714 provinciis
1724 5646 1808 5703 orna·

124 5725 259 5795 presides
277 5729 533 5803 constitutisque
555 5725 718 5785 defensores
741 5730 896 5800 civitatum,
914 5736 943 5788 et
991 5732 1200 5806 administrant,
1209 5735 1289 5808 puris
1298 5738 1416 5793 utentur
1428 5735 1609 5806 manibus,at
1621 5740 1706 5797 omni
1720 5739 1807 5813 preda
