3884 6150
126 243 179 298 sul

559 241 739 298 Jus‘lmlsn'l
759 241 922 296 NOl'ELhAE
941 241 1108 297 SELECTAE.
1128 242 1281 300 novumn
1302 247 1378 302 still.

1757 253 1809 307 θθθ

126 349 175 406 ὑπ’
195 346 284 419 αὑτὸν,
301 354 377 418 ῖστω,
396 360 440 414 τῆς
453 360 502 407 τῶν
518 351 667 425 ἁγιωτάτων
688 351 830 430 ἀρχιερέων
853 352 943 428 τροιλ-
954 360 983 434 Α
994 351 1022 403 ct
1037 350 1180 406 sententia
1193 352 1436 410 sanctissimorum
1449 354 1626 427 pontificum,
1641 372 1704 428 quas
1715 356 1809 430 ipsum

127 447 222 508 θούσης
236 441 276 500 ἐπ’
291 440 378 508 αὐτοῖς
393 443 475 519 ψήφου
498 451 585 522 κυρίας
600 441 778 519 διαμενούσης.
796 441 850 502 Ούκ
875 445 945 519 ἰρίσ-

125 558 175 612 μεν
192 536 219 593 δέ
233 534 290 595 otti
312 539 397 612 ἐκείνῳ
413 543 507 600 ταύτην
533 540 609 594 οἰκεῖν
625 545 671 600 τήν
687 538 813 615 βασιλίδα
827 541 912 606 πόλιν,
929 541 945 602 i

126 638 176 692 τήν
195 627 273 695 αύτής
294 629 447 708 περιοικίδα,
464 637 478 691 ή
500 652 558 686 τινα
580 641 630 687 τῶν
654 639 823 710 σεμνοτέρων,
839 631 895 688 οἰλλ1
910 635 944 688 ὧν

127 725 282 785 ἠκολούθησε
297 735 328 800 τῇ
342 726 436 800 πλάνη,
451 730 547 780 τούτων
561 728 686 800 μιμείσθω
700 731 743 780 καί
763 721 809 788 τήν
829 724 943 796 δίαιταν,

98 857 105 875 .
127 817 307 893 ἀπῳκισμένος
328 821 369 874 ὅτι
386 819 552 896 πορβωτοὶτω,
579 825 622 873 καί
647 824 764 895 κρύπτων
790 823 889 888 ἐαυτὸν,
913 825 946 885 ὡς

128 919 182 973 τοῖς
205 929 234 983 γε
256 915 378 972 τοιούτοις
400 916 430 966 τὸ
452 913 611 988 κρύπτεσθαι
626 911 721 985 μᾶλλον
745 918 790 965 τοῡ
813 913 946 985 φαίνεσθαι

128 1002 348 1078 λυσιτελέστερον.
374 1009 483 1076 Ἀφανεῑς
507 1008 552 1077 μίν
572 1006 622 1080 γάρ
642 1007 712 1066 ὄντες
737 1006 839 1067 ἑαυτοὺς
867 1024 946 1059 κατα·

128 1094 257 1167 statem
271 1100 382 1169 μόνους·
401 1092 593 1170 δημοσειύοντες
611 1093 638 1151 δί
659 1100 693 1151 τά
713 1099 808 1152 ἐαυτῶν
828 1094 946 1171 δόγματα

129 1187 232 1248 πολλοῖς
250 1196 300 1242 τῶν
314 1186 483 1264 άφελεστίρων
498 1186 611 1263 ἀφορμήν
631 1186 750 1250 ἀπολείας
771 1192 943 1265 παρέχουσιν,

128 1280 193 1355 ὅπερ
215 1276 271 1333 κατ’
295 1275 387 1336 ούδίνα
409 1283 525 1354 γίνεσθαι
547 1284 653 1356 τρόπον.
675 1279 699 1334 ἰν
724 1289 755 1354 τῇ
776 1287 946 1357 Χριστιανικῇ

130 1378 177 1424 τοῦ
192 1377 257 1425 Θεοῦ
279 1376 384 1445 ποίμνη,
407 1378 449 1425 καί
466 1382 502 1445 τῷ
525 1369 649 1448 όρθοδόξῳ
671 1373 723 1447 λαῷ
746 1370 844 1428 δίκαιόν
863 1372 943 1444 ἐστιν,

130 1458 191 1519 olis
205 1466 277 1541 παρὰ
290 1473 334 1526 τής
350 1464 481 1540 βασιλείας
495 1469 718 1542 συγχωρούμενον.

172 1617 243 1667 Ἐπεί
257 1610 284 1668 δὲ
300 1619 343 1666 καί
356 1621 458 1691 Ζωόραν
472 1615 584 1679 ἠξίωσαν
598 1615 659 1677 σ’λως
673 1616 723 1672 tal
740 1614 946 1689 άναθεματισμὸυ
1018 1661 1024 1672 .

130 1707 154 1757 oi
178 1703 400 1779 σιόασμιώτατοι,
425 1711 467 1759 καί
492 1708 525 1760 τά
550 1702 638 1759 δίκαια
660 1710 789 1781 κρίναντες
813 1704 947 1759 ἐπίσκοποι

127 1799 298 1865 ποιήσασθαι,
315 1802 408 1874 μικράν
425 1818 483 1852 τινα
496 1800 656 1874 παρενθήκην
675 1806 725 1851 τῶν
743 1801 863 1851 τοιούτων
884 1802 948 1851 ὄντα

129 1899 224 1957 κακῶν,
245 1889 269 1943 ἐν
290 1892 325 1952 οἷς
338 1891 490 1963 ήτίμασται,
509 1897 617 1963 τὸγοῡν
632 1889 693 1951 ύλως
712 1899 802 1960 τυχεῖν
817 1895 884 1951 τινός
904 1885 947 1946 εὖ·

129 1990 282 2059 πορήσαντα
305 1990 412 2057 μνήμης,
430 1987 496 2037 ίστω
517 1989 560 2036 καί
574 1989 674 2058 Ζωόρας
696 1992 739 2044 τής
758 1989 869 2058 πονηροῖς
886 2003 948 2037 ταυ-

129 2096 173 2136 της
187 2072 298 2151 μερίδος,
316 2078 432 2149 Ἀνθίμου
447 2094 484 2142 τε,
503 2081 545 2128 καί
565 2081 683 2150 Σευήρου,
700 2081 743 2128 καί
758 2080 854 2150 Πέτρου
867 2080 946 2148 φαμὲν

129 2170 274 2242 παρενθήκη
297 2189 334 2229 τις
356 2164 470 2234 civille,
496 2174 539 2221 καὶ
561 2168 585 2220 ἐν
609 2177 661 2229 τοῖς
678 2166 947 2241 άνατεθιματισμίνοες

129 2266 173 2312 καὶ
196 2256 274 2322 αύτός
295 2264 415 2332 τετάχθω
437 2271 481 2324 τῆς
504 2265 628 2336 ἱερατικῆς
648 2257 730 2316 αύτόν
752 2267 947 2333 κατινεγκούσης

128 2352 223 2425 ψήφου,
240 2353 270 2412 ήν
289 2358 378 2430 κυρίαν
400 2357 443 2407 καί
463 2349 543 2412 atris
568 2351 605 2427 ἐφ’
617 2357 705 2415 ἐαυτής
724 2354 803 2407 οὖσαν
825 2358 946 2429 κυριωτί-

129 2467 177 2521 ραν
192 2449 231 2501 ιἰι
245 2445 339 2519 μᾶλλον
354 2449 370 2504 θ
390 2446 509 2520 βασιλεία
523 2456 601 2513 ποιεῖ,
619 2452 662 2500 καί
676 2453 766 2501 τοῦτον
780 2446 948 2510 ἰξιλάύνουσα

128 2547 174 2599 τῆς
188 2535 320 2612 βασιλίδος
340 2543 435 2599 ταύτης
449 2538 552 2603 πόλεως,
573 2544 615 2590 καί
629 2546 674 2599 τῆς
690 2532 768 2598 αύτής
782 2532 944 2610 περιοικίδος,

129 2635 173 2682 καί
194 2630 235 2683 ἰπί
258 2637 303 2690 τήν
318 2640 368 2685 τῶν
389 2630 485 2685 πόλεων
507 2633 604 2689 νίκησεν
624 2624 694 2700 αύτῷ
709 2631 834 2687 παντοίως
848 2624 948 2698 ἀπαγο-

128 2726 251 2797 ρεύουσα,
263 2723 329 2777 ὥστε
342 2719 399 2795 μετ’
410 2722 508 2775 ἰκιινωυ
521 2726 603 2794 μόνων
619 2721 693 2774 οἰκεῖν
709 2738 746 2786 τε,
759 2724 802 2771 καί
814 2718 948 2793 βουλιύισ-

128 2815 174 2866 θαι
187 2823 237 2867 τῶν
258 2816 398 2889 ἔμπροσθεν
418 2817 477 2886 ήμίν
499 2813 645 2887 εἰρημένων,
662 2811 738 2883 όμοια
760 2813 805 2882 μίν
828 2808 946 2882 βλασφη-

127 2908 255 2976 μούντων,
273 2906 348 2978 ὅμοια
369 2902 396 2959 δί
415 2910 458 2957 καί
471 2905 616 2974 παθόντων,
632 2904 721 2975 ὁμοίως
741 2896 768 2953 δι
783 2905 825 2952 καί
847 2918 946 2974 περιοι-

127 3000 264 3071 ρισμίνων.
283 2998 313 3051 Εἰ
327 2994 354 3050 δέ
376 3018 401 3050 τι
416 3002 459 3049 καί
473 2994 557 3070 ἕτερον
572 3003 602 3068 τῇ
615 3002 665 3047 τῶν
680 2993 830 3065 ἁγιωτάτων
844 2990 949 3046 ἐπισκό-

127 3109 184 3142 πων
205 3093 353 3163 περιέχεται
367 3087 441 3162 ψήφῳ
456 3097 487 3162 τῇ
505 3092 562 3149 τοὺς
576 3089 772 3161 προειρημένους
791 3085 947 3159 καθαιρούσνγ

128 3199 169 3250 τι,
186 3186 229 3233 καί
252 3179 484 3254 ἀναθεματιζούση,
506 3184 591 3255 κύριον
610 3176 639 3232 δέ
660 3182 703 3230 καί
723 3183 799 3230 τοῦτο
817 3177 944 3250 τιθέμεθα,

127 3276 242 3332 καὶτοῖς
265 3273 349 3340 θείοις,
368 3277 411 3325 καί
426 3271 568 3346 βασιλικοῖς
589 3273 657 3343 ἡμῶν
677 3263 741 3323 airh
761 3273 844 3339 νόμοις
861 3266 949 3320 ἐπικυ-

128 3371 232 3438 ροῦμεν,
259 3367 292 3426 ὡς
314 3363 346 3417 ἂν
370 3365 392 3417 εἰ
413 3366 485 3440 παρὰ
505 3371 550 3423 της
573 3359 705 3435 βασιλείας
730 3353 802 3418 ούτής
826 3357 946 3432 προελθὸν

128 3455 281 3528 ἐπ’νγχανευ.
297 3457 328 3510 Ei
341 3453 369 3510 di
383 3461 427 3509 καί
441 3475 478 3516 τις
493 3450 577 3509 αὐτῶν
592 3451 663 3525 ἁλοίη
681 3457 710 3504 τό
724 3451 811 3504 λοιπόν
826 3453 945 3524 πράττων

127 3570 155 3602 τι
175 3551 248 3622 παρὰ
271 3551 304 3603 τὰ
327 3545 546 3621 διατετυπωμίνα,
574 3549 637 3598 ίστω
662 3548 704 3596 καί
727 3551 779 3602 τοῖς
804 3540 946 3615 βασιλικοῖς

126 3645 331 3715 ύποπεσούμινος
351 3647 446 3715 νόμοις,
464 3638 488 3694 οἰ
507 3643 553 3700 τάς
576 3637 695 3697 ἐλάττους
713 3645 763 3688 των
782 3642 876 3689 ποινῶυ
900 3632 946 3685 ἰκ-

126 3736 269 3804 κλίνοντες,
301 3735 335 3796 εἰς
361 3739 459 3807 μείζους
488 3730 641 3806 ἐμβάλλουσι
670 3731 715 3789 τὰς
748 3724 942 3798 ἀγανακτήσεις.

129 3823 373 3905 Ἀπαγοριύομινδί
395 3831 438 3878 καί
451 3829 531 3881 παντί
545 3832 581 3895 τῷ
598 3827 643 3881 τήν
663 3819 795 3877 καθολικὴν
811 3816 944 3876 ἐκκλησίαν

126 3926 175 3973 τοῦ
188 3925 253 3973 Θεοῦ
267 3917 381 3991 διασπᾷν
397 3918 582 3992 ἐπιχειροῦντι,
600 3918 649 3967 εἴτε
663 3915 730 3965 κατὰ
742 3916 789 3970 τήν
805 3914 945 3985 Νεστορίου

126 4019 175 4065 τοῦ
195 4012 375 4088 φρενοβλαθοῦς
392 4013 527 4084 ὑφήγησιν,
545 4012 594 4061 ιίτε
618 4008 684 4059 κατά
707 4010 752 4064 τήν
773 4000 880 4061 ἀνόητον
896 3996 946 4056 Ei·

126 4112 225 4176 τυχοῦς
244 4101 401 4181 παράδοσιν,
424 4106 473 4156 εἴτε
494 4103 560 4153 κατὰ
582 4105 627 4158 τήν
650 4103 758 4172 Σιυήρου
780 4095 943 4170 βλασφημίαν

994 443 1142 514 praevenit,
1156 445 1425 518 firmapermanoto.
1434 450 1605 520 Nequevcro
1616 451 1809 522 permittimus

994 536 1035 592 illi
1050 537 1125 592 hauc
1138 539 1249 610 regiam
1264 541 1366 596 urbem
1379 542 1520 609 habitare,
1537 547 1587 599 aut
1607 543 1695 617 ipsius
1711 545 1807 602 distri·

994 633 1081 698 ctum,
1096 633 1140 686 vel
1152 632 1278 705 aliquam
1289 635 1324 690 de
1337 635 1514 708 insignibus3
1532 638 1582 692 sed
1595 654 1718 709 quornm
1731 656 1810 695 secu·

995 726 1040 779 tus
1055 728 1098 780 ost
1116 742 1254 795 errorem,
1275 729 1379 784 horum
1402 729 1531 786 imitetur
1546 731 1635 786 victus
1652 732 1807 804 rationem,

995 834 1080 889 quam
1094 818 1262 890 longissime
1280 821 1436 877 abscedens
1460 827 1489 878 et
1503 823 1648 879 occultans
1662 824 1787 898 seipsum
1800 843 1807 895 ;

996 911 1174 967 namtalibus
1182 915 1330 980 occultari,
1341 932 1430 988 quam
1442 916 1530 972 videri
1542 918 1639 973 utilius
1653 922 1705 973 est.
1715 919 1810 990 ignoti

996 1005 1104 1060 etenim
1119 1007 1281 1078 existentes,
1296 1026 1325 1064 se
1341 1009 1417 1082 ipsos
1430 1011 1539 1066 laedunt
1554 1013 1645 1067 solos:
1662 1012 1809 1084 publican·

996 1102 1038 1153 tes
1054 1115 1120 1154 vero
1136 1117 1188 1155 sua
1205 1101 1351 1174 dogmata,
1369 1104 1466 1159 mullis
1484 1121 1516 1159 er
1530 1104 1751 1176 simplicioribus
1761 1122 1807 1162 oc·

996 1192 1140 1247 casionem
1163 1195 1332 1266 perditionis
1353 1197 1497 1268 praebent,
1521 1198 1599 1270 quod
1624 1199 1810 1255 nullomodo

996 1285 1058 1340 fieri
1077 1286 1106 1340 in
1127 1287 1287 1344 Christiano
1312 1290 1377 1345 ovili
1396 1288 1447 1345 uei
1466 1294 1495 1346 et
1519 1291 1678 1348 orthodoxo
1703 1293 1809 1366 populo

997 1396 1112 1452 aequum
1129 1385 1180 1452 est,
1198 1399 1293 1454 neque
1308 1383 1342 1438 ab
1358 1383 1480 1455 imperio
1496 1385 1670 1456 permissum
1686 1388 1737 1441 est.

1032 1571 1094 1626 Car.
1106 1570 1150 1626 ΙΙΙ.
1166 1602 1200 1611 -·
1215 1571 1357 1636 Quoniam
1372 1589 1439 1627 vero
1456 1573 1613 1628 etZoaram
1627 1573 1746 1645 dignum
1760 1592 1812 1646 pe·

996 1664 1073 1717 nitus
1084 1663 1253 1734 judicarunt
1271 1665 1323 1720 sub
1337 1666 1579 1721 anathematismo
1595 1683 1656 1721 esse
1676 1684 1812 1723 reveren-

957 1735 1116 1824 Bdissimi,
1139 1763 1167 1812 at
1185 1758 1234 1830 qui
1246 1759 1323 1829 justa
1337 1759 1469 1829 judicant
1484 1759 1609 1831 episcopi
1630 1761 1703 1828 (cum
1726 1778 1814 1833 parra

998 1849 1130 1920 quaedam
1141 1851 1239 1905 talium
1256 1854 1399 1907 malorum
1411 1852 1590 1925 interpositio
1602 1853 1656 1921 sit),
1674 1854 1739 1908 etin
1749 1854 1813 1925 qui·

928 1987 933 1999 .
997 1942 1049 1997 bus
1065 1942 1270 1999 dehonestatus
1282 1949 1333 2015 est,
1346 1945 1444 2000 omnia
1453 1945 1585 2000 videlieet
1597 1946 1813 2017 comprehendo

999 2052 1031 2089 er
1043 2037 1184 2091 momoria
1195 2038 1319 2107 quadam
1329 2038 1505 2104 abundanti3
1520 2039 1556 2093 sit
1567 2042 1596 2092 ot
1609 2039 1712 2093 Zoaras
1727 2040 1814 2094 inter·

998 2129 1101 2199 positio
1119 2130 1250 2200 quadam
1269 2148 1357 2202 parva
1371 2130 1455 2200 hujus
1471 2133 1554 2185 malae
1570 2132 1659 2201 partis
1675 2131 1815 2200 (anthimi

999 2220 1121 2276 dicimus
1134 2225 1162 2276 ct
1175 2222 1272 2277 Severi
1289 2241 1321 2278 ac
1336 2224 1432 2294 Petri),
1447 2229 1476 2278 el
1490 2228 1660 2279 numeretur
1675 2224 1813 2296 ipsoquo·

999 2332 1054 2385 qno
1073 2315 1148 2369 inter
1165 2317 1430 2384 anathematizatos,
1456 2333 1536 2372 sacra
1561 2317 1702 2372 sententia
1721 2318 1814 2389 ipsum

999 2407 1167 2477 dejiciente:
1180 2425 1266 2480 quam
1277 2410 1391 2464 firmam
1401 2415 1426 2465 el
1440 2410 1530 2483 ipsam
1541 2427 1575 2465 ex
1591 2410 1683 2482 seipsa
1696 2410 1816 2465 existen-

999 2504 1067 2567 tem,
1084 2501 1176 2555 adhuc
1187 2501 1344 2558 firmiorem
1359 2503 1512 2575 imperium
1521 2503 1633 2559 reddit:
1649 2507 1678 2558 et
1691 2503 1768 2559 hunc
1778 2503 1814 2559 de

998 2594 1051 2649 hac
1066 2595 1147 2667 regia
1162 2595 1231 2650 urbe
1248 2601 1276 2650 ct
1296 2597 1357 2668 ejus
1377 2595 1508 2652 districtu
1528 2596 1635 2669 abjicit,
1656 2599 1685 2651 et
1703 2577 1815 2650 habila-

997 2688 1106 2744 tionem
1121 2687 1151 2743 in
1174 2688 1236 2767 aliis
1255 2688 1415 2745 civitatibus
1433 2690 1485 2762 ipsi
1505 2690 1626 2747 omnino
1648 2689 1814 2757 interdicit;

997 2781 1092 2851 itaque
1106 2798 1170 2836 curn
1185 2782 1239 2836 illis
1253 2783 1319 2837 solis
1329 2783 1441 2838 habitat
1450 2788 1479 2838 et
1488 2784 1631 2838 consultet
1643 2783 1691 2855 qui
1704 2799 1721 2837 a
1732 2781 1815 2838 nobis

996 2877 1062 2928 ante
1078 2875 1232 2930 memorati
1248 2881 1331 2931 sunt:
1355 2876 1403 2947 qui
1419 2876 1523 2930 similia
1538 2875 1658 2946 quidem
1679 2876 1813 2947 blasphe-

997 2969 1088 3034 mant,
1105 2965 1209 3022 similia
1221 2985 1288 3023 vero
1303 2968 1460 3040 patiuntur,
1479 2972 1506 3023 et
1517 2967 1685 3023 similiterin
1699 2967 1815 3023 erilium

998 3059 1159 3115 mittuntur.
1175 3061 1203 3116 Si
1218 3061 1286 3133 quid
1302 3078 1369 3116 vero
1385 3061 1461 3116 aliud
1472 3061 1501 3116 in
1516 3060 1660 3116 sententia
1672 3059 1815 3116 sanctissi-

998 3170 1111 3208 morum
1141 3155 1341 3227 episcoporum
1369 3155 1543 3222 continetur,
1573 3172 1637 3226 ηοω
1664 3155 1816 3226 predictos

998 3246 1127 3318 deponit,
1143 3251 1171 3302 el
1183 3249 1417 3316 anathematizat,
1431 3249 1486 3303 hoc
1501 3248 1611 3303 firmius
1624 3247 1771 3303 reddimus
1787 3252 1817 3303 et

998 3339 1113 3407 diutius,
1129 3358 1161 3396 ac
1175 3341 1370 3413 imperialibus
1383 3341 1486 3395 nostris
1509 3340 1620 3411 legibus
1640 3340 1734 3413 ipsum
1754 3356 1815 3395 cor·

997 3434 1177 3501 roboramus,
1185 3451 1217 3489 ac
1227 3435 1249 3488 si
1258 3434 1294 3488 ab
1305 3434 1426 3505 imperio
1436 3433 1497 3505 ipso
1508 3434 1695 3505 provenisset.
1708 3432 1737 3488 si
1746 3449 1814 3488 vero

998 3525 1100 3596 aliquis
1114 3525 1240 3597 ipsorum
1252 3525 1644 3597 deprehendaturdeeaetcro
1657 3526 1752 3580 facere
1765 3524 1816 3580 ali-

997 3618 1065 3689 quid
1079 3625 1184 3691 praeter
1194 3619 1358 3687 constituta,
1370 3620 1438 3674 sciat
1446 3636 1475 3674 se
1487 3619 1619 3674 incidisse
1627 3619 1656 3673 in
1672 3619 1751 3691 leges
1760 3618 1812 3674 im·

997 3711 1814 3785 periales,quaminorespoenasdeclinantes,admajores
1903 3757 1911 3774 ,

996 3805 1815 3878 immittuntindignationes.Interdicimusautemetom·

997 3898 1079 3954 nibus
1088 3899 1256 3955 conantibus
1271 3899 1442 3955 catholicam
1450 3901 1500 3955 Dei
1514 3900 1668 3956 Ecclesiam
1680 3900 1813 3956 divellere

996 3992 1062 4064 (sive
1083 3992 1241 4048 secundnm
1262 3994 1382 4048 Nestorii
1404 3994 1532 4049 haretici
1551 3994 1723 4062 doctrinam,
1755 3994 1812 4049 sive

996 4085 1154 4140 secundum
1175 4086 1312 4142 insensati
1335 4087 1470 4159 Eutychis
1486 4087 1682 4153 traditionem,
1699 4086 1755 4140 sive
1772 4103 1815 4142 se·

127 4201 213 4253 ςαητὰ
227 4197 348 4258 κάκείνοις
363 4202 510 4261 νοήσαντος,
528 4197 577 4247 εἴτε
591 4201 640 4245 τῶν
658 4190 758 4250 ἐκείνοις
772 4186 944 4242 άκολονθούν-
995 4179 1120 4234 cundum
1129 4179 1338 4252 blasphemiam
1347 4179 1453 4248 Severi,
1464 4181 1548 4251 quiet
1556 4179 1659 4234 similia
1667 4178 1724 4233 illis
1732 4178 1813 4233 intel·

125 4310 179 4342 των
195 4298 250 4350 ταῖς
264 4289 418 4362 ἁγιωτάταις
435 4286 592 4346 Ἐκκλησίαις
609 4285 728 4359 ταραχάς
742 4278 883 4353 ἐμβάλλειν,
900 4284 943 4331 καί
994 4273 1071 4340 lexis,
1085 4276 1133 4327 aut
1144 4289 1242 4327 eorum
1252 4273 1300 4344 qui
1314 4272 1375 4327 illos
1384 4273 1562 4344 sequuntur),
1571 4271 1740 4327 seditionem
1756 4271 1811 4325 im-

126 4382 279 4456 φθίγγεσθαί
300 4402 325 4434 τι
345 4385 403 4455 sript
426 4385 535 4440 πίστιος
552 4397 558 4409 ·
576 4374 642 4429 ἀλλὰ
664 4376 813 4446 θεσπίζσμιυ
835 4371 942 4425 ἕκαστον
994 4363 1810 4436 mitteresanctissimisEcclesiis,etloquialiqniddellde3

126 4484 179 4528 τοι
195 4478 313 4528 τοιούτων
328 4479 374 4533 τὴν
394 4475 507 4543 ἡσυχίαν
527 4471 608 4543 ἄγειν,
626 4474 669 4521 καί
682 4462 745 4540 μηδὲ
759 4464 895 4537 συγκαλιῖν
911 4464 983 4536 ahl)
994 4458 1043 4512 sed
1060 4457 1201 4512 sancimus
1209 4457 1368 4529 quemlibet
1376 4458 1479 4513 talium
1491 4457 1621 4530 quietum
1635 4474 1706 4523 esse,
1716 4460 1810 4513 elnon

127 4569 219 4622 ἰαυτόν
240 4587 320 4633 τινας,
335 4572 399 4639 μήτι
417 4568 571 4641 προσιόντας
590 4557 723 4633 δέχεσθαι,
740 4558 755 4616 i
772 4553 943 4633 παραθαπτί-

127 4666 180 4723 ζειν
196 4659 295 4736 θαρρεῖν
313 4679 319 4691 ’
337 4658 409 4718 irrisu
426 4659 494 4733 ἱεράν
512 4659 644 4708 κοινωνίαν
658 4653 800 4729 ῥυπαίνειν,
818 4653 861 4701 καί
875 4653 944 4702 ταύ-

127 4773 173 4815 της
186 4747 353 4827 μεταδιδόναι
366 4755 445 4815 τισίν,
464 4749 478 4808 i
493 4750 539 4808 τάς
552 4744 758 4820 άπηγορενμίνας
776 4738 943 4803 διδασκαλίας

127 4846 286 4918 ὑφηγεῖσθαι,
308 4844 323 4902 s
345 4841 386 4895 ἰπὶ
405 4845 499 4901 ταύτης
522 4847 566 4901 τής
588 4833 722 4912 βασιλίδος
745 4838 813 4909 ήμῶν
835 4834 939 4900 πόλεως,

127 4938 143 4996 η
160 4932 196 5010 ἐφ’
212 4935 306 5012 ἐτέρας,
325 4931 533 5009 ἀλλ’ύφορασθαι
546 4935 632 4986 πάντα
647 4925 773 4995 κίνδυνον,
789 4931 812 4980 εἰ
823 4947 849 4980 τι
862 4933 943 4979 τοιού·

127 5051 172 5084 τον
186 5029 319 5105 πράξαιεν.
338 5030 538 5103 Ἀπαγορεύομιν
561 5021 588 5077 δέ
609 5028 651 5076 καί
669 5027 735 5076 πᾶσι
754 5024 856 5080 τούτους
872 5019 942 5073 ύπο-

128 5119 262 5194 δίχεσθαι.
286 5120 444 5174 Ἀπελαύνιιν
467 5122 512 5191 μἐν
541 5112 583 5170 οὖν
611 5116 756 5188 θεοπίζομεν
780 5106 870 5173 αύτούς
891 5120 941 5164 τῶν

127 5213 173 5271 ὑπ’
194 5210 278 5270 atras
303 5215 495 5289 ταραττομίνῶν
517 5209 622 5273 πόλεων,
650 5204 747 5267 εἰδότας
769 5207 815 5265 τὰς
840 5205 939 5271 ποινάς,

128 5311 175 5369 τάς
188 5315 245 5369 ταῖς
259 5307 335 5366 θείαις
351 5307 420 5378 ημῶν
433 5299 481 5362 ήδη
500 5305 682 5377 περιεχομένας
693 5295 849 5364 διατάξεσιν,
867 5296 942 5373 αἰπιρ

129 5405 172 5454 κάί
185 5403 230 5462 τὰς
249 5400 327 5459 οἰκίας
345 5393 435 5464 αύτάς,
453 5396 477 5448 ἐν
497 5391 536 5457 αἷς
552 5398 665 5448 τοιοῦτόν
686 5414 711 5446 τι
731 5395 882 5467 πράττεται,
900 5395 942 5443 καί

128 5494 162 5546 τά
176 5495 262 5569 χωρία
277 5489 301 5553 ἰξ
316 5487 349 5540 ὦν
364 5490 409 5549 τάς
431 5486 573 5562 ἀποτροφάς
594 5489 776 5559 χορηγοῦνται,
792 5490 847 5542 ταῖς
858 5481 891 5554 ἁγ

128 5589 218 5646 τάταις
241 5582 413 5642 Ἐκκλλησίαις
437 5584 622 5655 προσκυρούσι,
646 5586 696 5630 τῶν
719 5579 764 5650 μίν
786 5577 941 5649 κικτημίνων

128 5675 320 5753 ἀφαιρούμεναι,
338 5670 405 5729 διότι
428 5671 522 5748 βλάβης
543 5672 615 5725 αἰτία
636 5679 688 5732 τοῖς
702 5669 882 5746 ἁπλουστίροις
895 5675 942 5743 γί-

129 5791 210 5840 νεται,
227 5770 277 5824 ύπό
295 5765 322 5821 δέ
341 5769 387 5828 τοὶς
410 5766 554 5842 ἁγιωτάτας
575 5769 617 5816 καί
637 5758 781 5841 όρθοδόξους
796 5762 942 5826 Ἐκκλησίας

993 4568 1148 4606 convocare
1165 4550 1275 4622 aliquos
1287 4551 1323 4606 ad
1335 4567 1374 4618 se,
1386 4568 1479 4622 neque
1491 4551 1660 4606 aecedentes
1670 4550 1809 4622 recipcre,

992 4649 1041 4699 ant
1055 4661 1206 4718 perperam
1221 4645 1367 4717 baptizare
1384 4645 1509 4712 audere,
1535 4647 1584 4699 aut
1602 4662 1714 4700 sacram
1730 4661 1808 4699 com·

993 4738 1161 4794 munionem
1177 4738 1334 4807 sordidare,
1346 4744 1374 4794 et
1383 4739 1475 4811 ipsam
1487 4738 1629 4811 aliquibus
1638 4738 1810 4793 tradereaut

991 4831 1811 4904 interdictasdoctrinasexponeresiveinhacnostraregia

993 4925 1092 4980 sivein
1109 4925 1166 4981 alia
1183 4926 1310 4994 civitate,
1330 4927 1381 4981 sed
1399 4944 1484 4982 omne
1501 4925 1661 4998 periculum
1680 4924 1810 4980 reformi-

993 5019 1072 5087 dare,
1088 5018 1110 5073 si
1127 5019 1195 5092 quid
1209 5021 1267 5075 tale
1288 5021 1382 5075 faciat.
1400 5019 1599 5075 lnterdicimus
1615 5017 1701 5072 etiam
1715 5018 1808 5073 omni·

991 5112 1055 5182 bus,
1072 5130 1108 5168 ne
1122 5113 1190 5168 istos
1204 5113 1368 5186 suscipiant.
1383 5113 1474 5184 hbjici
1490 5127 1560 5184 ergo
1575 5112 1652 5183 ipsos
1665 5111 1810 5167 sancimus

994 5205 1028 5262 de
1050 5207 1209 5263 civitatibus
1231 5207 1266 5261 ab
1292 5206 1358 5278 ipsis
1380 5206 1539 5275 concitatis,
1563 5206 1685 5262 scientes
1710 5221 1809 5276 peenas

989 5300 1051 5372 jam
1074 5303 1223 5356 contentas
1242 5299 1271 5354 in
1292 5299 1396 5354 nostris
1424 5298 1525 5355 divinis
1545 5299 1807 5366 constitutionibus,

992 5412 1056 5467 qum
1078 5399 1106 5449 et
1129 5393 1231 5449 domos
1257 5392 1342 5463 ipsas,
1370 5391 1523 5466 inquibus
1549 5396 1606 5450 tale
1627 5392 1696 5465 quid
1715 5392 1755 5456 m,
1780 5395 1809 5443 et

992 5504 1108 5559 campos
1123 5503 1155 5541 er
1170 5484 1273 5557 quibus
1289 5485 1651 5560 nutrimentapra‘bentur,
1663 5481 1807 5538 sanctissi-

993 5580 1047 5638 mis
1060 5579 1188 5635 Ecclesiis
1199 5579 1359 5653 assignant,
1369 5584 1423 5636 eta
1436 5579 1649 5654 possidentibus
1661 5576 1805 5636 anserum.

993 5675 1060 5746 quia
1073 5673 1240 5729 detrimenti
1258 5691 1345 5731 causa
1365 5675 1395 5729 llt
1410 5669 1647 5747 simplicioribus3
1664 5667 1807 5723 sanctissi-

993 5767 1048 5824 mis
1059 5784 1126 5825 sero
1137 5771 1167 5824 et
1176 5767 1480 5826 orthodoxisEcclesiis
1489 5767 1549 5819 hnc
1559 5761 1816 5835 tostosnhtieiuot,
