3878 6150
139 267 192 326 eti
781 266 951 326 EPlSTOLAE
969 264 1012 324 ET
1030 261 1193 324 Decuma.
1773 265 1824 324 iit

134 376 194 433 hoc
208 377 328 433 licenter
339 375 525 450 permittitur,
544 375 638 432 honor
651 377 878 448 patriarcharum
893 395 952 433 cru·
965 378 1090 461 Amico,
1102 380 1129 431 et
1138 375 1218 431 aerbo
1230 375 1326 445 pratia
1338 372 1403 444 eius,
1420 375 1468 445 qui
1476 377 1564 445 potest
1574 375 1701 447 perficere
1715 378 1739 432 et
1755 377 1822 433 dare

134 471 222 526 nium
235 477 374 544 negatum
388 477 416 527 et
428 471 544 527 fortasse
557 470 580 525 is
594 470 625 525 in
635 487 730 527 errore
742 472 825 544 perit,
836 471 885 544 qui
895 472 957 527 uni·
1007 470 1191 526 haereditatem
1215 470 1290 525 uobis
1306 483 1366 523 cum
1388 468 1508 523 omnibus
1523 472 1633 525 soractis.
1657 472 1716 541 lpse
1734 476 1825 527 autem
1859 461 1865 470 ’

135 566 255 620 versalia
269 566 382 634 dicitur,
407 568 436 620 et
448 566 543 621 nullus
554 566 616 637 jam
631 565 777 637 episcopus
790 568 957 623 remansisse
1006 569 1075 620 Deus
1087 566 1202 635 pacisci
1216 563 1403 618 consolationis
1419 563 1463 617 det
1475 563 1550 617 cobis
1563 564 1681 635 idipsum
1690 580 1784 636 sapere
1796 567 1825 620 iu

135 658 168 713 in
184 661 260 714 statu
272 659 559 714 ueritatisinrenitur.
576 660 693 730 Oportet
706 676 774 730 ergo
793 664 957 716 utconstan-
1006 659 1178 721 alterutrum,
1193 662 1224 712 ut
1238 642 1312 713 cobis
1334 659 1449 711 invicem
1463 660 1636 717 succurratis.
1655 663 1681 712 et
1700 674 1753 713 non
1766 661 1826 714 sitis

135 755 228 807 ierac
248 752 313 807 sine
333 752 496 824 prajirdicio
515 752 640 821 servetis,
660 753 731 808 sicut
743 753 895 826 accepistis,
910 770 956 808 ec·
1006 752 1098 814 divisi,
1119 755 1151 806 ut
1170 752 1320 812 unanimes,
1339 765 1392 804 uno
1413 766 1457 804 ore
1469 756 1494 804 et
1513 767 1565 806 uno
1580 753 1659 807 corde
1672 753 1825 821 bonora'fice-

135 846 250 912 clesias,
266 852 295 901 et
307 846 377 901 nihil
396 846 449 900 sibi
461 846 491 900 in
505 846 583 901 vobis
595 846 657 901 hanc
678 847 796 902 tentatio
809 847 956 902 diabolicae
1005 861 1064 900 mus
1078 860 1137 899 eum
1151 846 1180 899 in
1192 845 1362 900 concordiam
1375 848 1401 898 el
1413 845 1618 900 consolationem
1629 846 1760 912 lectrum,
1777 847 1826 915 qui

135 934 334 1011 usurpatio&
346 940 476 994 ascribat.
491 940 566 995 State
582 941 676 1008 icrles,
694 946 763 995 state
773 941 874 1010 securi,
888 941 955 995 scri·
1003 943 1097 1010 poteris
1110 942 1149 993 est
1162 941 1319 1007 ccrrfirmare
1330 952 1376 991 cos
1387 937 1531 991 secundum
1542 939 1709 1017 ecaupelium
1723 938 1789 1004 eiua
1800 943 1826 993 et

134 1037 190 1104 pla
210 1050 274 1105 quae
294 1033 459 1088 uniuersalis
485 1033 609 1088 nominis
634 1035 753 1089 falsitate
770 1034 957 1089 condemnata
1000 1032 1084 1101 jueta
1101 1033 1289 1086 revelationem
1307 1032 1430 1099 mysterii
1448 1033 1553 1085 aeternis
1567 1028 1730 1102 temporibus
1749 1033 1826 1086 taciti

135 1132 217 1193 sunt,
239 1143 290 1181 nee
307 1127 374 1182 dare
395 1142 530 1198 unquam,
552 1143 603 1181 nec
625 1127 750 1198 accipere
768 1128 954 1200 praesumatis.
1007 1125 1076 1190 (Act.
1100 1141 1134 1180 xx
1142 1142 1150 1194 ς
1177 1128 1251 1181 Rom.
1276 1141 1322 1190 ιιι,
1351 1125 1416 1195 ιιι),
1436 1123 1539 1195 quibus
1561 1124 1640 1179 vobis
1661 1126 1822 1179 futurorum

135 1220 246 1276 Omnes
271 1221 415 1291 episcopos
436 1236 511 1274 curas
531 1226 629 1275 vestrae
652 1221 793 1292 subjectos
815 1222 850 1276 ab
871 1222 956 1292 hujus
1007 1217 1823 1289 gaudiorumlargiendasuntmunera.Summopereetiam

135 1314 308 1368 adulationis
324 1313 519 1385 inquinatione
541 1314 702 1385 prohibete,
718 1319 750 1368 ut
762 1316 894 1370 universa
909 1332 957 1369 vos
1005 1312 1181 1367 considerare
1196 1309 1314 1380 debetis,
1333 1311 1408 1382 quod
1427 1309 1457 1364 hi
1475 1310 1524 1381 qui
1541 1310 1674 1365 iratribus
1686 1310 1822 1378 inrident,

136 1408 262 1461 Ecclesia
279 1407 450 1479 patriarchas
472 1424 530 1462 ncu
549 1409 642 1462 solum
660 1408 690 1462 in
710 1408 792 1463 bonis
812 1409 954 1480 operibus,
1005 1422 1108 1476 eosque
1123 1405 1258 1459 damnare
1272 1408 1322 1458 aut
1338 1403 1458 1474 perdere
1476 1403 1608 1474 cupiunt,
1626 1420 1720 1474 perse
1735 1408 1823 1457 etsua

136 1499 190 1555 sed
203 1501 288 1554 etiam
303 1500 334 1555 in
352 1501 474 1555 ueritatis
489 1501 653 1555 auctoritate
673 1506 832 1573 cognoscat.
851 1502 881 1557 Si
899 1519 956 1573 qua
976 1491 977 1494 ¹
1005 1497 1437 1577 dogmatadestruuntur[perse
1448 1513 1497 1550 sua
1508 1478 1640 1568 dbgmata
1651 1497 1821 1567 destruunll.

137 1598 238 1647 autem
263 1594 378 1648 forsitan
402 1594 517 1649 adversa
544 1595 762 1665 subsequantur,
783 1595 957 1651 unanimiter
1006 1592 1166 1648 Dicitenim
1187 1592 1326 1649 Dominus
1344 1608 1351 1647 ε
1376 1592 1457 1648 Omrre
1478 1607 1590 1661 coquunt
1612 1592 1640 1645 in
1661 1606 1688 1646 se
1707 1591 1823 1645 dicisum

136 1687 339 1758 persistentes,
360 1687 446 1743 etiam
469 1688 614 1743 moriendo
634 1688 770 1743 debemus
789 1690 954 1759 ostendere,
1003 1702 1058 1741 non
1072 1687 1173 1752 stabit3
1189 1687 1425 1741 elomnisscientia
1438 1689 1463 1739 et
1473 1685 1672 1741 leuadoersum
1682 1700 1710 1739 se
1724 1684 1822 1747 diceba,

137 1780 209 1851 quia
222 1780 252 1834 in
264 1781 368 1835 damno
382 1782 571 1852 generalitatis
584 1786 713 1836 nostrum
733 1782 889 1853 specialiter
904 1782 955 1836 ali·
966 1757 994 1829 Β
1005 1796 1059 1835 nori
1071 1781 1155 1834 stabit
1171 1780 1278 1847 (Marto.
1293 1778 1351 1850 ιιι).
1374 1778 1496 1849 ideoque
1516 1793 1627 1832 necesse
1648 1782 1690 1832 est
1707 1783 1740 1831 ut
1759 1794 1824 1831 con-

137 1873 209 1945 quid
223 1890 280 1928 non
292 1890 430 1929 amamus.
442 1874 572 1930 Dicamus
586 1892 651 1929 cum
666 1875 771 1930 Paulo:
789 1874 858 1932 niti
868 1879 957 1931 cicere
1006 1874 1129 1928 corditer
1148 1873 1272 1927 salubres
1290 1871 1451 1943 suscipiatis
1471 1872 1599 1926 hortatus
1611 1871 1650 1941 [S.
1664 1874 1724 1933 Leo,
1744 1873 1823 1941 epist.

136 1966 420 2031 caesareanorum
431 1969 538 2024 lucrum
546 1969 678 2040 (Philipp.
687 1969 955 2041 1).hudiamusquod
1005 1967 1103 2037 87},··et
1117 1967 1187 2021 nihil
1202 1982 1253 2037 per
1267 1965 1477 2021 contentionem
1491 1969 1617 2034 agentes,
1631 1964 1679 2019 sed
1690 1964 1725 2019 ad
1738 1979 1822 2018 omne

134 2061 250 2132 primus
267 2062 602 2135 omniumapostolorum
614 2063 957 2132 dicitzsiquidpatimiai
1005 2059 1131 2114 studium
1151 2059 1306 2117 deuotionis
1327 2059 1476 2113 unanimes
1496 2056 1597 2111 divinis
1616 2060 1644 2111 et
1663 2057 1823 2128 apostolicis

134 2156 401 2226 propterjustitiam,
412 2155 484 2213 beati
493 2155 803 2228 eritistllPet.1u).lliihi
815 2157 957 2212 enimcre·
1005 2153 1251 2209 constitutionibus
1265 2153 1397 2224 pareatis,
1412 2152 1482 2207 et-in
1496 2151 1574 2205 nullo
1595 2150 1742 2222 patiamini
1758 2167 1823 2223 pro-

138 2242 956 2318 dito,quiahcnoremquempropraedicandasuscepimus
1004 2246 1197 2301 videntissima
1215 2262 1358 2301 canonum
1379 2246 1492 2300 decreta
1514 2243 1623 2312 violari,
1644 2249 1782 2314 quatenns
1796 2250 1824 2300 et

138 2337 269 2407 tentate,
283 2338 306 2392 si
319 2338 488 2393 necessitatis
501 2355 584 2393 causa
597 2338 701 2410 exigat,
713 2338 838 2393 securius
850 2356 956 2410 prcea-
1005 2341 1183 2396 Nicaenorum
1202 2356 1343 2395 canonum
1363 2339 1531 2405 constituta,
1552 2343 1580 2392 ct
1603 2353 1667 2410 quoe
1691 2354 1707 2391 a
1726 2338 1822 2408 nobis,

140 2432 206 2487 dem
215 2431 334 2487 veritate
342 2432 537 2504 relinquimus,
546 2448 632 2504 quam
645 2437 775 2509 tacemus
786 2433 854 2503 [lluc
864 2449 955 2505 usquc
1005 2435 1048 2490 rei
1061 2452 1076 2488 a
1088 2434 1342 2505 predecessoribus
1351 2432 1456 2489 nostris
1464 2431 1651 2504 suntproride
1664 2434 1692 2486 et
1702 2431 1822 2485 salubri-

140 2524 228 2580 sancti
238 2525 457 2597 Gregoriirerba
465 2525 631 2596 interpolata
639 2514 689 2581 aut
700 2526 953 2598 cormpta].0rate,
1005 2533 1048 2584 ter
1061 2529 1182 2596 decreta,
1196 2528 1365 2583 intemerata
1379 2530 1565 2600 permaneant
1577 2525 1606 2581 in
1621 2525 1732 2594 iutur03
1752 2530 1780 2580 et
1793 2525 1823 2579 in

139 2619 251 2686 iratres,
262 2623 296 2673 ut
308 2619 956 2675 honorecclesiasticusnostrisdiebusuoneva·
1004 2622 1172 2694 Apocalypsi
1186 2622 1322 2676 Dominus
1339 2638 1392 2693 per
1408 2622 1546 2676 loannem
1563 2619 1690 2691 loquitur
1702 2619 1796 2674 dicens
1811 2635 1818 2674 :

140 2718 256 2782 cuetur;
272 2730 323 2768 nec
332 2730 459 2785 unquam
469 2713 595 2768 Romana
605 2713 694 2782 sedes,
707 2730 770 2785 quaa
782 2712 955 2783 (instituente
1004 2717 1093 2774 Nolite
1103 2717 1204 2778 tinne,
1216 2732 1263 2785 epo
1276 2731 1335 2770 mam
1345 2717 1450 2786 primus
1469 2719 1494 2769 et
1511 2716 1682 2778 accinimus,
1696 2717 1721 2768 et
1734 2715 1822 2777 uiuus,

139 2806 268 2877 Domino)
285 2812 369 2878 eaput
384 2812 426 2862 est
447 2807 576 2862 omnium
591 2806 787 2875 Ecclesiamm,
800 2806 955 2878 privilegiis
1005 2815 1030 2864 et
1040 2811 1086 2877 sui
1097 2813 1227 2872 mortuus,
1243 2813 1269 2863 et
1290 2824 1344 2863 ecce
1363 2824 1423 2863 sum
1442 2811 1533 2862 cicens
1552 2809 1582 2861 in
1595 2807 1693 2861 saecula
1713 2807 1822 2860 saculo-

139 2900 196 2956 sais
211 2903 436 2973 usquamcareat
448 2905 497 2955 aut
510 2900 676 2972 expolietur.
694 2900 854 2970 Confidirnus
865 2904 955 2955 cutem
1004 2920 1065 2959 rum
1079 2904 1170 2974 (Apoc.
1185 2903 1214 2969 rt.
1231 2903 1264 2957 Et
1284 2919 1291 2956 ι
1306 2903 1396 2958 Habeo
1413 2901 1499 2956 claues
1513 2902 1606 2955 mortis
1620 2905 1645 2954 et
1663 2900 1774 2966 infami.
1789 2900 1823 2954 Et

139 2994 170 3049 de
191 2996 278 3058 vobis,
298 2996 463 3060 charissimi,
477 2995 589 3050 meliora
610 2998 692 3064 atque
712 2997 844 3050 viciniora
872 2995 956 3049 saluti
1005 2998 1190 3069 paulopost:
1208 2998 1333 3052 Vincenti
1344 2996 1414 3050 dabo
1428 2995 1504 3050 edere
1522 2995 1642 3064 delique
1658 2995 1736 3056 uita,
1752 2994 1824 3063 quod

139 3086 225 3158 [Edit.
243 3089 336 3157 Rom,
351 3070 478 3160 salutati:
497 3091 563 3159 quic
583 3105 667 3159 neque
685 3104 773 3151 mors,
788 3104 873 3159 neque
886 3091 953 3151 vita,
1005 3096 1044 3147 est
1063 3093 1091 3145 in
1112 3091 1243 3162 paradiso
1268 3092 1317 3146 Dei
1336 3092 1389 3145 mei
1412 3088 1503 3159 (Aper.
1520 3089 1561 3156 ul.
1584 3089 1617 3142 Et
1638 3085 1715 3142 idem
1736 3086 1821 3156 [Edit.

137 3197 225 3252 neque
236 3183 429 3252 uredineque
438 3184 956 3253 principatus,nequeimtanlia,neque
966 3130 993 3206 C
1004 3189 1080 3242 Rom.
1095 3184 1176 3255 itam]
1192 3202 1198 3239 :
1213 3187 1276 3240 Esto
1298 3184 1385 3253 tidelis
1405 3199 1490 3253 usque
1515 3183 1553 3238 ed
1566 3186 1688 3245 mortem,
1709 3185 1735 3235 et
1754 3181 1824 3236 dabo

110 3333 115 3339 „
138 3275 285 3342 tortitudo,
304 3292 389 3346 neque
409 3274 537 3340 altitudo,
561 3292 645 3346 neque
669 3277 848 3345 profundum,
873 3292 957 3346 neque
1006 3281 1056 3334 tibi
1068 3295 1192 3335 coronam
1204 3281 1277 3332 uita.
1293 3278 1326 3332 Et
1336 3276 1441 3331 iterum
1459 3293 1465 3330 :
1481 3278 1533 3343 Qui
1545 3278 1649 3338 vicerit,
1665 3280 1690 3329 et
1698 3275 1826 3329 custodie·

139 3371 268 3421 maium
277 3366 335 3421 ‘²²¹'st
350 3365 497 3438 ifflflbiibffl
513 3366 641 3438 Sentium
657 3366 784 3433 d⁰⁰e¹¹b0i
799 3368 898 3437 Ρθΐθΐῑΐ
909 3380 957 3421 7¹⁰⁸
1005 3376 1042 3428 rit
1054 3374 1176 3442 usquein
1190 3374 1269 3441 inem
1278 3386 1360 3441 opera
1372 3386 1442 3433 mea,
1460 3370 1529 3424 dabo
1542 3372 1567 3424 ei
1573 3372 1732 3439 potestatem
1742 3383 1824 3436 super

139 3474 271 3530 separare
283 3461 443 3514 amaritate
456 3461 562 3515 Domini
573 3462 660 3515 nostri
670 3462 733 3515 lesu
746 3461 854 3521 Christi,
866 3463 957 3530 etqua
1006 3471 1103 3536 pentes,
1121 3470 1147 3520 et
1160 3469 1232 3534 repet
1249 3465 1314 3518 illas
1333 3465 1362 3518 in
1376 3465 1455 3532 sirpo
1472 3463 1562 3529 {ereo
1574 3504 1580 3523 .
1594 3466 1620 3517 et
1632 3467 1762 3530 tanquam
1774 3475 1823 3516 aas

138 3555 240 3624 inipso
254 3558 303 3617 est,
317 3558 390 3608 recto
400 3553 461 3623 fide.
476 3554 565 3609 Nolite
578 3556 670 3624 itaque
685 3555 808 3608 amittere
822 3554 955 3623 euclidem·
1005 3560 1083 3631 ppulo
1094 3559 1310 3627 consriupentur.
1326 3559 1400 3612 item
1419 3555 1498 3610 idern
1513 3573 1519 3609 :
1534 3558 1600 3611 Ecce
1613 3559 1653 3611 sto
1666 3554 1704 3609 ad
1715 3557 1823 3619 ostium,

139 3649 207 3701 liam
231 3650 358 3710 cestram,
382 3663 441 3717 quae
465 3663 593 3715 mapnom
617 3648 695 3702 babet
718 3650 957 3703 remunerationem
1006 3653 1131 3723 etpulso.
1157 3653 1189 3708 Si
1211 3653 1272 3721 quis
1294 3650 1415 3705 audierit
1431 3664 1636 3712 vocemmeam,
1651 3651 1824 3720 cooperuerit

139 3733 232 3807 (thss
246 3751 275 3805 v,
285 3739 361 3792 Rom·
376 3752 434 3803 illl,
451 3737 534 3792 Hebr·
551 3739 587 3808 t)-
1005 3748 1073 3801 mibi
1076 3747 1203 3816 januam.
1219 3744 1334 3799 introibo
1348 3743 1385 3798 ad
1397 3743 1486 3806 illum,
1498 3747 1523 3797 ct
1535 3740 1640 3797 caenabo
1654 3757 1714 3797 cum
1725 3742 1784 3805 illc,
1798 3742 1824 3797 et

175 3829 314 3885 Patientia
328 3830 404 3884 enim
418 3829 664 3885 nobisnecessaria
682 3834 724 3884 est
738 3828 955 3885 adcciiuctatio-
1005 3842 1063 3910 ipse
1086 3855 1197 3894 mamm.
1218 3839 1270 3905 Qui
1293 3840 1397 3900 vicent,
1423 3837 1493 3891 dabo
1518 3838 1544 3891 ei
1565 3836 1655 3891 sedere
1674 3851 1775 3890 mecum
1793 3837 1824 3890 in

138 3924 438 3989 nesedversariorum,
450 3929 589 3996 quatenus
602 3924 688 3979 iidem
700 3923 897 3980 intemeratam
911 3941 957 3978 us·
1007 3935 1101 3989 throno
1122 3947 1190 3995 meo,
1212 3934 1281 3987 sicar
1304 3936 1329 3986 et
1352 3946 1399 3999 09⁰
1419 3931 1481 3994 cici,
1496 3935 1523 3985 et
1538 3930 1646 3985 consedi
1665 3944 1722 3984 curn
1744 3932 1825 3985 Patre

140 4035 197 4091 que
211 4018 243 4073 in
264 4017 351 4073 finem
370 4022 577 4088 conservantes,
597 4017 846 4089 repromissionem
864 4017 955 4089 perci·
1005 4043 1062 4083 meo
1083 4029 1113 4081 ia
1136 4027 1231 4081 ebranc
1253 4025 1309 4095 ejus
1329 4025 1422 4096 lApcc.
1441 4024 1492 4096 ιιι).
1511 4025 1576 4091 Vos,
1598 4023 1710 4090 iratres,
1726 4021 1749 4077 si
1764 4039 1824 4079 uon

138 4111 264 4184 piamus,
279 4128 364 4184 quam
387 4112 547 4184 repromisit
566 4111 610 4166 his
631 4111 680 4183 qui
701 4111 828 4182 legitime
850 4116 957 4168 certare
1007 4120 1095 4176 vultis
1110 4132 1175 4175 eam
1187 4136 1220 4174 eo
1234 4118 1367 4174 damnari
1381 4118 1458 4190 (quia
1468 4133 1521 4173 ncn
1532 4118 1628 4179 solum,
1642 4120 1690 4186 qui
1709 4117 1827 4183 saciant,

138 4206 340 4278 deproperant.
352 4207 450 4264 Adbuc
461 4207 532 4262 enim
541 4207 674 4261 modicum
686 4206 897 4275 aliquantulam,
910 4209 958 4277 oui
1006 4216 1054 4271 sed
1069 4217 1118 4285 qui
1131 4213 1477 4283 comerrienrractenubac,
1494 4213 1535 4266 rei·
1547 4214 1610 4267 sunt
1626 4211 1709 4279 taam.
1724 4209 1743 4280 i)
1756 4208 1825 4264 hor-

136 4304 268 4357 neuturus
280 4304 319 4355 tit
336 4286 433 4363 ueniet,
452 4303 478 4356 tt
495 4315 551 4355 iton
574 4300 696 4356 tardabit
716 4298 827 4368 (llabac.
852 4317 881 4369 ιι,
900 4317 955 4356 sec.
1006 4308 1106 4364 tamini
1120 4325 1196 4378 eum,
1210 4312 1237 4363 et
1252 4312 1365 4362 monete
1392 4305 1523 4360 recedere
1538 4320 1554 4357 a
1569 4302 1694 4374 praefatis
1710 4303 1822 4372 illicitis,

139 4394 225 4466 Lxx).
238 4397 304 4450 3⁶⁰⁰
323 4397 393 4449 enim
409 4395 497 4464 iudea
509 4399 571 4450 “litt
584 4395 697 4462 iamlam
713 4397 817 4449 “istim
838 4394 904 4465 (lac.
918 4402 956 4466 v),
1007 4406 1036 4458 et
1048 4418 1158 4457 memor
1179 4402 1215 4456 sit
1235 4401 1312 4455 unde
1329 4398 1480 4464 exciderit,
1495 4398 1600 4468 elegat
1612 4396 1822 4468 poenitentiam,

139 4503 261 4544 coronas
273 4487 401 4543 hilariter
413 4489 583 4560 promittens
596 4488 640 4541 his
653 4487 703 4559 qui
717 4504 768 4558 pro
782 4504 815 4542 ec
826 4489 999 4578 passioni-D
1011 4501 1038 4551 er
1052 4496 1144 4567 prima
1156 4511 1241 4566 opera
1255 4494 1346 4548 faciat.
1370 4493 1418 4547 Sin
1442 4491 1546 4559 minus,
1565 4505 1623 4545 non
1646 4506 1710 4546 mea
1724 4492 1825 4563 loquar

138 4582 195 4638 bus
211 4581 429 4637 submittuntur.
446 4583 522 4650 Quod
542 4584 567 4637 si
580 4584 640 4652 quis
652 4596 679 4636 se
699 4581 881 4647 subuenerit,
906 4601 959 4640 non
1008 4590 1102 4657 verba,
1118 4589 1166 4644 sed
1189 4588 1249 4659 ipsa
1271 4586 1381 4642 bomini
1395 4584 1559 4653 Salvatoris,
1578 4600 1642 4656 quae
1655 4601 1706 4657 per
1719 4585 1825 4657 praedi⁴

135 4676 260 4750 placebit
279 4677 377 4731 animae
395 4692 477 4743 meae;
491 4676 538 4731 scd
554 4676 631 4730 cadet
644 4675 678 4730 de
691 4679 864 4746 promissione
874 4695 956 4750 prop·
1009 4688 1086 4739 ctum
1099 4685 1236 4751 loannem
1256 4680 1286 4736 in
1296 4681 1358 4753 jam
1372 4679 1446 4735 dicto
1460 4678 1531 4734 libro
1542 4679 1653 4735 locutus
1667 4683 1719 4750 ast,
1737 4679 1823 4751 repli¹

135 4775 203 4843 pter
215 4771 394 4840 necationem.
408 4772 462 4828 Nos
482 4775 640 4827 autemnon
659 4784 750 4825 sumus
769 4772 961 4830 subtractionis
1009 4794 1087 4846 cans,
1105 4777 1150 4832 aio
1166 4793 1174 4832 :
1192 4776 1304 4834 Veniam
1322 4780 1348 4830 et
1365 4774 1472 4830 movebo
1490 4773 1683 4830 candelabrum
1703 4779 1779 4828 tuum
1793 4774 1826 4830 do

138 4864 535 4936 filiiinperditionemauimse.
545 4864 871 4934 Propterquodcssumite
881 4884 959 4923 arma
1010 4870 1064 4927 toco
1075 4887 1133 4934 suo,
1149 4873 1205 4926 nisi
1212 4871 1494 4941 penitentiameperis
1507 4868 1600 4939 (Apoc.
1616 4869 1655 4938 ιι).
1670 4868 1732 4938 lpse
1747 4867 1825 4922 enim

137 4961 201 5022 oei,
216 4963 247 5013 ut
264 4959 374 5029 possitis
398 4960 520 5013 resistere
537 4959 568 5011 in
585 4958 629 5012 die
644 4958 715 5013 malo
729 4959 858 5015 aduersus
872 4978 960 5018 manes
1008 4966 1100 5037 magis
1121 4968 1199 5020 tenet
1219 4963 1377 5020 doctrinam
1399 4963 1523 5031 balaam,
1544 4962 1595 5034 qui
1615 4961 1732 5017 docebat
1745 4955 1826 5018 balac

137 5051 265 5108 irrimicos
282 5056 383 5107 cancre
396 5054 444 5107 Dei
455 5053 577 5108 Ecclesiae
597 5056 744 5116 cicestram
759 5058 785 5108 et
799 5055 904 5111 induite
918 5057 958 5111 lc·
1009 5059 1122 5115 mittere
1134 5059 1297 5115 scandalum
1307 5074 1402 5113 coram
1415 5054 1481 5111 tiliis
1492 5056 1586 5124 lsrael,
1602 5054 1674 5112 sicut
1682 5056 1734 5112 istc
1744 5055 1827 5114 docet

137 5145 361 5217 ricamjcatitie,
378 5146 489 5202 calceati
498 5147 581 5218 pedes
596 5148 863 5218 inremediabilem
878 5165 958 5205 evurt-
1009 5169 1058 5211 ros
1072 5138 1258 5209 scandalizare
1273 5157 1399 5208 sanctam
1411 5155 1531 5206 matrem
1552 5150 1712 5221 Ecclesiam,
1725 5155 1753 5207 et
1764 5153 1827 5207 uni-

139 5242 210 5314 qelii
225 5243 315 5312 pacis
335 5243 366 5295 in
388 5242 509 5296 omnibus
527 5245 689 5296 amurnmtes
710 5247 815 5297 scutum
836 5243 909 5312 fidei,
931 5247 960 5299 in
1009 5263 1122 5304 versum
1135 5252 1238 5303 coetum
1251 5251 1310 5301 tam
1325 5245 1513 5312 sacerdotum,
1528 5259 1615 5316 quam
1628 5244 1825 5317 religiosorum

139 5352 197 5409 quo
208 5337 317 5407 possitis
328 5335 519 5405 omniadecreta
532 5337 688 5405 nequissimi
696 5338 775 5406 ipnea
787 5340 958 5408 celinquere:
1009 5343 1234 5399 Christianorum
1245 5345 1330 5412 atqua
1342 5338 1478 5394 fidelium.
1488 5340 1567 5395 Unde
1580 5344 1608 5394 et
1622 5339 1652 5394 in
1666 5339 1825 5412 supradicto

138 5437 167 5489 et
181 5431 291 5502 poleam
304 5430 401 5485 salutis
419 5431 540 5501 accipite.
561 5434 587 5483 et
606 5430 730 5499 pladium
744 5432 873 5501 Spiritus,
887 5434 961 5503 quod
1008 5435 1081 5491 libro
1095 5434 1256 5491 continetur
1274 5434 1311 5489 ita
1328 5433 1449 5505 [semper
1462 5432 1538 5488 enim
1558 5433 1651 5506 potius
1668 5449 1716 5488 ros
1732 5431 1824 5486 verbis

137 5531 180 5582 est
197 5524 315 5581 Verbum
328 5525 388 5587 Dei,
408 5538 460 5594 per
479 5539 581 5578 omnem
592 5527 738 5579 orationem
761 5529 786 5579 et
801 5526 959 5581 obsecratio·
1010 5529 1122 5584 Domini
1133 5528 1282 5585 Salvatcris
1292 5526 1414 5584 ferireet
1426 5527 1526 5584 instrui
1537 5528 1630 5601 cupio,
1643 5541 1728 5598 quam
1743 5524 1823 5593 meis,

138 5635 204 5676 nem
216 5616 337 5673 radicati
348 5622 374 5673 et
385 5617 499 5684 tundali
511 5619 540 5672 in
553 5618 649 5673 solatio
662 5620 783 5686 fratrum
792 5635 844 5690 pro
858 5621 960 5679 cbristo
1009 5623 1077 5703 licpt
1090 5627 1119 5679 et
1135 5623 1195 5695 ipsa
1213 5622 1373 5695 apostolica
1392 5622 1567 5680 auctoritatis
1586 5622 1642 5675 sint
1653 5616 1825 5690 ponderibus

137 5717 205 5771 Jesu
216 5713 434 5769 acernaacerna
449 5711 754 5783 (liebr.x;pres.r1l.
1010 5692 1105 5788 pbbnal
1123 5733 1129 5772 :
1153 5719 1223 5776 Noui
1237 5733 1318 5790 opera
1340 5722 1386 5772 tua
1411 5700 1555 5775 nouusimo
1572 5714 1657 5784 plura
1676 5710 1826 5781 prioribus.

176 5806 234 5867 Sed
247 5810 273 5864 et
286 5819 368 5873 nunc,
385 5807 498 5876 fratrea,
521 5807 735 5864 commendamus
747 5822 794 5866 cos
807 5822 895 5866 ennea
906 5813 959 5868 bc·
1010 5812 1063 5871 Sed
1080 5811 1163 5870 babeo
1184 5811 1314 5871 aduncus
1333 5816 1358 5869 te
1373 5826 1465 5885 pauca
1487 5808 1529 5881 [hi
1547 5804 1620 5863 ruit.
1636 5803 1720 5862 Rom.
1746 5802 1826 5866 deest
