3884 6150
131 244 182 308 us
375 221 378 227 “
626 248 670 307 un
689 250 843 308 urceus
862 251 1048 310 saturetur
1066 253 1165 311 arara
1183 254 1315 313 eamus.
1761 254 1809 319 ιιι

129 362 222 434 lisque
232 356 336 431 missis,
349 356 500 416 aeceditad
513 359 649 433 poculum
661 359 794 416 salutare.
808 361 876 425 Quae
889 364 947 416 tam
958 371 987 447 Α
998 361 1103 418 statuit.
1117 364 1176 418 lmo
1188 363 1284 422 fideles
1292 362 1357 437 ipsi,
1368 365 1482 424 tametsi
1491 383 1549 425 non
1561 363 1809 442 communicaturi,
1874 350 1882 364 ⁴

129 455 243 512 terrens
258 460 370 511 acetum
381 453 476 510 hausit
486 471 521 510 ex
539 453 636 522 calice,
647 458 680 509 ut
688 458 801 528 putaret
813 453 867 510 sibi
881 455 948 510 den·
996 455 1089 512 missae
1111 456 1244 514 interesse
1265 459 1405 515 debebant
1421 462 1525 534 jejuni.
1546 464 1636 527 Quam
1655 463 1691 519 ob
1704 479 1766 519 rem
1779 462 1809 519 in

130 555 170 606 tes
185 550 293 606 excuti.
310 571 324 598 ιι
341 551 381 605 En
397 549 560 604 communio
573 549 658 605 etiam
673 548 724 603 sub
740 549 829 605 altera
841 548 945 621 specie.
996 549 1090 605 libello
1110 551 1144 607 de
1163 551 1223 606 Vita
1242 553 1330 608 saneti
1346 555 1488 626 walarici,
1509 573 1570 628 cap.
1598 562 1641 624 15,
1666 557 1722 613 duo
1742 573 1808 629 ger·

129 643 183 700 Sed
198 643 267 699 satis
282 643 316 699 de
334 643 420 698 verbo
437 644 599 707 celebrandi,
621 643 697 715 quod
716 642 793 698 idem
806 642 948 715 signifieat
996 645 1083 715 mani,
1098 645 1148 717 qui
1165 645 1200 700 ad
1214 662 1281 701 eum
1302 646 1331 702 in
1350 648 1500 705 festivitate
1513 650 1588 705 beati
1600 649 1711 706 Martini
1723 651 1808 707 adre-

129 754 262 794 revocare
276 738 391 792 missam
405 754 454 795 seu
468 738 575 805 missas,
584 740 657 792 uter
669 736 750 792 dictis
762 736 944 809 intelligitur:
996 743 1106 808 nerant,
1120 738 1303 810 increpantur
1323 741 1358 795 ab
1377 741 1448 813 ipso,
1462 743 1538 815 quod
1553 762 1567 796 ιι
1581 750 1645 800 aute
1659 745 1810 800 missarum

127 832 216 904 idque
229 831 379 888 consumat
391 831 485 887 dredii
498 831 607 886 abbatis
626 830 774 886 Atanensis
793 833 945 886 testamen·
997 831 1132 886 solemnia
1155 832 1252 888 bibere
1273 836 1530 907 praesumpsissent.
1555 856 1568 888 u
1590 839 1704 895 Harant
1724 838 1810 894 etiam

119 925 203 995 ¹tum,
216 925 382 981 obtestantis
402 948 416 976 u
432 942 482 997 per
495 941 597 996 corpus
610 928 637 979 et
654 923 823 996 sanguinem
836 923 947 978 Domini
997 923 1055 998 61
1075 942 1151 981 nuuc
1164 927 1238 998 apud
1258 927 1370 998 plebem
1384 928 1502 1000 hujusce
1520 930 1664 1002 roligionis
1677 932 1809 1004 quaedam

127 1018 220 1074 nostri
238 1021 304 1074 Jesu
321 1018 424 1074 Christi
438 1040 451 1068 o
468 1023 496 1073 et
513 1017 614 1073 murita
629 1017 757 1072 omnium
771 1021 944 1088 sanctorum,
996 1018 1122 1090 vestigia.
1141 1021 1194 1084 Qui
1213 1019 1305 1091 potuit
1329 1025 1406 1076 tanta
1427 1022 1527 1094 religio
1550 1023 1661 1080 afficere
1687 1025 1809 1095 majores

127 1113 204 1167 utin
218 1112 341 1167 oratorio
354 1112 443 1167 sancti
460 1111 558 1166 llilarii
573 1111 673 1182 quinta
684 1111 764 1178 feria,
781 1111 860 1166 omni
873 1115 944 1167 tem·
996 1115 1105 1166 nostros
1134 1113 1163 1167 iu
1182 1113 1360 1186 suscipiendo
1379 1115 1562 1171 Eucharistiae
1581 1122 1768 1188 sacramento,
1785 1120 1809 1176 si

127 1222 210 1279 pore,
226 1227 239 1256 ιι
254 1204 393 1260 maturius
407 1204 546 1259 matutina
561 1208 588 1259 et
600 1203 685 1258 missa
698 1207 854 1259 revocetur.
870 1223 884 1255 ιι
996 1204 1086 1261 solam
1099 1207 1223 1278 corporis
1235 1207 1337 1264 Christi
1347 1207 1377 1263 in
1390 1225 1422 1264 eo
1436 1208 1570 1281 figuram,
1582 1211 1634 1266 hoc
1644 1215 1685 1267 est
1699 1214 1809 1272 nudum

99 1302 105 1319 “
163 1303 191 1355 5.
206 1298 540 1369 dlissasetiamspectara
554 1296 764 1353 dicunturlaici
778 1298 853 1368 apud
868 1314 946 1353 eum·
996 1315 1099 1372 panem
1111 1317 1143 1357 ac
1155 1317 1268 1357 merum
1281 1301 1389 1369 vinum,
1403 1301 1526 1359 residere
1538 1304 1740 1363 credidissent?

127 1395 196 1450 dem
225 1392 394 1463 Gregorium
417 1408 475 1446 non
502 1391 599 1458 semel,
624 1407 728 1462 nempe
760 1391 790 1446 in
816 1390 946 1447 Historiae
1314 1413 1422 1470 gpppq
1436 1416 1491 1470 qq·

125 1487 177 1544 lib·
201 1501 249 1540 l¹¹¹
271 1502 333 1556 ⁰³1)-
353 1490 369 1540 7
394 1488 422 1540 ei
441 1488 484 1555 3¹2
501 1488 563 1540 ium
580 1484 629 1538 lib·
644 1501 748 1555 110111)·
767 1487 809 1539 ¹0·
823 1488 853 1538 ei
864 1485 946 1540 ΠΜ
995 1506 1395 1563 Ministrorumiumissaoestea
1408 1514 1433 1564 et
1445 1513 1810 1580 apparatus3miuistera'um,

81 1592 86 1598 ·
126 1597 189 1654 cap.
206 1583 234 1648 8,
250 1580 286 1635 ad
298 1579 361 1634 lucc
372 1579 402 1633 in
417 1579 466 1634 lib.
480 1595 511 1632 ur
524 1579 559 1635 de
572 1577 711 1634 ldiraculis
730 1577 820 1632 sancti
834 1578 945 1634 Martini
1030 1576 1476 1648 idestsacrosupetlen,seuoosu
1492 1585 1608 1636 sacroet
1623 1589 1791 1641 ornamento.

126 1691 190 1746 cap.
220 1677 263 1729 111.
288 1674 347 1728 lmo
369 1672 456 1728 etiam
491 1672 520 1727 iu
546 1670 664 1726 concilio
693 1687 724 1725 ιιι
751 1672 945 1730 Aurelianensi
1032 1676 1056 1728 1.
1079 1673 1119 1728 sd
1140 1673 1214 1729 hanc
1231 1675 1324 1729 missae
1344 1676 1491 1732 Gallicanae
1509 1679 1708 1735 tractationem
1727 1682 1811 1753 perti·

126 1783 239 1823 canone
252 1769 286 1821 29
301 1765 479 1838 prohibetur,
493 1769 525 1821 ut
538 1781 570 1820 ue
582 1768 642 1836 quis
653 1767 789 1834 sacrificia
802 1769 944 1824 morarum
955 1747 983 1818 B
994 1770 1043 1821 net
1060 1783 1205 1822 sacrorum
1218 1767 1414 1825 ministrorum
1433 1770 1547 1825 habitus
1564 1772 1722 1845 cultusque,
1744 1780 1810 1834 anto

126 1877 186 1916 cum
199 1863 284 1915 ermis
300 1860 494 1930 pertinentibus
508 1859 546 1914 ud
560 1859 689 1913 bellorum
705 1874 783 1914 usum
794 1865 900 1930 spectet.
914 1862 942 1916 In
994 1861 1130 1914 saeeulum
1151 1877 1188 1915 vu
1208 1861 1338 1917 usitatus.
1362 1862 1393 1917 lli
1412 1865 1534 1919 vestibus
1550 1864 1620 1920 albis
1639 1865 1668 1920 in
1682 1884 1712 1922 re
1732 1885 1810 1925 sacra

126 1955 170 2010 bis
181 1954 317 2009 omnibus
330 1953 446 2026 aliisque
461 1952 628 2007 testimoniis
641 1954 765 2024 spectare
774 1953 869 2008 forsan
878 1970 943 2025 pro·
995 1952 1156 2020 utebantur,
1168 1957 1238 2008 teste
1250 1955 1385 2027 Gregorio
1395 1957 1429 2012 de
1442 1956 1536 2012 Gloria
1545 1958 1736 2014 confessorum
1746 1979 1808 2034 cap.

125 2048 187 2120 prie
209 2047 327 2119 respicit
349 2064 396 2102 eos
415 2046 464 2118 qui
483 2049 637 2117 praesentes
661 2046 788 2116 aderant,
813 2047 861 2102 sed
886 2064 942 2103 non
993 2049 1028 2100 20
1042 2061 1049 2100 :
1063 2065 1076 2097 ιι
1097 2047 1162 2101 Erat
1180 2050 1277 2104 autem
1290 2050 1470 2105 sacerdotum
1487 2066 1519 2106 ac
1533 2050 1682 2108 levitarum
1697 2054 1726 2110 in
1739 2055 1811 2111 albis

124 2141 457 2198 communicabantlt'on
470 2140 543 2193 mala
551 2139 617 2194 huic
628 2139 810 2210 explicationi
823 2141 945 2211 quadrat
995 2138 1115 2193 restibus
1133 2156 1190 2195 non
1213 2141 1350 2197 minimus
1371 2144 1483 2214 chorus,
1506 2164 1519 2197 ιι
1541 2163 1644 2220 nempe
1666 2148 1697 2203 in
1716 2152 1808 2205 traus-

123 2235 253 2307 Gregorii
272 2235 351 2288 locus
371 2233 401 2287 in
423 2233 472 2288 lib.
492 2249 509 2288 x
527 2250 590 2304 cap.
605 2235 631 2302 8,
650 2233 697 2288 ubi
713 2234 747 2288 de
763 2234 882 2289 Cautiuo
894 2237 944 2290 rtr-
992 2230 1095 2286 latione
1113 2232 1299 2304 reliquiarum
1318 2236 1354 2291 ad
1371 2237 1575 2295 dedicationem
1590 2241 1706 2297 oratorii
1720 2242 1810 2299 saneti

125 2343 280 2385 seruorum
296 2326 426 2399 episeopo
443 2326 600 2398 agens,qui
620 2326 761 2381 Eulalium
780 2327 944 2383 comitema
992 2323 1145 2380 Saturnini.
1170 2328 1199 2380 ln
1221 2328 1334 2383 concilii
1360 2331 1549 2388 Narbonensis
1574 2351 1682 2389 canone
1705 2339 1737 2392 12
1758 2336 1809 2392 de-

124 2421 328 2476 communione
338 2419 522 2491 suspenderat
535 2436 542 2474 :
557 2443 570 2469 a
581 2421 658 2475 Tune
672 2420 818 2492 episcopus
829 2420 941 2493 (iuquit,
993 2418 1128 2489 cernitur,
1155 2424 1186 2475 ut
1211 2423 1302 2477 trullus
1323 2425 1465 2494 presbyter·
1486 2431 1535 2480 ortt
1560 2428 1688 2485 diaconus
1711 2431 1811 2501 absque

125 2516 154 2570 id
168 2520 210 2570 est
223 2513 411 2568 infestiritate
425 2514 513 2568 sancti
525 2513 639 2582 tuliani)
655 2513 783 2585 permisit
796 2530 862 2568 eum
877 2530 943 2569 cum
992 2512 1087 2582 aliquo
1097 2515 1423 2583 esprmtratqdummtssa
1433 2522 1583 2589 perficitur,
1593 2523 1684 2592 egredi
1695 2524 1728 2578 de
1741 2525 1811 2580 alto·

124 2609 236 2664 caeteris
252 2608 404 2662 missarum
418 2612 543 2679 spectare
557 2607 703 2663 solemnia.
723 2609 826 2662 Verum
847 2607 894 2662 uhi
907 2610 943 2664 ad
992 2608 1042 2668 rto,
1057 2611 1105 2660 aut
1118 2623 1248 2664 eoeuuesc
1261 2610 1325 2664 alba
1338 2611 1447 2667 audeat.
1464 2614 1497 2668 Et
1511 2614 1586 2684 apud
1599 2616 1767 2686 Gregorium
1779 2617 1809 2672 iu

125 2703 358 2758 communionem
371 2706 488 2757 ventum
504 2700 555 2768 eit,
570 2705 598 2756 et
618 2700 741 2756 Errlalius
760 2701 795 2756 ad
809 2701 942 2757 altarium
960 2761 963 2768 ,
992 2698 1119 2754 Historiae
1133 2699 1181 2755 lib.
1198 2717 1225 2755 ιιι
1246 2718 1306 2773 cap.
1328 2705 1361 2757 38
1376 2703 1471 2775 agitur
1487 2705 1520 2760 de
1534 2706 1742 2777 archidiacono,
1759 2709 1809 2781 qui

123 2797 296 2866 arcessisset,
312 2820 327 2846 »
342 2795 477 2850 Cautinus
499 2811 565 2848 eum
579 2794 667 2850 voluit
683 2795 843 2866 prohibere.
858 2796 942 2852 Aliud
994 2811 1008 2843 ι(
1023 2791 1139 2847 indutus
1153 2792 1224 2864 alba,
1241 2794 1414 2866 episcopum,
1429 2801 1461 2851 ut
1479 2815 1540 2852 mos
1560 2804 1611 2870 ast,
1625 2799 1760 2857 invitabat
1772 2802 1808 2857 ad

125 2907 193 2963 ergo
211 2895 276 2947 erat
295 2895 421 2962 spectare
439 2889 591 2944 missarum
613 2888 759 2959 solemnia,
776 2889 855 2946 aliud
877 2889 940 2963 60
991 2884 1087 2941 altare.
1105 2908 1119 2935 ιι
1137 2886 1242 2958 Nempe
1255 2904 1316 2943 mos
1328 2892 1397 2959 erat,
1410 2894 1441 2944 ut
1455 2906 1519 2946 cnm
1533 2892 1680 2965 episcopus
1693 2894 1808 2950 missam

122 2984 347 3053 communicare,
356 2983 469 3055 quando
483 2982 618 3038 Cautinus
633 2999 690 3037 uno
703 2982 849 3055 permisso,
865 2983 942 3038 aliud
991 2978 1182 3035 celebraturus
1196 2981 1225 3035 in
1238 2981 1385 3036 ecclesiam
1395 2985 1625 3057 progrederetur,
1640 3009 1653 3036 «
1670 2988 1809 3043 archidia-

123 3096 182 3134 non
196 3078 318 3135 ferebat.
333 3077 486 3133 llittoalias
496 3077 631 3148 loquendi
642 3077 778 3132 formulas
791 3077 867 3149 apud
877 3078 942 3132 Gru·
992 3088 1078 3127 conus
1100 3090 1165 3128 cum
1184 3074 1259 3129 clero
1280 3074 1309 3129 in
1329 3076 1398 3131 albis
1410 3077 1535 3134 venienti
1553 3079 1732 3149 (occurreret)
1753 3080 1809 3135 dia·

125 3173 249 3246 gorium,
265 3178 294 3226 et
312 3171 342 3225 in
354 3169 479 3226 conciliis
499 3170 646 3225 Gallicanis
659 3170 785 3241 usitatas,
800 3176 832 3225 ut
844 3170 942 3226 missas
992 3165 1108 3221 coruus
1117 3167 1261 3223 thuribula
1274 3169 1448 3241 gerentibus,
1461 3193 1475 3219 »
1491 3174 1522 3225 ut
1534 3170 1640 3243 legitur
1652 3173 1730 3245 apud
1739 3176 1809 3229 Pau·

123 3271 222 3322 tenere
241 3265 330 3337 (quud
349 3265 433 3321 etiarn
455 3264 490 3321 da
512 3263 590 3319 laicis
606 3263 710 3320 dicitur
726 3281 742 3317 a
760 3264 893 3336 Gregorio
912 3265 942 3319 in
991 3259 1051 3312 lum
1072 3260 1275 3317 Emeriteusem
1297 3261 1326 3317 iu
1346 3279 1410 3334 cap.
1427 3267 1452 3318 6.
1469 3263 1573 3319 Confer
1585 3265 1700 3336 Sulpicii
1713 3266 1807 3323 Severi

124 3359 176 3415 ΙίΙι.
192 3375 219 3412 vr
233 3375 295 3429 cap.
311 3358 365 3428 ts),
382 3364 410 3413 et
423 3358 477 3412 alia
490 3357 517 3412 id
534 3373 634 3430 genus,
648 3361 681 3412 ut
693 3357 728 3412 ad
741 3357 835 3413 missu
850 3358 943 3430 dispo·
992 3351 1135 3424 dialogum
1159 3357 1175 3408 2
1199 3354 1234 3410 de
1258 3360 1354 3410 sancto
1375 3357 1504 3426 bladino,
1526 3374 1588 3426 cap.
1614 3361 1638 3411 Ι.
1660 3359 1717 3412 llac
1731 3364 1808 3414 reste

125 3453 242 3508 sitiones
255 3451 431 3524 progrediar.
991 3444 1054 3498 alba
1074 3462 1131 3500 nou
1145 3448 1297 3503 utebantur
1310 3452 1390 3504 entra
1410 3465 1471 3504 rem
1489 3465 1608 3519 sacram,
1622 3433 1701 3506 secus
1722 3455 1807 3523 atque

159 3551 186 3603 8.
206 3547 312 3602 Contra
334 3561 380 3600 eos
398 3544 447 3616 qni
464 3545 571 3616 polluto
593 3544 688 3600 animo
712 3561 791 3601 sacra
808 3549 939 3617 traetmt,
990 3538 1160 3609 patriarchae
1181 3539 1311 3610 Orientis,
1332 3558 1454 3613 quorum
1479 3541 1525 3596 hic
1544 3542 1677 3614 proprius
1695 3544 1808 3601 habitus

123 3640 242 3714 insignis
254 3644 297 3696 est
309 3638 436 3711 Gregorii
450 3639 528 3693 locus
542 3638 571 3692 in
585 3638 634 3694 lib.
650 3639 704 3693 1de
716 3638 940 3694 Miraculismar-
991 3635 1060 3701 erat,
1077 3649 1110 3686 ex
1131 3632 1193 3686 Vita
1213 3634 1349 3689 Euthimii
1369 3635 1445 3706 apud
1464 3635 1686 3692 eruditissimum
1699 3638 1806 3694 Cotele-

123 3741 220 3808 tyrum
237 3750 300 3805 cap.
316 3735 349 3788 86
371 3749 377 3787 :
402 3754 415 3781 u
431 3733 569 3787 bellemus
589 3731 694 3786 seelera
709 3736 804 3787 nostra
816 3737 845 3788 et
859 3733 940 3804 plun-
991 3725 1076 3792 rium,
1100 3743 1180 3781 num.
1204 3731 1247 3782 or.
1270 3727 1367 3782 Albam
1387 3744 1437 3783 seu
1456 3728 1561 3782 lineam
1581 3733 1687 3784 restam
1713 3730 1807 3803 potius

125 3831 229 3901 purus,
244 3844 311 3883 cum
325 3843 375 3881 nos
387 3826 509 3881 mundos
519 3841 578 3880 esse
592 3825 733 3880 nescimus
741 3842 749 3894 ;
762 3829 789 3880 et
799 3825 834 3880 ad
848 3825 941 3897 ipsum
991 3835 1077 3890 quam
1097 3818 1160 3892 62
1181 3819 1305 3874 casulam
1322 3821 1425 3877 tunicae
1444 3821 1559 3877 nomine
1573 3821 1722 3895 designare
1736 3824 1806 3881 mihi

124 3924 212 3979 altare
224 3920 336 3977 llemini
353 3919 526 3989 accedentes,
542 3918 680 3974 audenter
697 3924 825 3974 sanctum
840 3936 941 3992 corpus
990 3912 1101 3967 ridetur
1115 3914 1310 3985 Hieronymus,
1325 3915 1370 3968 oui
1382 3915 1555 3988 Nepotianus
1567 3917 1715 3990 presbyter
1726 3923 1808 3974 testa·
1878 3926 1883 3937 ‘

125 4018 183 4089 ,jus
193 4020 222 4073 et
231 4014 412 4087 sanguinem,
424 4030 489 4068 cum
504 4012 592 4068 simus
602 4017 666 4068 actu
677 4012 787 4084 polluti,
799 4013 891 4085 potius
905 4014 941 4068 ad
990 4008 1087 4059 ruente
1100 4006 1213 4079 reliquit
1227 4027 1240 4059 ιι
1251 4007 1386 4076 tunicam,
1398 4025 1453 4081 qua
1465 4009 1598 4065 utebatur
1608 4010 1637 4064 in
1649 4010 1807 4069 ministerio

122 4110 262 4183 judicium
275 4108 424 4177 sumimus,
433 4124 519 4179 quam
532 4106 685 4162 utveniam
699 4122 939 4178 consequamur.»
990 4099 1104 4171 Christi,
1122 4122 1135 4148 ιι
1149 4116 1182 4155 ae
1193 4100 1313 4172 proinde
1331 4119 1389 4156 non
1403 4107 1484 4158 extra
1498 4103 1592 4174 ipsum
1604 4104 1804 4161 ministerium.

127 4203 262 4277 incapite
277 4201 406 4275 sequenti
420 4200 505 4256 deflet
522 4200 668 4256 audaciam
684 4200 830 4271 qu'usdam
848 4217 939 4255 sacer·
990 4197 1050 4262 Quo
1062 4199 1169 4267 spectat
1180 4195 1371 4275 Chrysostomi
1382 4196 1459 4252 locus
1471 4214 1506 4252 cx
1520 4196 1635 4252 homilia
1649 4200 1682 4253 83
1698 4196 1727 4251 in
1741 4199 1807 4252 Mat·

129 4298 211 4366 iotis,
234 4296 284 4369 qui
313 4312 370 4351 non
399 4294 538 4349 dubitarit
562 4294 648 4349 miser
673 4293 737 4349 rino
769 4293 941 4349 madefactus
990 4291 1108 4358 thaeum,
1125 4288 1172 4342 ubi
1187 4287 1311 4343 ministri
1326 4293 1455 4361 tempore
1475 4306 1620 4345 sacrorum
1642 4311 1656 4338 ιι
1676 4289 1801 4346 tunicam

130 4397 259 4463 appetere
271 4391 347 4463 quod
355 4389 470 4460 jejunus
483 4389 603 4459 quisque
616 4405 673 4443 non
689 4387 749 4442 sine
760 4392 838 4442 metu
849 4391 941 4458 potest
990 4381 1235 4451 candidissimam,
1257 4389 1341 4438 λευκὸν
1360 4389 1502 4453 χιτωνίσκον
1522 4404 1535 4432 ιι
1558 4387 1682 4456 gestasse
1709 4383 1806 4455 perhi-

130 4489 248 4542 terrcnte
268 4483 440 4540 conscientia
453 4482 603 4554 explicare,
620 4501 634 4533 a
650 4481 679 4536 id
691 4480 793 4553 estqui
805 4497 862 4536 non
869 4480 979 4552 jeju-1)
990 4477 1103 4532 bantur.
1120 4476 1157 4529 lle
1176 4474 1282 4529 amictu
1303 4473 1399 4546 (quem
1420 4476 1562 4548 vocamus)
1585 4493 1649 4532 rara
1663 4476 1696 4548 (si
1709 4482 1804 4533 tamen

130 4594 176 4633 uus
196 4578 314 4634 missam
332 4577 473 4634 celebrare
492 4592 577 4631 ausus
600 4578 650 4631 est.
673 4575 733 4638 Quo
754 4591 789 4630 ex
811 4578 940 4646 tempora
990 4570 1055 4641 ulla)
1070 4568 1176 4624 mentio
1186 4568 1262 4640 apud
1273 4570 1402 4623 auctores
1415 4572 1525 4623 nostros
1537 4573 1602 4624 ante
1612 4566 1704 4626 Caroli
1712 4571 1804 4643 lttagni

130 4671 253 4743 jejunum
264 4688 323 4728 esse
342 4673 485 4743 oporteret
498 4669 672 4727 sacerdotem
686 4668 734 4740 qui
748 4668 940 4724 celebraturus
990 4668 1112 4719 aetatem.
1124 4663 1264 4717 Caeterum
1279 4661 1364 4717 nullis
1373 4665 1447 4717 tecto
1457 4667 1507 4719 aut
1518 4664 1608 4719 velato
1623 4664 1713 4736 capite
1726 4681 1806 4720 sacra

133 4770 203 4836 sset,
229 4765 324 4820 innuit
344 4765 445 4819 eodem
462 4763 492 4817 in
510 4763 571 4816 loco
595 4761 764 4833 Gregorius,
785 4761 835 4815 uhi
854 4761 940 4832 hujus
988 4771 1124 4829 peragere
1143 4755 1254 4825 licebat,
1274 4759 1390 4827 propter
1406 4756 1532 4829 Apostoli
1549 4758 1726 4826 mandatnm,
1749 4774 1805 4830 quo

133 4856 275 4913 sacerdotis
298 4857 411 4929 culpam
430 4856 460 4911 iu
482 4855 542 4926 ipso
561 4853 650 4909 Natali
668 4853 779 4908 Domini
797 4857 941 4925 perpetra·
989 4850 1056 4906 viris
1067 4849 1221 4905 universim
1236 4850 1313 4906 nudo
1326 4849 1415 4922 eapite
1430 4850 1460 4905 in
1473 4852 1589 4908 ecclesia
1609 4868 1689 4908 orare
1703 4851 1804 4924 praeci-

133 4953 380 5024 hmetaggerans,
403 4949 476 5003 uita
489 4954 521 5004 ut
534 4949 711 5003 affirmarent
723 4946 817 5017 multi,
837 4946 938 5019 iuquit,
990 4945 1076 5017 pitur,
1089 4948 1117 4999 et
1126 4960 1162 4999 ne
1172 4943 1276 4999 Christi
1287 4943 1444 5000 sacerdotes
1453 4945 1614 5001 riderentur
1626 4944 1729 5000 imitari
1744 4962 1806 5017 pro·
1892 4945 1898 4958 ⁶

133 5058 186 5098 eum
199 5048 265 5116 post
277 5043 344 5115 galli
364 5047 481 5097 cantum
502 5042 533 5096 in
555 5041 613 5113 ipsa
631 5045 712 5096 nocte
725 5039 826 5095 vidisse
838 5039 938 5094 biben-
990 5039 1078 5109 lanes,
1092 5038 1167 5110 apud
1179 5054 1249 5110 qnos
1263 5059 1277 5089 a
1291 5037 1511 5093 sacrificantium
1525 5039 1636 5111 captiva
1650 5039 1743 5111 capita
1756 5057 1805 5096 re-

134 5141 189 5192 tern.
205 5135 358 5208 »Denique
373 5137 468 5191 Patres
477 5135 586 5190 concilii
600 5151 619 5189 u
633 5132 819 5203 Bracarensis,
834 5149 940 5188 canone
989 5133 1133 5200 labantur,
1160 5153 1174 5180 u
1190 5136 1222 5187 ut
1246 5131 1373 5204 loquitur
1400 5132 1557 5204 Cyprianus
1577 5133 1656 5188 initio
1681 5133 1745 5190 libri
1771 5134 1807 5191 de

81 5262 84 5313 Ξ
134 5234 167 5297 u,
177 5232 315 5287 damnant
324 5230 461 5302 quosdam
474 5229 661 5301 presbyteros,
675 5227 724 5299 qui
738 5231 767 5282 ιίι
778 5230 860 5282 misse
872 5243 940 5282 uror·
989 5226 1093 5298 lapsis.
1113 5226 1193 5288 Certe
1214 5225 1243 5281 id
1261 5225 1346 5280 sacris
1367 5224 1504 5280 ministris
1522 5226 1691 5298 prohibetur
1713 5228 1742 5282 in
1764 5246 1807 5300 sy·

131 5329 237 5387 uorum,
249 5329 312 5396 post
332 5330 471 5398 accepturu
493 5338 604 5386 murm,
624 5322 784 5377 oblationem
805 5322 866 5377 ausi
878 5325 940 5376 suut
989 5321 1062 5376 uodo
1080 5320 1209 5375 Romana
1226 5318 1277 5373 sub
1293 5318 1425 5373 Zacharia
1439 5319 1581 5390 pontifice,
1598 5337 1660 5393 cap.
1676 5324 1718 5377 18.
1733 5322 1807 5394 hege

130 5433 286 5474 memore.
607 5448 611 5460 ·
989 5410 1358 5468 eruditiCoteleriinotasin
1371 5412 1807 5486 Constitutionesapostolorum,
1877 5440 1883 5454 ·

158 5517 182 5570 Ι.
197 5513 262 5568 Non
274 5511 377 5567 licebat
395 5511 479 5566 etiam
494 5509 611 5565 diacono
623 5513 672 5564 aut
691 5507 861 5563 subdiacono
877 5512 939 5578 post
989 5507 1043 5561 col.
1061 5509 1117 5561 155.
1134 5505 1248 5577 Excipio
1257 5507 1404 5576 Armenos,
1416 5506 1466 5578 qui
1479 5510 1553 5564 tecto
1567 5507 1657 5580 capito
1670 5524 1749 5562 sacra
1762 5524 1805 5561 ce-

127 5612 259 5680 rereptum
274 5605 365 5660 dium
381 5605 423 5660 uel
441 5604 569 5675 poculum
586 5606 680 5659 missus
700 5606 828 5664 tractare,
846 5605 894 5657 aut
910 5604 939 5656 iu
989 5600 1110 5668 lebraut,
1129 5603 1251 5655 testante
1272 5599 1391 5654 Baronio
1405 5601 1441 5656 ad
1454 5617 1562 5656 anuum
1578 5604 1641 5657 863.
1655 5601 1693 5654 De
1713 5599 1806 5655 orario

126 5703 230 5757 eclesia
250 5699 316 5757 dam
337 5701 424 5757 missa
442 5699 600 5753 dicebantur
618 5703 704 5761 stare,
724 5713 760 5751 ex
778 5710 885 5750 canone
906 5698 938 5750 19
989 5693 1167 5748 sacerdotum
1187 5694 1216 5749 in
1236 5694 1352 5750 modum
1377 5693 1467 5750 crucis
1486 5699 1552 5750 aute
1577 5696 1675 5766 pectus
1695 5708 1809 5770 compo

127 5794 231 5852 couciffi
259 5792 522 5863 intimiodoreusis,
541 5792 589 5866 qui
616 5792 649 5847 de
672 5790 835 5863 presbytero
863 5789 938 5846 ideur
989 5787 1082 5846 neudo
1101 5791 1191 5846 exstat
1205 5787 1350 5846 decretum
1370 5787 1481 5844 concilii
1500 5803 1529 5842 ιιι
1549 5782 1735 5859 Bracareusis,
1760 5803 1807 5846 ca-
