3884 6150
123 245 186 306 litt
721 234 912 294 nuscanum
930 232 1028 293 11111118
1047 232 1202 292 euterun.
1735 235 1803 290 1121

123 350 296 406 munitatem
310 351 488 404 meruerunt.
501 346 685 418 Quaecunque
693 347 819 402 ecclesia
828 347 870 401 vel
884 346 937 400 cle
948 343 1157 432 Arepetitione
1179 345 1344 413 consurgat,
1366 341 1548 413 possessione
1575 342 1604 396 in
1634 342 1803 412 possessoris

122 444 196 512 ricis,
209 445 259 498 aut
274 440 595 514 quibuslibetpersonis,
607 456 624 496 a
637 441 771 512 gloriosae
787 439 938 495 memoriae
984 438 1049 509 jure
1066 438 1127 492 sine
1144 436 1230 492 dubio
1245 440 1446 508 permanente.
1466 435 1618 491 Provideat
1640 452 1709 506 crgo
1730 439 1803 490 stre·

122 538 249 612 pretatis
267 536 444 608 principibus
469 534 674 590 munificentias
689 534 823 606 largitate
837 533 940 588 collata
988 531 1084 586 nuitas
1099 530 1299 586 universorum
1304 530 1446 600 judicum,
1458 533 1490 584 ut
1499 529 1722 601 preceptionem
1730 530 1805 584 hane

122 636 198 698 sunt,
219 630 300 686 omni
316 629 452 684 firmitate
465 627 633 700 perdurent.
650 626 793 698 Quidquid
809 625 938 694 ecclesia,
989 625 1041 679 sub
1064 624 1143 680 omni
1168 623 1369 680 observatione
1385 622 1562 689 custodiaut;
1578 622 1804 695 necquidquam

124 724 229 791 clerici,
245 724 288 777 vel
307 722 497 795 provinciales
511 721 611 788 nostri,
628 720 825 776 intercedente
841 723 940 774 tamen
990 718 1077 772 alium
1095 734 1181 789 agere
1201 722 1252 772 aut
1263 716 1403 789 judicare,
1426 732 1514 789 quam
1529 718 1560 772 ut
1574 717 1635 771 haec
1649 717 1804 788 praeceptio

120 819 198 890 justo
218 816 403 889 possessionis
422 815 515 883 initio,
530 832 583 887 por
601 813 721 886 triginta
734 830 825 868 aniios
840 813 940 868 incon·
990 811 1149 866 secundum
1164 811 1262 882 legum
1275 811 1473 867 Romanarum
1488 810 1592 866 seriem
1607 811 1745 878 continet,
1761 810 1806 864 vel

123 927 205 965 cusso
218 909 283 979 jure
296 908 457 981 possedisse
474 906 645 980 probantur,
660 907 689 961 in
709 922 810 961 eorum
831 905 941 960 ditione
991 921 1073 959 serus
1087 903 1281 975 quarumdam
1297 905 1427 974 gentium
1438 903 1516 974 justa
1532 902 1644 975 antiqui
1652 903 1726 974 juris
1736 919 1804 958 con·

124 1020 170 1058 res
184 1019 314 1074 possessa
326 1005 513 1074 permaneam
524 1018 578 1056 nec
589 1000 664 1056 actio
679 1000 768 1055 tantis
781 997 832 1054 aevi
843 997 942 1070 spatiis
992 996 1139 1053 stitutione
1150 997 1217 1053 olim
1230 997 1330 1053 vixisse
1344 997 1531 1070 dignoscitur,
1547 997 1598 1052 sub
1612 996 1708 1068 alique
1718 1000 1807 1052 terne-

126 1098 236 1168 sepulta
251 1096 369 1151 ulterius
386 1100 487 1151 contra
506 1096 606 1166 legum
630 1094 761 1149 ordinem
783 1092 834 1148 sub
848 1092 943 1163 aliqua
991 1091 1075 1146 ritate
1089 1093 1275 1162 praesumant.

466 1317 1472 1727 curuub'b'unvus

731 1756 842 1828 REX
867 1754 1207 1829 reducuntur.

616 1950 894 2029 cariosorum,
918 1948 1163 2016 aasumensi
1190 1948 1318 2024 neeis,

772 2068 1165 2167 CONSTITUTIO.

210 2220 250 2264 DE
270 2220 442 2267 anonumum
471 2221 624 2275 arnonus
648 2218 879 2275 monetarum,
903 2218 942 2262 BT
962 2219 1002 2263 DE
1025 2217 1188 2263 SACRORUM
1215 2215 1331 2262 omnum
1356 2215 1607 2265 resumimus
1632 2220 1728 2266 casm

858 2298 1079 2345 cumanorum.

721 2380 772 2442 (Ex
789 2379 901 2432 Labbaei
918 2379 1073 2445 appendice
1091 2379 1159 2430 tomi
1176 2377 1221 2440 V.)

893 2477 1035 2487 ——n-a-

131 2544 254 2615 Epistola
264 2546 462 2630 clementissimi
475 2553 500 2603 et
516 2548 587 2603 beuti
598 2550 670 2618 regis
682 2551 767 2604 nostri
782 2547 983 2630 childebertiss
996 2545 1032 2600 de
1048 2544 1212 2617 Evangelio,
1225 2543 1385 2615 prophetis,
1396 2544 1441 2598 vel
1452 2544 1588 2614 Apostolo
1601 2544 1688 2600 luerit
1700 2561 1812 2602 annun-

171 2615 298 2687 daistilel'
310 2618 432 2673 90013111
446 2619 624 2682 11108111θῖ111»
637 2621 680 2674 vel
693 2621 766 2674 017111
785 2619 894 2690 impilm·
994 2638 1108 2706 tiatum,
1131 2639 1161 2693 in
1181 2641 1322 2709 quantum
1342 2639 1415 2692 Deus
1435 2636 1485 2691 dat
1496 2636 1685 2708 intellectum,
1702 2640 1739 2694 ad
1758 2657 1810 2696 nos

166 2731 314 2787 Credimus
331 2733 395 2804 hoc,
412 2734 469 2790 Deo
483 2734 618 2806 propitio,
634 2738 663 2788 et
677 2735 714 2789 ad
727 2738 857 2790 nostram
869 2749 944 2788 mer·
996 2731 1178 2804 querimonia
1187 2731 1327 2803 processit
1337 2730 1428 2785 multa
1436 2729 1575 2801 sacrilega
1584 2730 1614 2787 in
1626 2733 1810 2804 populofleri,

133 2823 244 2892 cedem,
264 2829 293 2879 et
312 2825 349 2880 ad
366 2827 488 2881 salutem
504 2827 603 2898 populi
616 2827 773 2898 pertinere,
788 2828 812 2881 si
825 2827 946 2898 populus
985 2814 1073 2880 ‘unde
1089 2827 1162 2881 Deus
1177 2824 1308 2895 laedatur,
1321 2830 1349 2880 et
1361 2825 1482 2895 populus
1493 2840 1545 2895 per
1558 2829 1707 2895 peccatum
1722 2827 1810 2882 decli·

132 2916 307 2973 Christianus
320 2919 419 2974 relicta
433 2919 573 2975 idolorum
590 2922 710 2989 cultura,
731 2923 799 2987 Deo,
813 2921 859 2975 cui
873 2919 947 2975 inte·
997 2918 1101 2973 netad
1122 2921 1263 2984 mortem;
1284 2920 1383 2972 noctes
1402 2916 1554 2988 pervigiles
1575 2933 1640 2972 cnm
1662 2919 1811 2989 ebrietate,

133 3026 216 3081 gram
232 3012 417 3081 promisimus
435 3013 535 3081 tidem,
549 3014 578 3069 in
592 3018 733 3085 quantum
749 3014 890 3085 inspirare
903 3012 945 3067 di·
997 3011 1177 3078 scurrilitate,
1191 3012 1236 3066 vel
1244 3010 1371 3077 canticis,
1384 3009 1470 3064 etiam
1482 3009 1512 3063 in
1523 3009 1589 3081 ipsis
1600 3011 1688 3066 sacris
1700 3012 1812 3085 diebus,

134 3108 238 3174 gnatus
247 3105 342 3175 tuerit,
353 3123 424 3178 pure
436 3106 579 3162 deservire
593 3107 760 3163 debeamus.
776 3109 810 3162 Et
823 3105 890 3178 quia
900 3123 948 3161 ne·
997 3104 1115 3172 Pascha,
1130 3104 1229 3158 Natale
1238 3103 1362 3170 Domini,
1374 3106 1402 3157 et
1412 3102 1529 3175 reliquis
1544 3103 1754 3175 festivitatibus,
1770 3108 1813 3162 vel

134 3212 211 3251 cesse
227 3202 271 3251 est
281 3202 313 3253 ut
323 3199 402 3270 plebs
413 3217 477 3272 quae
490 3200 644 3257 sacerdotis
653 3205 830 3274 praeccptum
838 3216 899 3255 non
907 3199 948 3255 ita
998 3198 1169 3252 adveniente
1185 3196 1231 3252 die
1243 3196 1391 3252 Dominico
1401 3197 1579 3252 dansatrices
1588 3195 1601 3224 ⁸
1610 3197 1815 3269 pervillasam·

135 3294 166 3344 ut
181 3293 295 3361 oportet
303 3291 427 3346 custodit
438 3297 536 3348 nostro
549 3294 635 3348 etiam
647 3294 807 3364 corrigatur
815 3292 947 3364 imperio,
998 3290 1108 3345 bulare.
1131 3291 1195 3344 Hac
1220 3289 1330 3355 omnia,
1356 3287 1433 3342 unde
1457 3290 1530 3343 Deus
1552 3290 1718 3360 agnoscitur
1736 3291 1812 3361 tredi,

135 3383 209 3437 hanc
224 3383 354 3438 chartam
369 3385 544 3455 generaliter
558 3401 611 3456 per
625 3385 724 3441 omnia
745 3387 807 3440 loca
822 3383 948 3439 decrevi·
999 3383 1162 3436 nullatenus
1176 3381 1239 3435 sieri
1254 3381 1458 3452 permittimus.
1472 3381 1637 3452 Quicunque
1652 3386 1718 3454 post
1733 3399 1813 3440 corn·

135 3475 949 3551 mnsmittendam,precipientesutquicunqueadmoniti
999 3475 1192 3530 monitionem
1211 3473 1403 3543 sacerdotum,
1426 3474 1472 3529 vel
1486 3478 1616 3530 nostrum
1627 3481 1814 3550 praeceptum,

136 3571 172 3626 de
194 3588 274 3644 agro,
298 3573 460 3645 ubicunque
474 3573 584 3629 tuerint
602 3574 755 3630 simulacre
775 3575 947 3641 constructa,
1000 3568 1151 3640 sacrilegia
1171 3567 1226 3622 ista
1245 3570 1413 3639 perpetrare
1430 3569 1652 3639 presumpserit,
1669 3569 1692 3626 si
1707 3569 1816 3627 servilis

136 3667 179 3720 vel
200 3665 277 3721 idola
295 3666 474 3722 damonibus
492 3667 623 3723 dedicata
635 3668 671 3723 ab
683 3667 858 3735 hominibus,
874 3667 949 3721 facto
999 3664 1187 3734 personaest,
1201 3665 1317 3716 centum
1335 3661 1407 3716 ictus
1425 3661 1608 3734 flagellorum
1628 3666 1660 3718 ut
1682 3664 1818 3737 suscipiat

137 3775 195 3814 non
213 3759 310 3814 statim
332 3760 499 3831 abJ'ecerint,
521 3762 566 3816 vel
595 3760 787 3817 sacerdotibus
813 3760 875 3815 haec
898 3759 948 3814 de·
996 3755 1131 3826 jubemus
1139 3772 1147 3825 ;
1164 3754 1187 3809 si
1201 3770 1267 3810 vero
1281 3754 1433 3825 ingenuus,
1448 3758 1498 3810 aut
1512 3756 1681 3811 honoratior
1693 3758 1816 3814 fortasse

138 3853 312 3908 struentibus
325 3854 536 3926 prohibuerint,
559 3855 633 3909 datis
654 3854 871 3925 fidejussoribus
892 3870 950 3908 nou
999 3853 1180 3922 personaest,
1194 3847 1816 3921 districtainclusiunedigna.Sunthiautem

137 3946 221 4001 aliter
234 3946 393 4016 discedant,
410 3946 464 4002 nisi
478 3947 509 4002 in
531 3947 636 4003 nostris
654 3948 801 4003 obtutibus
823 3922 1030 4019 praesen-Cin
1062 3941 1260 4014 poenitentiam
1284 3940 1446 4012 redigendi,
1471 3945 1502 3997 ut
1522 3943 1571 4015 qui
1592 3944 1719 4001 salubria
1746 3951 1775 4003 et
1800 3965 1818 4003 a

137 4042 244 4095 tentur.
261 4040 391 4105 Qualiter
400 4040 429 4096 in
440 4041 595 4113 sacrilegos
608 4042 658 4097 Dei
667 4040 772 4112 injuria
780 4040 951 4108 vindicetur,
1003 4038 1105 4093 mortis
1122 4034 1247 4108 periculo
1270 4036 1434 4091 revocantia
1458 4036 1558 4092 audire
1582 4040 1669 4094 verba
1688 4044 1816 4096 contem·

138 4137 269 4189 nostrum
281 4139 324 4189 est
336 4135 579 4207 pertractandum.
595 4135 705 4208 thuia
719 4134 790 4190 fides
803 4138 911 4202 nostra,
922 4137 954 4190 ul
1002 4135 1085 4199 nunt,
1110 4130 1251 4185 cruciatus
1271 4131 1373 4185 saltem
1392 4131 1521 4202 corporis
1540 4147 1589 4185 eos
1603 4131 1640 4186 ad
1653 4131 1817 4190 desideren-

138 4226 257 4281 verbum
269 4227 304 4283 de
315 4228 416 4284 altario
429 4245 445 4283 a
456 4228 604 4285 secerdote
614 4228 749 4296 faciente,
761 4228 954 4301 quodcunque
1004 4227 1073 4282 dam
1088 4225 1194 4279 mentis
1207 4223 1302 4277 valeat
1313 4222 1451 4277 reducere
1466 4223 1630 4280 sanitatem.

174 4344 187 4373 ⁸
202 4346 389 4416 bansatrices,
405 4349 460 4404 hoc
474 4353 517 4405 cst
529 4349 694 4416 saltatrices,
711 4348 797 4403 verbo
812 4347 861 4403 illo
875 4347 979 4403 soeculo
995 4351 1025 4400 et
1038 4342 1125 4399 bodie
1141 4341 1172 4396 in
1186 4340 1276 4396 Gallia
1287 4338 1403 4407 usitato,
1420 4339 1515 4411 inquit
1526 4341 1696 4398 llolstenius.

139 4444 1816 4504 ω

888 4583 1082 4707 vm.

569 4763 1399 4991 ascolitanus,

704 5025 815 5098 REX
840 5019 1263 5097 vlslflouflonunr.

244 5339 494 5435 EDICTUM
528 5341 605 5434 DE
640 5215 1390 5435 (10111111111111111111611101101111
1426 5329 1726 5427 TOLE'lANl.

179 5549 402 5606 Gloriosissimus
422 5554 452 5605 et
465 5550 609 5622 piissimus
625 5551 759 5608 dominus
772 5553 871 5607 noster
885 5549 998 5634 lieo-D
1044 5541 1248 5602 Universorum
1259 5542 1311 5599 sub
1326 5543 1410 5616 regni
1418 5542 1510 5599 nostri
1519 5544 1660 5614 potestate
1668 5539 1826 5602 consisten-

144 5642 263 5698 euredus
273 5659 330 5699 rex.
373 5647 383 5663 ⁹
1010 5640 1082 5697 tium
1104 5641 1251 5695 amatores
1272 5653 1325 5694 nos
1342 5654 1408 5695 suos
1430 5632 1550 5692 divina·
1574 5635 1683 5691 iaciens
1708 5639 1824 5713 veritas,

181 5758 193 5790 ¹
207 5760 305 5834 ilerd,
319 5777 352 5819 er
366 5757 413 5820 tls.
431 5778 438 5820 t
457 5760 592 5823 volemis
604 5762 654 5823 sut
667 5763 797 5840 sepimine
808 5767 907 5821 nosue
918 5763 1062 5838 potestatis
1074 5757 1287 5819 ωπείασηίίὸω.
1301 5757 1446 5816 Amatores
1458 5767 1506 5812 uos
1516 5753 1562 5813 sut
1572 5753 1678 5824 uuna,
1688 5759 1744 5821 etc.
