3884 6150
499 447 1020 600 EXPOSITIO
1084 452 1436 604 BREVIS

182 689 624 843 ANTIQUAE
678 689 1140 816 LITURGIAE
1193 694 1754 823 GALLIGANAE

536 893 593 975 in
634 893 777 978 nubs
818 897 1395 1003 EP1sTOLAsDIGESTA.

750 1056 1200 1096 ψ

659 1179 997 1286 EPISTOLA
1038 1180 1278 1299 PRIMA,

160 1351 311 1406 QUOMODO
333 1354 486 1402 soaaunts
507 1355 590 1405 ORDO
611 1358 763 1404 anabasim
783 1352 910 1413 Amnon,
935 1357 1087 1412 Qffluusvu
1109 1355 1381 1403 lnsrnucnonluus
1401 1356 1502 1402 CANON
1524 1356 1772 1405 uccaususncus

872 1438 1064 1484 DECORATUR.

158 1632 318 1689 Germanus
330 1635 477 1709 episcopus
498 1638 619 1694 Parisius
639 1639 750 1711 scripsit
771 1638 805 1694 de
830 1637 914 1692 missa
931 1655 938 1693 ε
951 1635 1093 1722 Ᾱοὴοίοῐί
1107 1635 1231 1691 Hebraeis
1243 1637 1343 1693 litteris
1355 1636 1452 1693 edidit.
1466 1637 1579 1693 Servate
1588 1653 1657 1709 ergo
1669 1636 1807 1695 honorem

126 1725 261 1780 -Prima
275 1727 363 1799 igitur
371 1746 403 1784 ae
412 1747 523 1786 summa
530 1732 659 1787 omnium
665 1733 846 1788 carismatum
855 1733 940 1788 missa
989 1729 1106 1801 lingum,
1121 1746 1185 1801 quas
1195 1730 1286 1801 prima
1300 1730 1485 1803 Evangelinm
1495 1730 1597 1787 Christi
1610 1731 1654 1786 rel
1665 1747 1714 1786 suo
1729 1731 1808 1787 senio

125 1822 251 1890 canetur,
278 1820 308 1876 in
327 1826 595 1881 commemoratione
615 1826 714 1881 mortis
732 1826 853 1894 bomini,
874 1825 941 1898 quia
990 1823 1099 1896 recipit,
1113 1823 1157 1878 vel
1170 1824 1227 1879 suis
1236 1823 1337 1879 litteris
1348 1824 1443 1879 docuit
1455 1823 1582 1896 primum
1597 1825 1750 1880 canticum.
1765 1826 1808 1879 ln-

124 1928 198 1967 mors
208 1913 317 1989 Christi
331 1906 403 1972 tacto
416 1923 459 1973 est
471 1919 527 1974 rita
543 1919 654 1990 mundi,
669 1924 702 1975 ut
715 1919 858 1975 offerendo
872 1936 940 1992 pro·
990 1916 1110 1989 cipionis
1131 1917 1251 1989 praesule
1270 1917 1397 1973 Ecclesiae
1416 1918 1503 1972 Αἰιιοο
1522 1918 1622 1990 psallet
1641 1917 1735 1973 dicens
1754 1919 1806 1971 Le-

125 2004 211 2062 ticerit
226 2007 257 2062 iu
271 2009 362 2065 salute
372 2011 526 2067 viventium
546 2017 574 2068 et
586 2013 715 2086 requiem
732 2013 939 2069 defunctorum.
990 2011 1049 2066 tino
1063 2027 1128 2065 curn
1141 2011 1246 2079 Gracco,
1258 2015 1291 2067 ut
1303 2011 1432 2067 ostendat
1440 2011 1573 2082 junctum
1595 2011 1806 2066 Testamentum

387 2109 430 2163 DE
456 2111 678 2167 PstELEGERE,
990 2105 1075 2159 Vetus
1093 2110 1121 2160 ct
1134 2105 1253 2161 Novum.
1267 2105 1378 2160 Dictum
1393 2107 1478 2161 Amen
1491 2120 1526 2160 ex
1542 2104 1658 2159 nehraeo
1674 2104 1761 2159 instar
1774 2105 1809 2159 ti·

157 2194 322 2266 antiphona
341 2197 376 2251 ad
395 2198 576 2271 praelegendo
588 2203 714 2269 canetur,
739 2199 769 2254 in
785 2202 877 2272 speeie
889 2220 939 2274 pa·
990 2198 1043 2253 tuli
1061 2198 1137 2270 quod
1149 2198 1179 2253 in
1193 2198 1317 2254 trinitate
1331 2199 1495 2270 linguarum
1512 2198 1665 2270 instigante
1676 2197 1808 2252 DeoPila-

123 2288 313 2344 triarcharum
334 2290 447 2346 illorum
470 2292 519 2363 qui
538 2298 601 2348 ante
626 2293 774 2363 diluvium,
789 2294 942 2351 adventum
991 2295 1036 2346 tus
1048 2292 1142 2364 posuit
1157 2307 1242 2362 super
1259 2307 1373 2347 crucem
1386 2291 1522 2346 confitens
1541 2291 1670 2364 quamvis
1691 2290 1808 2363 ignarus

123 2381 225 2436 Christi
242 2381 368 2454 mysticis
380 2384 495 2440 vocibus
509 2390 672 2456 tonuerunt,
696 2387 767 2465 sicut
786 2388 860 2443 Enoc
881 2405 941 2460 sep
990 2387 1065 2440 iesus
1083 2389 1251 2448 Notaretur,
1277 2385 1368 2441 idest
1391 2386 1524 2441 Sanctum
1549 2389 1577 2440 et
1600 2386 1716 2457 Regem.
1742 2385 1808 2439 Tres
1845 2400 1849 2406 ·

123 2473 208 2529 timus
221 2475 257 2529 ab
272 2476 370 2545 Adam,
386 2478 435 2549 qui
448 2478 597 2534 translatus
618 2484 661 2535 est
677 2496 694 2534 a
712 2481 778 2548 Deo,
792 2482 942 2552 propheta-
991 2481 1087 2532 autem
1101 2478 1207 2549 parvoli
1222 2478 1272 2550 qni
1288 2494 1336 2534 oro
1348 2495 1406 2533 uuo
1419 2483 1568 2550 sequentes
1589 2480 1689 2548 libyrae
1702 2478 1809 2534 Eleison

123 2568 164 2622 rit
175 2568 275 2624 dicens
290 2586 297 2624 ε
312 2573 378 2625 Ecca
391 2574 465 2626 orarit
477 2575 605 2627 Dorulaus
617 2576 644 2627 ia
655 2576 756 2628 scretis
768 2575 940 2630 mirabilibus
992 2571 1107 2625 Hebraea
1119 2571 1223 2625 scilieet
1235 2572 1331 2627 Graeca
1351 2577 1379 2627 ct
1398 2572 1504 2641 Latina,
1526 2571 1571 2626 vel
1588 2571 1677 2626 trium
1695 2573 1807 2642 tempo·

123 2665 180 2716 nris
190 2665 284 2730 [neme
291 2664 429 2731 judicium
442 2665 539 2735 (rodo.
555 2666 607 2736 14),
623 2670 651 2721 ct
665 2666 783 2738 reliqua.
794 2667 873 2731 Quod
888 2671 942 2722 tes-
993 2679 1055 2717 rum
1067 2663 1174 2732 saculi,
1186 2665 1351 2737 antelegem
1360 2665 1525 2720 scilicetsub
1536 2665 1598 2741 lege
1607 2669 1634 2719 et
1646 2664 1698 2719 sub
1707 2663 1807 2735 gratia.
1833 2732 1838 2740 Ι

123 2755 277 2809 timonium
290 2756 373 2811 laidas
389 2758 530 2828 apostolus
544 2758 631 2813 trater
642 2759 754 2829 laccho,
777 2759 806 2815 in
820 2755 952 2832 Epistola
1262 2762 1312 2827 DE
1330 2762 1532 2816 PROPHETlA.

123 2865 172 2902 sua
186 2855 401 2906 commemorat.
416 2851 492 2906 Sicut
516 2853 592 2907 enim
609 2853 844 2925 prophetantibus
865 2855 943 2911 venit
1027 2848 1193 2905 Canticumd
1214 2854 1309 2904 autem
1323 2849 1464 2905 Zachariae
1475 2849 1655 2921 pontificisin
1670 2850 1808 2904 honorem
1909 2840 1912 2845 ’

123 2958 226 2996 manus
239 2942 352 2997 Domini
374 2959 460 3016 super
480 2962 585 3014 arcam,
600 2951 631 3001 ut
650 2946 680 3001 in
707 2945 845 3001 damnatis
864 2948 943 3003 daret
993 2943 1081 2998 sancti
1094 2942 1228 2997 iohannis
1242 2944 1373 3014 Baptistae
1388 2946 1526 3010 cantatur,
1540 2959 1591 3015 pro
1610 2960 1643 2998 eo
1657 2942 1733 3014 quod
1747 2943 1808 3014 pri·

122 3035 255 3106 reliquias
283 3039 382 3106 terrae;
404 3037 442 3092 ita
470 3037 654 3109 psallentibus
681 3039 789 3095 clericis
816 3015 1135 3112 procedithordium
1159 3036 1255 3091 salutis
1276 3036 1306 3091 in
1325 3023 1457 3108 baptismi
1477 3040 1652 3091 sacramenta
1672 3036 1808 3104 consistit,

123 3129 251 3183 sacenlos
273 3129 301 3184 in
325 3131 417 3202 speeie
435 3131 539 3186 Christi
556 3133 591 3186 dc
609 3132 730 3187 sacrario
750 3137 885 3206 tanquam
907 3135 942 3190 de
993 3131 1068 3203 quod
1082 3130 1112 3184 in
1126 3129 1317 3185 ministerium
1328 3130 1464 3185 lobannis
1486 3131 1542 3185 Deo
1557 3130 1679 3185 donanto
1694 3130 1812 3201 suscipit

122 3221 191 3277 coelo
210 3222 240 3278 iu
258 3238 324 3277 area
342 3223 461 3294 Domini,
485 3241 546 3297 quac
567 3229 609 3280 est
623 3225 741 3292 Ecclesia
760 3230 792 3281 ut
814 3231 873 3282 tam
885 3244 943 3284 mo
993 3229 1021 3280 et
1033 3223 1177 3279 deficiente
1199 3224 1296 3278 umbra
1319 3223 1431 3291 veteris,
1453 3228 1481 3279 et
1500 3223 1609 3278 oriente
1631 3240 1703 3278 nora
1723 3226 1810 3280 Eran-

122 3315 249 3370 nendum
263 3324 275 3352 ¹
288 3333 376 3389 quam
388 3319 597 3374 exhortandum
609 3319 717 3375 nutriat
730 3319 759 3375 in
773 3320 854 3392 plebe
868 3321 942 3377 bona
993 3317 1058 3390 getii
1071 3318 1195 3372 claritate
1214 3318 1354 3372 lohannes
1364 3317 1475 3372 medius
1483 3321 1525 3372 est
1537 3317 1742 3388 prophetarum
1755 3333 1808 3371 no-

122 3425 218 3481 opem,
231 3414 262 3465 et
273 3410 422 3483 extinguat
435 3412 520 3468 mala.
992 3410 1123 3465 sissimus
1136 3414 1164 3466 ct
1176 3410 1411 3481 evangelistarum
1426 3410 1536 3482 primus
1548 3413 1613 3463 ante
1622 3409 1722 3464 taciem
1735 3425 1809 3464 verre

111 3480 121 3499 t
421 3511 465 3565 DE
484 3511 646 3567 SlLENTlO.
993 3505 1074 3559 lucis
1092 3504 1205 3559 radians
1223 3504 1339 3558 lucerna
1359 3502 1437 3558 fulsit
1452 3519 1458 3557 :
1473 3502 1537 3557 ideo
1554 3501 1703 3573 prophetia
1722 3518 1809 3573 quam

156 3595 310 3652 Silentium
327 3600 422 3653 autem
443 3597 576 3654 diaeonus
597 3617 649 3671 pro
669 3600 778 3656 duobus
797 3603 881 3657 rebus
895 3621 943 3659 an·
992 3601 1072 3669 paler
1086 3597 1147 3669 ejus
1159 3597 1219 3669 lp³0
1232 3598 1364 3651 nascente
1376 3594 1487 3665 cecinit,
1500 3594 1616 3651 alternis
1628 3595 1743 3650 vocibus
1760 3610 1806 3649 2⁰·

124 3690 249 3760 nunciat,
277 3690 382 3747 scilicet
406 3698 438 3747 ut
458 3697 553 3748 tacens
583 3695 705 3767 populus
728 3694 830 3751 melius
847 3698 943 3753 audiat
992 3690 1075 3746 clesia
1084 3690 1195 3762 psallet.

123 3784 242 3838 verbnm
257 3784 317 3854 Dei,
332 3787 360 3840 et
373 3784 453 3840 sileat
470 3803 518 3841 cor
539 3790 669 3842 nostrum
688 3787 722 3842 ab
743 3788 820 3843 omui
840 3790 943 3862 cogita·
1144 3790 1188 3844 DE
1206 3788 1387 3845 PROPHETA
1407 3788 1449 3842 ET
1466 3786 1655 3843 APOSTOLO.

125 3878 201 3932 tione
209 3876 332 3945 sordida,
348 3894 404 3950 qno
419 3878 521 3934 melius
535 3879 688 3952 recipiatur
700 3881 819 3937 verbum
832 3883 891 3938 Dei.
1028 3878 1120 3933 Lectio
1134 3894 1200 3933 vero
1214 3877 1380 3950 prophetica
1393 3893 1476 3932 suum
1490 3879 1567 3931 tenet
1582 3875 1721 3944 ordinem,
1737 3879 1810 3930 veta·

157 3970 291 4027 Sacerdos
306 3970 369 4026 ideo
382 3973 465 4027 datur
477 3973 593 4045 populo,
605 3978 637 4029 ut
650 3974 719 4029 dum
733 3974 781 4030 ille
800 3975 942 4032 benedicit
992 3972 1032 4027 ris
1040 3971 1171 4027 videlicet
1185 3970 1344 4027 testamenti
1355 3969 1509 4042 corripiens
1517 3969 1590 4025 mala
1602 3969 1811 4025 etadnunciaus

124 4063 206 4136 plebe
220 4064 318 4120 dicens
334 4082 341 4120 ε
357 4069 485 4122 homibus
499 4069 535 4122 sit
547 4083 650 4138 semper
667 4069 811 4134 occisorem,
824 4070 860 4124 ab
880 4087 942 4125 om·
993 4065 1097 4131 futura,
1111 4069 1144 4120 ut
1152 4063 1346 4137 intelligamus
1359 4064 1454 4136 ipsum
1466 4063 1555 4118 [lenm
1566 4062 1693 4133 esse,qni
1705 4061 1735 4117 iu
1748 4079 1810 4132 pro·

125 4157 207 4212 nibus
219 4156 404 4213 benedicatur
426 4159 583 4216 dicentibus
599 4177 606 4215 ε
621 4164 656 4217 Et
684 4177 743 4216 oum
763 4165 863 4233 spiritu
875 4168 941 4218 tuo:
993 4158 1089 4231 phetia
1101 4158 1204 4228 tonuit,
1218 4174 1304 4229 quam
1317 4157 1367 4230 qui
1380 4160 1408 4212 et
1426 4156 1455 4211 in
1470 4155 1602 4228 Apostolo
1615 4154 1719 4224 docuit,
1736 4159 1765 4210 et
1779 4154 1809 4208 iu

125 4255 155 4305 ut
171 4254 252 4305 tanto
273 4251 364 4323 magis
381 4252 429 4308 ille
455 4252 559 4325 dignus
579 4253 615 4308 sit
635 4255 741 4326 populo
764 4256 942 4324 benedicere,
993 4251 1159 4324 Evangelico
1174 4252 1322 4323 splendore
1336 4250 1455 4306 refulsit.

125 4347 276 4415 quantum,
296 4344 405 4402 favente
420 4347 486 4415 Deo,
500 4346 534 4402 dc
553 4364 602 4403 ore
620 4348 705 4403 totius
727 4349 825 4421 populi
844 4349 944 4422 recipit
1273 4350 1317 4403 DE
1337 4346 1525 4403 APOSTOLO.

128 4436 362 4495 benedictionem.
954 4435 982 4508 C
1029 4437 1107 4501 Quod
1121 4437 1197 4491 enim
1220 4435 1359 4508 propheta
1381 4435 1483 4490 clamat
1501 4433 1641 4503 futurum,
1666 4431 1809 4504 apostolus

443 4533 487 4588 DE
511 4534 588 4590 stus
602 4533 626 4590 b.
994 4531 1075 4586 docet
1086 4530 1202 4584 tactum.
1217 4530 1302 4584 Actus
1321 4533 1418 4584 autem
1436 4527 1626 4599 apostolorum
1647 4526 1688 4581 rel
1702 4528 1808 4597 Apoca-

159 4626 227 4681 bius
251 4641 319 4681 raro
341 4630 407 4683 aute
431 4627 579 4699 prophetia
606 4645 658 4700 pro
685 4629 738 4684 hoc
759 4632 887 4684 cantatur
914 4631 944 4686 in
993 4624 1079 4697 lypsis
1091 4622 1225 4677 lobannis
1236 4639 1288 4694 pro
1302 4621 1424 4677 novitate
1438 4620 1534 4693 gaudii
1553 4620 1692 4676 Paschalis
1706 4619 1808 4692 legun·

128 4719 221 4775 Graeca
235 4718 343 4791 lingua,
366 4720 433 4793 quia
452 4721 614 4793 predicatio
631 4722 697 4776 Nori
723 4723 893 4779 Testamenti
914 4724 944 4779 in
994 4722 1049 4785 tur,
1065 4720 1206 4771 servantes
1219 4716 1348 4771 ordinem
1365 4720 1525 4786 temporum
1539 4715 1611 4770 sicut
1628 4714 1745 4768 historia
1760 4715 1810 4767 Te·

129 4813 233 4868 mundo
259 4829 311 4884 per
333 4815 429 4869 Graeca
455 4814 553 4886 lingua
574 4815 718 4886 processit,
743 4820 859 4888 excepto
886 4818 942 4872 tta-
993 4809 1126 4865 stamenti
1140 4810 1248 4864 Veteris
1266 4810 1296 4864 in
1317 4808 1567 4880 Quinquagesimo,
1585 4809 1629 4863 vel
1649 4811 1726 4879 gesta
1744 4823 1808 4860 san-

127 4905 189 4962 theo
215 4907 353 4979 apostolo,
380 4907 431 4980 qui
451 4908 562 4979 primus
593 4909 622 4963 iu
648 4909 735 4964 iudea
759 4909 943 4982 Evangelium
994 4908 1123 4959 ciorum·
1153 4903 1345 4959 consessorum
1359 4919 1391 4957 ae
1406 4905 1563 4975 martyrum
1580 4901 1609 4955 in
1622 4892 1808 4956 solemnitati·

159 5075 212 5130 'ld
227 5079 270 5130 cst
282 5075 425 5129 monendo
437 5079 464 5130 et
480 5075 666 5131 exhortando.
992 5074 1144 5129 Athonotos
1156 5074 1261 5142 eleyson
1276 5074 1355 5127 imos.
1365 5073 1480 5128 Sanctus
1494 5073 1572 5132 oea,
1585 5070 1699 5125 Sanctus
1717 5069 1808 5135 tortas,

157 5142 252 5200 titius
264 5162 317 5218 pro
331 5146 416 5217 Agios
431 5146 477 5201 hic
491 5147 558 5218 poni
572 5162 657 5202 nemo
674 5164 732 5202 non
755 5148 840 5216 videt,
855 5147 940 5202 intel-
992 5149 1105 5204 Senonas
1117 5144 1279 5199 immortalis
1290 5145 1415 5201 miserere
1423 5142 1508 5196 nobts.

128 5214 277 5288 ligiturque
292 5218 326 5273 dc
343 5216 460 5288 trisagio
474 5234 523 5272 scu
542 5217 620 5273 brevi
633 5219 759 5275 oratione
771 5236 858 5290 quam
878 5219 942 5275 cho·
1026 5214 1198 5271 dCanticum
1213 5214 1282 5269 illud
1308 5213 1314 5267 i
1338 5228 1401 5266 sum
1426 5216 1467 5267 cst
1490 5211 1564 5283 quod
1586 5210 1709 5266 retertur
1726 5210 1808 5265 Lucae

129 5302 169 5341 rus
197 5292 245 5343 ost
255 5287 484 5345 benedictionem
497 5293 562 5343 ante
575 5289 755 5360 prophetiam
763 5290 940 5359 decantabat,
992 5289 1082 5361 eapite
1108 5304 1128 5354 1,
1195 5285 1287 5356 odque
1312 5231 1434 5338 Ecclesia
1459 5281 1585 5364 quotidie
1610 5281 1639 5336 iu
1663 5280 1809 5366 matutinis

128 5305 235 5429 palem
250 5359 323 5415 forte
336 5359 458 5430 legimus
472 5359 502 5413 in
520 5359 604 5415 missa
624 5360 800 5416 Mozarahum
822 5362 851 5416 in
867 5362 942 5415 huuc
991 5357 1133 5414 laridibns
1152 5303 1331 5428 fflquentare
1350 5353 1430 5422 solet,
1454 5355 1560 5410 sedicet
1576 5352 1731 5408 Benedictus
1754 5356 1808 5409 Do-

127 5429 249 5498 modum,
264 5432 358 5500 Apios,
372 5432 464 5501 Apios,
478 5432 571 5500 Apios,
585 5433 695 5487 Domine
708 5435 777 5487 near
792 5448 841 5489 rec
862 5436 940 5487 nter·
991 5433 1080 5487 mincis
1092 5431 1160 5484 Dera
1172 5427 1267 5488 lsrael,
1281 5429 1335 5480 ete.
1781 5493 1786 5504 ¹

127 5505 162 5559 nt.
177 5502 230 5556 tibi
243 5502 339 5558 Ιοοάοο
360 5506 385 5556 et
401 5503 516 5571 monos.
536 5504 591 5556 Aut
610 5501 733 5557 similem
758 5502 797 5557 illi
811 5520 899 5575 quam
912 5503 941 5557 in
1027 5502 1119 5554 ‘Aeta
1139 5502 1299 5553 sanctorum
1319 5499 1478 5568 martyrum
1497 5498 1526 5548 et
1560 5494 1752 5550 confessorum
1779 5508 1810 5574 ιο

126 5571 271 5627 hamsocre
286 5571 410 5628 concinit
423 5571 542 5627 Ecclesia
557 5574 639 5642 Apios
658 5588 673 5627 ο
696 5575 787 5637 Theos,
803 5575 887 5644 Apios
899 5576 940 5630 Is·
992 5569 1117 5642 liturgia
1131 5568 1270 5624 Gallicana
1282 5566 1349 5621 olim
1361 5567 1476 5622 recitata
1493 5564 1579 5620 tuisse
1604 5564 1807 5620 demonstravi-

126 5644 226 5711 ebpror,
240 5644 327 5713 Apios
340 5644 493 5698 Attonotoa
503 5643 599 5698 elersen
614 5646 693 5698 imos.
991 5658 1054 5696 mus
1067 5641 1097 5695 in
1106 5640 1156 5695 lib.
1171 5655 1181 5693 1
1193 5639 1228 5694 da
1240 5637 1372 5719 Antiqpis
1382 5636 1512 5693 Ecclesiae
1525 5634 1700 5714 ritibuscap.
1716 5635 1743 5700 l,
1753 5637 1808 5688 art.

155 5714 223 5769 elta
237 5730 316 5770 sacro
337 5714 501 5770 parasceves
520 5713 565 5768 die
588 5715 707 5769 Ecclesia
731 5713 825 5770 Gracc
847 5717 875 5770 ct
888 5716 939 5769 La·
991 5713 1018 5782 t,
1034 5728 1120 5784 quam
1134 5710 1223 5766 ritum
1236 5709 1355 5765 Ecclesia
1370 5709 1497 5766 Romana
1509 5722 1567 5761 uon
1582 5703 1743 5774 recipiebat.

125 5783 179 5842 bna
199 5785 332 5845 darunt
349 5785 465 5858 aaran
489 5785 580 5850 Theos,
601 5787 684 5858 Apios
703 5784 833 5855 ischyros,
857 5788 940 5858 Apios
