3884 6150
189 361 239 429 ns

579 368 742 433 arrasum
761 377 804 430 so
823 369 933 432 orans
951 365 1068 434 asueri
1086 376 1235 433 demmin
1254 361 1468 432 emisisses.

1819 357 1866 433 ‘es

187 489 248 548 lum
263 487 379 566 respicit
393 492 430 550 ad
445 491 614 567 primaevum
634 509 747 548 morem
768 491 956 561 Gallicanum,
971 492 1001 547 in
1012 496 1138 580 Aatque
1151 493 1269 565 psalmis
1281 495 1373 548 muita
1386 491 1532 548 dulcisone
1543 486 1745 563 composuisse.
1757 510 1771 540 n
1783 488 1866 549 Unde

188 601 246 658 quu
257 586 432 644 Contestatio
449 588 477 642 in
491 606 542 642 usu
559 590 620 641 erat
630 586 666 640 ad
681 586 900 658 significandam
912 603 1001 658 quam

188 679 274 735 bodie
284 697 420 737 vocamus
429 682 517 735 iiissae
527 697 576 734 seu
587 680 711 735 Cononis
724 679 938 735 Praelationem.
948 680 1003 735 liu·

188 790 261 829 saeus
275 791 355 845 ergo,
370 775 417 845 qui
432 778 495 844 post
512 773 641 828 medium
661 775 797 828 saeculum
812 789 829 826 v
843 790 858 828 e
873 773 941 827 vivis
954 790 1001 827 ex·

189 868 273 922 eessit
286 868 381 921 Leone
397 870 425 920 et
439 866 577 936 ltaJ'orino
592 866 825 938 imperatoribus,
842 866 954 938 scripsit
967 866 1001 922 ii·

188 960 271 1014 brum
285 962 550 1014 sacramentorum.
563 961 624 1025 Quo
641 961 760 1015 nomine
770 963 881 1014 veteres
896 960 1002 1031 passim

145 1092 151 1101 .
189 1070 269 1107 sacra
284 1051 348 1125 29
363 1052 546 1108 Eucharistiae
564 1054 702 1124 mysteria
717 1053 918 1124 designabant.
933 1053 1003 1108 Hinc

188 1145 339 1212 VoconiuS,
357 1146 510 1201 Casteiiani
523 1146 552 1200 in
568 1147 738 1202 Mauritania
753 1147 912 1218 episcopus,
927 1146 1004 1218 apud

189 1239 326 1293 eumdem
344 1240 527 1294 Gennadium
543 1241 737 1312 composuisse
753 1241 856 1296 dicitur
866 1241 1003 1295 volumen

188 1332 453 1388 Sacramentorum.
466 1333 528 1398 Quo
539 1335 628 1389 modo
636 1335 812 1407 Augustinus
822 1336 1004 1389 sacramenta

187 1430 270 1480 vocat
286 1425 443 1481 Dominicae
458 1443 567 1482 mensm
583 1429 763 1494 sacrificinm,
778 1445 812 1482 cx
825 1427 915 1482 dictis.

224 1522 250 1573 d.
266 1519 323 1573 Sed
337 1521 366 1572 et
378 1522 444 1573 ante
457 1521 594 1575 Musaeum
607 1521 738 1588 Hilarius,
751 1521 930 1577 Pictavorum
942 1537 1005 1575 san·

189 1611 331 1666 ctissimus
345 1612 472 1679 antistes,
484 1613 590 1668 librum
606 1615 797 1686 Hymnorum,
810 1617 839 1668 et
849 1614 938 1669 alium
950 1614 1005 1684 iiiy-

189 1705 341 1760 steriorum
358 1706 477 1777 scripsit,
499 1710 614 1762 auctore
633 1708 808 1779 Hieronymo
826 1707 855 1761 in
876 1707 948 1761 libro
965 1707 1001 1762 de

189 1797 379 1868 Scriptoribus
392 1816 454 1870 cap.
473 1802 531 1854 100.
550 1801 680 1870 Hymnus
696 1803 788 1858 Gloria
801 1803 830 1855 in
844 1800 952 1855 excelsis
965 1800 1000 1854 ab

1051 589 1176 643 loannes
1185 587 1320 653 Mariana,
1331 587 1360 640 in
1372 587 1421 641 lib.
1433 602 1450 639 v
1461 586 1590 641 derebus
1597 585 1754 657 Hispanicis
1764 601 1825 658 cap.
1837 602 1865 653 r,

1052 680 1092 735 ait
1106 697 1189 735 usum
1205 680 1362 735 obtinuisse
1376 684 1407 734 ut
1419 679 1527 735 isidoro
1538 679 1608 734 ritus
1618 666 1810 735 lioiarabicus
1819 679 1867 734 tri-

1052 774 1198 840 bueretur,
1211 774 1261 828 sed
1272 776 1371 828 tamen
1383 773 1547 828 Leandrum
1561 773 1701 827 nonnulla
1713 772 1866 828 invenisse.

1088 865 1364 922 aemendatione
1379 888 1392 915 o
1403 866 1458 921 hoc
1469 865 1595 921 officium
1606 864 1725 920 concilio
1737 882 1767 920 111
1784 867 1867 921 Tole-

1052 962 1131 1027 tano,
1144 959 1188 1014 cui
1203 959 1333 1014 Leander
1344 958 1484 1025 interfuit,
1497 958 1641 1030 antiquius
1650 975 1710 1012 esse
1722 979 1736 1008 u
1749 958 1869 1013 arbitra-

1053 1056 1109 1119 tur,
1123 1074 1137 1102 «
1150 1051 1305 1124 etquidem
1316 1053 1420 1107 soeculo
1431 1053 1512 1122 vjam
1523 1051 1645 1122 viguisse
1653 1068 1659 1117 3
1667 1051 1717 1105 sed
1728 1051 1763 1105 de
1772 1050 1868 1122 primo

1054 1146 1116 1217 ejus
1127 1149 1242 1201 auctore
1256 1162 1315 1200 non
1331 1148 1471 1200 constare.
1490 1145 1533 1198 Ab
1548 1144 1609 1215 ipso
1621 1148 1718 1199 tamen
1735 1144 1868 1199 Leandro

1054 1238 1237 1305 illustratum,
1252 1242 1367 1293 auctum
1383 1239 1419 1294 ab
1437 1238 1554 1303 isidoro,
1569 1240 1655 1309 atque
1676 1237 1711 1292 ab
1725 1237 1788 1292 aliis
1801 1253 1869 1308 pro·

1055 1349 1153 1404 gressu
1168 1331 1307 1403 temporis
1319 1331 1537 1403 amplificatum,
1555 1330 1728 1386 nominatim
1746 1330 1782 1385 ab
1794 1331 1869 1385 iide-

1055 1426 1148 1493 ionso,
1160 1425 1240 1496 cujus
1253 1442 1341 1497 opera
1353 1424 1482 1481 Julianus
1496 1426 1650 1480 Toletanus
1665 1424 1694 1477 in
1708 1424 1869 1495 appendice

1055 1519 1091 1573 ad
1105 1519 1210 1573 librum
1221 1519 1257 1573 de
1270 1518 1461 1590 scriptoribus
1472 1518 1501 1573 in
1517 1520 1642 1588 quatuor
1656 1520 1752 1589 partes
1764 1516 1869 1585 divisit,

1055 1613 1228 1683 tertiamque
1240 1612 1279 1667 ait
1288 1612 1374 1667 fuisse
1385 1632 1399 1661 u
1410 1611 1575 1678 missarum,
1584 1611 1770 1681 hymnorum,
1782 1613 1871 1682 atque

1055 1721 1233 1760 sermonum.
1243 1705 1308 1759 »hd
1317 1706 1379 1759 hoec
1387 1704 1510 1759 Felicem
1522 1704 1688 1775 episcopum
1699 1703 1804 1768 librum
1810 1704 1872 1758 liis

1054 1816 1151 1854 sarum
1162 1800 1198 1854 de
1207 1802 1266 1853 toto
1278 1798 1381 1853 circulo
1390 1797 1459 1853 anni
1472 1797 1500 1850 in
1511 1795 1698 1870 quatuor31
1717 1800 1814 1867 partes
1826 1796 1871 1850 di-

189 1891 292 1945 eodem
305 1895 403 1946 auctus
414 1895 443 1946 et
453 1896 670 1947 consummatus
680 1893 783 1948 dicitur
794 1894 823 1947 in
833 1895 950 1965 vulgato
961 1882 1042 1955 rii-B
1054 1893 1145 1947 visum
1157 1892 1327 1946 emendasse
1338 1896 1424 1963 atque
1433 1891 1631 1961 complevisse,
1640 1906 1672 1944 ac
1683 1889 1870 1961 postmodum

190 1983 284 2039 cuino.
298 1983 346 2038 His
363 1984 473 2039 duobus
491 1985 596 2041 merito
612 1987 850 2041 annumerandus
863 1989 906 2040 est
921 1985 1003 2040 Sido·
1053 1988 1169 2040 Petrum
1186 1985 1362 2039 ilerdensem
1376 1983 1545 2050 antistitem,
1560 1986 1589 2037 et
1603 1983 1719 2038 Salvum
1734 1982 1871 2038 abbatem

190 2077 254 2131 nius
265 2079 461 2132 Arvernorum
473 2078 632 2150 episcopua,
645 2080 725 2151 cujus
741 2080 813 2135 libro
825 2079 860 2133 dc
871 2079 958 2134 liissis
968 2078 1004 2132 ab
1053 2079 1265 2134 Aibaeidcnsem
1279 2078 1375 2132 eidem
1389 2080 1562 2149 argumento
1578 2093 1695 2131 navasse
1710 2092 1870 2147 operam.»

190 2170 1006 2244 eocompositisGregoriusTuronensispraeiationemad·
1053 2174 1104 2226 Ast
1122 2171 1277 2243 Elipandus
1297 2171 1450 2225 Toletanus
1473 2169 1623 2241 episcopus
1643 2169 1672 2223 in
1691 2168 1812 2240 epistola
1835 2168 1873 2224 ad

187 2263 292 2333 junxit,
309 2280 343 2317 ex
356 2262 405 2317 lib.
421 2280 440 2317 n
456 2264 585 2319 Historiae
601 2282 663 2336 cap.
678 2269 721 2320 Ὦ.
736 2265 1006 2321 EtSalvianusiias·
1053 2265 1189 2320 Albinum
1209 2281 1259 2318 seu
1284 2263 1447 2331 alcuinum,
1467 2262 1619 2318 Toletanos
1643 2266 1756 2317 sanctos
1773 2263 1873 2317 Patres

192 2355 313 2410 silieusis
326 2357 477 2428 presbyter
496 2358 697 2413 clarissimus«
718 2359 852 2414 homilias
866 2358 1005 2430 episcopis
1055 2357 1185 2428 agnoscit
1199 2356 1353 2411 missarum
1367 2355 1609 2412 iiiozarabiearum
1625 2359 1766 2421 auctores,
1783 2355 1812 2408 in
1828 2355 1874 2410 his

190 2448 281 2503 iactas
292 2451 407 2516 multas,
417 2455 665 2507 sacramentorum
674 2468 752 2520 vero,
764 2456 887 2523 quantas
897 2468 949 2506 nec
959 2467 1005 2505 re·
1055 2451 1195 2505 isidorum
1208 2468 1215 2505 ε
1228 2450 1451 2521 signantervero
1467 2448 1837 2520 Eugeniumildeionsum,
1846 2453 1876 2503 et

191 2541 304 2608 cordor‚
321 2543 361 2597 ait
374 2544 547 2611 Gennadius,
565 2545 735 2616 composuit.
751 2567 765 2595 u
777 2546 839 2610 Quo
851 2545 879 2600 in
891 2547 953 2601 loco
964 2562 1006 2600 sa·
1054 2543 1199 2599 lulianum
1218 2543 1351 2613 exprimit
1370 2526 1491 2610 libellus,
1506 2559 1592 2613 quem
1607 2542 1758 2596 confutant
1773 2543 1875 2596 Patres

191 2638 406 2690 crementorum
418 2637 801 2709 homiliaintelligunturvel
812 2654 962 2693 sermones
970 2637 1006 2691 de
1056 2636 1167 2692 concilii
1188 2634 1452 2691 Francoiordiensis
1471 2635 1547 2707 apud
1564 2634 1725 2689 alcuinum.
1742 2634 1874 2699 Quorum

191 2727 335 2799 mysteriis
347 2728 443 2797 sacris,
460 2729 535 2785 inter
547 2731 694 2785 ldissarum
707 2731 847 2786 solemnia
858 2730 1005 2803 quondam
1058 2730 1152 2783 nulius
1167 2730 1304 2783 saeculum
1316 2745 1353 2783 vn
1365 2727 1510 2800 praecedit.
1523 2729 1584 2782 Non
1596 2743 1665 2799 ergo
1682 2727 1717 2782 ad
1733 2727 1875 2782 saeculum

192 2836 224 2873 ex
240 2836 321 2875 more
339 2820 480 2892 gallicano
494 2823 606 2877 recitari
622 2823 725 2890 solitis;
742 2826 785 2877 vei
798 2824 943 2879 orationes
956 2840 1005 2877 scu
1055 2838 1073 2875 v
1087 2822 1214 2877 revocari
1229 2825 1348 2894 possunt
1363 2820 1525 2875 istiusmodi
1544 2820 1704 2875 officiorum
1728 2822 1874 2876 auctores.

190 2912 376 2984 praelationes
392 2914 428 2968 ad
446 2915 575 2970 missam.
594 2915 672 2971 liitto
689 2917 768 2987 quod
781 2916 810 2970 in
829 2917 887 2971 iine
902 2916 966 2971 iibri
979 2933 1006 2970 vr
1093 2919 1135 2970 iil.
1152 2916 1213 2970 Duo
1229 2919 1327 2969 tamen
1348 2914 1432 2969 affert
1451 2914 1529 2968 idem
1547 2913 1702 2969 cardinalis
1713 2912 1748 2968 ad
1763 2914 1875 2985 produ-

191 3006 345 3076 Gregorius
358 3009 531 3063 Turonensis
552 3009 681 3079 pontiier
694 3009 783 3063 tradit
799 3009 834 3063 de
847 3009 1006 3086 Chilperico
1057 3009 1178 3063 cendam
1188 3009 1271 3080 hujus
1282 3008 1352 3062 ritus
1362 3007 1576 3079 antiquitatem.
1586 3010 1681 3062 Unum
1693 3009 1744 3074 est,
1757 3007 1836 3079 quod
1845 3007 1876 3062 in

191 3113 270 3167 rege,
284 3099 330 3168 qui
346 3099 422 3153 inter
433 3100 488 3154 alia
504 3102 641 3171 opuscula
655 3101 781 3172 hymnos
794 3101 905 3173 scripsit
922 3123 935 3151 «
949 3102 1006 3157 sive
1057 3101 1144 3156 missa
1160 3102 1196 3156 de
1208 3105 1306 3156 sancto
1316 3101 1446 3167 ldartino,
1456 3101 1506 3172 'qui
1519 3101 1637 3155 ineunte
1651 3100 1753 3155 saeculo
1768 3100 1875 3154 vvive·

192 3189 304 3256 missas,
319 3207 383 3261 quae
397 3191 475 3245 nulla
494 3192 605 3247 ratione
620 3193 723 3265 suscipi
737 3198 866 3264 possunt.
884 3216 898 3243 »
1056 3211 1087 3249 re
1101 3194 1193 3262 desiit,
1209 3195 1270 3249 haee
1283 3196 1418 3265 leguntur
1431 3193 1460 3249 in
1475 3193 1568 3249 oisrcio
1581 3193 1755 3249 liozarabieo
1770 3211 1777 3248 ε
1797 3196 1877 3249 Hunc

227 3283 253 3336 4.
272 3284 353 3337 Tales
372 3287 511 3352 auctores,
532 3285 561 3340 id
580 3288 622 3340 est
641 3286 789 3355 Hilarium,
810 3288 955 3356 Musaeum,
978 3291 1007 3343 et
1056 3291 1153 3351 ciream,
1165 3305 1241 3359 quem
1252 3291 1447 3343 alatianostrae
1459 3286 1878 3358 temporapraetulciunt,jabeoo

192 3374 354 3442 Sidonium,
364 3377 497 3431 habuisse
513 3378 626 3434 videtur
640 3379 716 3435 Ordo
730 3381 825 3436 missae
834 3382 1005 3451 Gallicanus,
1055 3383 1190 3436 aemilium
1203 3384 1301 3436 uostris
1313 3381 1410 3451 offerre
1420 3381 1591 3452 temporebus.
1605 3380 1745 3447 Alterum,
1756 3380 1835 3452 quod
1846 3381 1875 3435 in

192 3485 279 3539 quem
292 3485 310 3523 a
324 3470 454 3525 ilonrauo
470 3470 613 3526 diversum
628 3477 750 3528 exeunte
764 3475 867 3529 saeculo
878 3491 905 3528 vr
919 3475 1005 3529 fuisse
1056 3474 1175 3530 concilio
1195 3491 1225 3529 111
1244 3475 1381 3529 Toletano
1402 3474 1470 3528 anisi
1493 3477 1544 3529 589
1559 3474 1693 3529 statuitur
1707 3473 1831 3544 capitulo
1847 3477 1873 3540 2,

191 3564 347 3617 constater
359 3563 480 3634 epistola
493 3564 623 3636 Gregorii
637 3566 737 3638 magni
748 3566 784 3621 ad
797 3567 1004 3639 Augustinum:
1053 3586 1104 3642 per
1122 3584 1209 3624 omnes
1226 3568 1347 3623 ecclesias
1365 3570 1503 3638 Hispaniae
1520 3568 1563 3622 vel
1582 3568 1678 3624 Gallia
1703 3566 1874 3638 Symbolum

192 3655 241 3726 qui
255 3656 339 3710 tertio
357 3657 420 3712 loeo
441 3657 611 3728 Gregorium
630 3658 827 3731 interrogavit,
849 3682 862 3710 u
875 3678 925 3715 cur
940 3678 1005 3716 cum
1057 3662 1214 3728 decantari,
1227 3661 1393 3733 priusquam
1404 3660 1495 3714 oratio
1507 3660 1656 3715 [lominica
1667 3660 1876 3724 recitetur.Qui

191 3764 250 3803 una
265 3749 301 3802 sit
315 3749 396 3816 sides,
414 3750 533 3805 diversae
547 3751 604 3805 sint
617 3750 807 3808 Ecclesiarum
822 3755 1005 3809 consuetudi·
1056 3757 1127 3811 ritus
1148 3760 1191 3809 est
1210 3755 1304 3809 missae
1317 3753 1498 3809 Mozarabicae
1518 3753 1678 3825 peculiaris.
1698 3754 1755 3809 Sed
1772 3754 1876 3824 reponi

192 3857 258 3907 nes;
273 3843 407 3896 etaltera
422 3844 598 3899 consuetudo
614 3845 766 3901 missarum
777 3847 806 3900 in
816 3848 948 3902 Romana
960 3866 1005 3903 ec·
1056 3853 1160 3921 potest,
1181 3849 1242 3903 hmo
1261 3848 1358 3914 verba,
1372 3852 1470 3902 nostrae
1484 3851 1583 3908 aetatis,
1605 3848 1649 3900 uei
1667 3864 1701 3900 ex
1719 3846 1877 3917 antiquiori

194 3932 290 4001 ciesia,
298 3937 384 4005 atque
396 3936 486 3989 altera
496 3935 525 3989 in
537 3936 693 3992 Galliarum
704 3939 835 3993 Ecclesiis
845 3942 1004 3995 teneatur.»
1056 3942 1183 4012 Liturgia
1194 3941 1346 4012 desumpta
1356 3940 1503 4007 iuissc,vei
1514 3940 1627 4011 longius
1639 3956 1726 4011 quam
1736 3940 1772 3994 ud
1782 3957 1875 3994 unum

192 4025 321 4096 lienique
333 4026 482 4081 iiiiduinus
495 4026 524 4081 in
540 4030 873 4102 epistoiahreopagiticis
892 4033 1007 4104 praefixa
1057 4036 1193 4090 saeculum
1214 4033 1343 4105 protrahi
1367 4050 1469 4105 posse;
1489 4037 1519 4087 et
1536 4035 1674 4087 statutum
1694 4033 1729 4087 de
1746 4032 1876 4105 Symboii

192 4117 337 4173 existimat
356 4118 451 4193 30«
469 4121 564 4176 missae
584 4123 716 4179 ordinem
741 4142 823 4180 inore
842 4126 947 4182 Gallico
971 4128 1007 4182 ab
1057 4133 1123 4184 ante
1134 4127 1296 4183 orationem
1307 4127 1488 4182 Dominicam
1496 4127 1875 4182 recitationenovumiuisse

192 4211 273 4267 initio
292 4217 416 4284 receptae
435 4214 502 4268 iidei
518 4236 531 4265 u
551 4215 580 4269 in
597 4216 641 4270 his
656 4217 784 4288 partibus
802 4219 957 4274 obtinuisse
970 4221 1006 4275 ad
1056 4222 1094 4277 ud
1109 4221 1321 4278 corroborandus
1342 4222 1477 4275 hornimera
1493 4221 1632 4276 invalidas
1649 4225 1759 4284 mentes,
1778 4223 1811 4274 ut
1832 4221 1874 4275 io-

191 4305 284 4360 Garoii
297 4306 391 4378 liagni
410 4307 613 4379 principatum.
1057 4318 1189 4387 quuntur
1202 4314 1314 4369 concilii
1327 4316 1435 4368 Patres.

227 4402 253 4454 8.
267 4400 303 4454 At
312 4416 372 4455 non
382 4399 455 4456 adeo
466 4401 618 4472 antiquum
630 4420 691 4458 esse
701 4405 908 4461 idozarabicum
918 4407 1005 4462 ritum
1094 4412 1136 4464 ii.
1158 4409 1240 4465 Certe
1260 4408 1423 4463 Romanum
1444 4407 1542 4474 ritum,
1564 4409 1667 4462 saltem
1686 4407 1715 4463 in
1729 4408 1877 4479 provincia

191 4492 375 4547 consentiunt
384 4492 526 4564 Hispanici
538 4498 678 4564 auctores,
689 4498 735 4569 qui
749 4499 810 4569 ejus
819 4499 960 4571 originem
970 4501 1006 4555 ad
1057 4501 1233 4569 Bracarensi,
1243 4501 1344 4572 Vigiiio
1354 4500 1716 4572 pontificemaximofuisse
1724 4506 1876 4576 receptum

191 4584 355 4639 Leandrum
367 4589 396 4640 et
406 4586 692 4645 isidorumsaecuiivn
702 4591 850 4663 episcopos
859 4597 1167 4685 revocant.Dconstat
1186 4612 1219 4649 ex
1240 4594 1360 4650 concilio
1379 4612 1398 4649 u
1416 4594 1581 4649 Bracarensi
1600 4595 1668 4650 anni
1688 4599 1749 4663 563,
1769 4596 1798 4650 in
1817 4612 1875 4669 quo

192 4675 330 4730 Baronius
351 4677 389 4732 ad
408 4695 517 4734 annum
543 4684 594 4736 633
616 4683 677 4753 ejus
697 4688 844 4740 auctorem
865 4685 1005 4742 isidorum
1056 4689 1229 4763 precipitur,
1252 4704 1362 4743 canone
1382 4690 1409 4755 i,
1427 4692 1458 4743 ut
1477 4688 1567 4744 eodem
1590 4689 1684 4745 ordine
1704 4693 1791 4745 masa
1810 4691 1879 4745 eele-

192 4768 322 4839 agnoscit
333 4768 386 4824 hac
397 4771 519 4827 ratione.
529 4774 600 4829 Cum
610 4776 686 4830 enim
698 4779 796 4833 Patres
808 4779 837 4832 in
848 4779 967 4834 concilio
980 4796 1006 4833 iv

190 4861 328 4917 Toletano
344 4865 411 4917 tunc
426 4866 564 4936 temporis
578 4868 675 4924 habito
689 4871 881 4926 decrevissent
895 4889 1005 4928 canone

191 4957 217 5021 2,
226 4959 257 5009 ut
267 4973 319 5028 pcr
329 4972 447 5012 onmem
460 4958 625 5030 Hispaniam
637 4965 667 5017 et
681 4964 812 5031 Galliam,
824 4963 931 5021 scilicet
940 4967 1007 5021 Nar·

190 5047 1005 5131 bonensem,qumGothisHispaniarumregibustuncpa-

191 5142 282 5210 rebat,
290 5143 368 5198 idem
376 5145 515 5200 niodusin
525 5147 677 5203 missarum
686 5151 1004 5208 solemnitatibuscaete·

191 5234 286 5305 risque
299 5236 399 5291 officiis
409 5244 571 5295 servaretur
581 5258 587 5306 ;
598 5242 672 5297 hano
682 5260 781 5299 curam
792 5244 900 5299 isidoro
910 5245 1006 5318 Hispa-

192 5327 263 5382 lensi
272 5329 422 5386 sanctitate
430 5333 1007 5411 etdoctrinapraestantissimoepiscopoa

190 5420 321 5476 Patribus
334 5422 541 5480 demandatam
560 5426 655 5482 luisse.
674 5429 759 5484 Favet
774 5431 840 5486 huic
855 5433 1005 5487 sententiae

190 5512 290 5568 titulus
301 5515 386 5571 oiiicii
401 5517 511 5572 Gothioi
524 5517 553 5572 in
565 5520 663 5587 Editis,
677 5521 725 5576 ubi
739 5541 777 5578 «a
789 5528 886 5580 sancto
897 5525 1005 5582 isidoro

191 5597 356 5663 ordinatum
371 5631 385 5658 »
398 5609 509 5665 dicitur.
521 5613 627 5666 Verum
639 5613 762 5670 isidorus
773 5616 832 5689 ipse
843 5617 873 5672 iu
887 5618 958 5675 libro
970 5620 1005 5674 de

191 5699 381 5771 scriptoribus
394 5703 590 5759 ecelesiasticis
598 5705 721 5762 Leandri
733 5710 829 5766 iratris
844 5711 886 5766 sui
902 5713 1006 5786 scripta

191 5808 354 5861 recensens,
370 5798 493 5852 testatur
504 5796 599 5868 ipsum
616 5820 631 5849 «
645 5799 675 5856 in
696 5803 893 5861 ecclesiasticis
905 5807 1006 5864 officiis

192 5900 249 5941 non
266 5902 353 5957 parvo
365 5890 459 5950 studio
472 5890 629 5964 laborasse,
644 5898 674 5952 ot
688 5895 718 5953 in
731 5897 860 5955 sacrificii
875 5900 1007 5958 laudibus

1056 4783 1167 4838 meatur
1177 4783 1212 4836 ob
1226 4783 1356 4845 omnibus,
1366 4798 1444 4852 quem
1461 4783 1624 4852 prolaturus
1641 4783 1776 4853 quondum
1796 4782 1879 4853 lustjus

1055 4875 1268 4946 metropolitana·
1280 4877 1395 4931 ecclesia
1405 4879 1543 4946 episcopus
1552 4877 1587 4930 ub
1601 4879 1661 4946 ipso
1672 4877 1876 4946 apostolicaese-

1055 4969 1099 5024 dis
1110 4970 1272 5022 auctoritate
1285 4971 1388 5038 accepit
1402 4966 1465 5041 32
1483 4971 1623 5039 scriptum.
1643 4970 1752 5040 Nempe
1767 4986 1784 5044 a
1797 4968 1878 5040 Vigi-

1056 5061 1093 5116 lio
1108 5077 1193 5133 papa,
1205 5061 1284 5131 eujus
1298 5061 1460 5132 epistolam,
1476 5078 1540 5132 qum
1550 5061 1579 5115 in
1594 5062 1716 5134 vulgatis
1727 5061 1807 5116 libris
1819 5063 1876 5117 Eu·

1055 5154 1148 5209 therio
1161 5154 1298 5225 inscripta
1314 5158 1386 5221 erat,
1400 5154 1552 5210 Profuturo
1569 5155 1638 5210 scite
1649 5155 1803 5210 vindicarit
1813 5173 1879 5210 eru·

1056 5248 1132 5303 ditus
1146 5247 1275 5302 Baiuzius
1294 5247 1402 5301 lumin
1419 5248 1495 5302 notis
1513 5248 1550 5302 ad
1564 5248 1744 5313 Gratianum,
1764 5252 1826 5303 tum
1846 5250 1879 5306 in

1056 5345 1136 5396 tomo
1148 5358 1245 5396 inovae
1256 5339 1437 5395 Collectionis
1449 5341 1647 5408 conciliorum,
1659 5343 1706 5396 uhi
1715 5341 1807 5414 ipsam
1819 5344 1880 5416 epi-

1056 5437 1158 5491 stolam
1174 5434 1269 5489 denuo
1283 5433 1383 5488 excudi
1399 5435 1517 5489 curavit.
1537 5437 1568 5489 ln
1585 5452 1619 5488 ea
1631 5435 1751 5491 verosic
1770 5437 1880 5507 iegitur

1056 5545 1118 5599 cap.
1136 5532 1151 5581 5
1168 5547 1173 5583 :
1193 5549 1206 5578 o
1227 5526 1366 5583 Ordinem
1387 5544 1502 5599 quoquc
1521 5545 1650 5599 precum,
1665 5529 1694 5582 in
1710 5530 1878 5587 celebritate

1056 5621 1209 5675 missarum
1220 5621 1297 5675 nulio
1309 5637 1362 5675 nos
1372 5625 1514 5693 tempore,
1532 5622 1609 5676 nulia
1624 5622 1777 5678 festivitate
1787 5624 1878 5696 signi-

1056 5717 1176 5769 ficamus
1189 5714 1296 5769 hahere
1306 5714 1427 5768 divisum
1446 5732 1452 5770 :
1467 5715 1518 5769 sed
1529 5732 1646 5787 semper
1657 5717 1761 5771 eodem
1772 5721 1877 5774 tenore

1057 5808 1153 5864 oblate
1167 5808 1225 5862 ileo
1234 5823 1357 5862 munera
1367 5809 1671 5874 consecrareouotios
1680 5826 1748 5865 vero
1757 5811 1879 5867 Pascha·

1057 5900 1101 5970 iis,
1115 5904 1165 5957 aut
1177 5900 1359 5957 Ascensionis
1372 5901 1550 5971 ilomiui,vel
1563 5904 1756 5973 pentecostes,
1772 5907 1801 5959 et
1814 5905 1879 5979 ilpi·
