<?xml version="1.0" encoding="UTF-8"?>
<!DOCTYPE html PUBLIC "-//W3C//DTD XHTML 1.0 Transitional//EN"
    "http://www.w3.org/TR/xhtml1/DTD/xhtml1-transitional.dtd">
<html xmlns="http://www.w3.org/1999/xhtml" xml:lang="en" lang="en">
 <head>
  <title>
</title>
<meta http-equiv="Content-Type" content="text/html;charset=utf-8" />
  <meta name='ocr-system' content='tesseract 3.04.00' />
  <meta name='ocr-capabilities' content='ocr_page ocr_carea ocr_par ocr_line ocrx_word'/>
</head>
<body>
  <div class='ocr_page' id='page_1' title='image "./patrologiaecurs00migngoog/patrologiaecurs00migngoog_0483.png"; bbox 0 0 3884 6150; ppageno 0'>
   <div class='ocr_carea' id='block_1_1' title="bbox 122 235 1796 303">
    <p class='ocr_par' dir='ltr' id='par_1_1' title="bbox 122 235 1796 303">
     <span class='ocr_line' id='line_1_1' title="bbox 122 235 1796 303; baseline 0.009 -15"><span class='ocrx_word' id='word_1_1' title='bbox 122 235 173 289; x_wconf 73' lang='lat' dir='ltr'><strong>ott</strong></span> <span class='ocrx_word' id='word_1_2' title='bbox 690 241 816 296; x_wconf 75' lang='lat' dir='ltr'>SAECULI</span> <span class='ocrx_word' id='word_1_3' title='bbox 836 241 931 294; x_wconf 81' lang='lat' dir='ltr'><strong>SEXTl</strong></span> <span class='ocrx_word' id='word_1_4' title='bbox 950 241 1224 300; x_wconf 70' lang='lat' dir='ltr'><strong>surrentinorum.</strong></span> <span class='ocrx_word' id='word_1_5' title='bbox 1747 249 1796 303; x_wconf 79' lang='lat' dir='ltr'><strong>95ss</strong></span> 
     </span>
    </p>
   </div>
   <div class='ocr_carea' id='block_1_2' title="bbox 123 347 1820 5829">
    <p class='ocr_par' dir='ltr' id='par_1_2' title="bbox 123 347 1811 4798">
     <span class='ocr_line' id='line_1_2' title="bbox 123 347 1802 430; baseline 0.005 -33"><span class='ocrx_word' id='word_1_6' title='bbox 123 359 239 414; x_wconf 76' lang='lat' dir='ltr'><strong>equum</strong></span> <span class='ocrx_word' id='word_1_7' title='bbox 251 347 295 399; x_wconf 85' lang='lat' dir='ltr'><strong>est</strong></span> <span class='ocrx_word' id='word_1_8' title='bbox 309 347 338 399; x_wconf 89' lang='lat' dir='ltr'><strong>ut</strong></span> <span class='ocrx_word' id='word_1_9' title='bbox 348 349 377 399; x_wconf 90' lang='lat' dir='ltr'><strong>et</strong></span> <span class='ocrx_word' id='word_1_10' title='bbox 388 362 434 400; x_wconf 93' lang='lat' dir='ltr'><strong>vos</strong></span> <span class='ocrx_word' id='word_1_11' title='bbox 444 362 510 401; x_wconf 90' lang='lat' dir='ltr'><strong>cum</strong></span> <span class='ocrx_word' id='word_1_12' title='bbox 522 363 634 402; x_wconf 88' lang='lat' dir='ltr'><strong>summa</strong></span> <span class='ocrx_word' id='word_1_13' title='bbox 646 350 734 404; x_wconf 89' lang='lat' dir='ltr'><strong>animi</strong></span> <span class='ocrx_word' id='word_1_14' title='bbox 748 349 892 408; x_wconf 87' lang='lat' dir='ltr'><strong>alacritate</strong></span> <span class='ocrx_word' id='word_1_15' title='bbox 904 353 935 405; x_wconf 86' lang='lat' dir='ltr'><strong>ot</strong></span> <span class='ocrx_word' id='word_1_16' title='bbox 944 355 974 430; x_wconf 70' lang='grc' dir='ltr'><strong>Α</strong></span> <span class='ocrx_word' id='word_1_17' title='bbox 982 348 1036 404; x_wconf 91' lang='lat' dir='ltr'><strong>bus</strong></span> <span class='ocrx_word' id='word_1_18' title='bbox 1045 350 1167 421; x_wconf 90' lang='lat' dir='ltr'><strong>eripere,</strong></span> <span class='ocrx_word' id='word_1_19' title='bbox 1179 367 1273 422; x_wconf 90' lang='lat' dir='ltr'><strong>neque</strong></span> <span class='ocrx_word' id='word_1_20' title='bbox 1283 350 1318 406; x_wconf 93' lang='lat' dir='ltr'><strong>ob</strong></span> <span class='ocrx_word' id='word_1_21' title='bbox 1326 350 1495 421; x_wconf 79' lang='lat' dir='ltr'><strong>predictam</strong></span> <span class='ocrx_word' id='word_1_22' title='bbox 1512 365 1628 405; x_wconf 86' lang='lat' dir='ltr'><strong>causam</strong></span> <span class='ocrx_word' id='word_1_23' title='bbox 1637 350 1716 422; x_wconf 91' lang='lat' dir='ltr'><strong>ipsos</strong></span> <span class='ocrx_word' id='word_1_24' title='bbox 1727 367 1802 423; x_wconf 77' lang='lat' dir='ltr'><strong>pre-</strong></span> 
     </span>
     <span class='ocr_line' id='line_1_3' title="bbox 124 423 1798 515; baseline 0.005 -25"><span class='ocrx_word' id='word_1_25' title='bbox 124 436 233 508; x_wconf 88' lang='lat' dir='ltr'><strong>absque</strong></span> <span class='ocrx_word' id='word_1_26' title='bbox 242 438 300 493; x_wconf 92' lang='lat' dir='ltr'><strong>ullo</strong></span> <span class='ocrx_word' id='word_1_27' title='bbox 311 439 601 510; x_wconf 87' lang='lat' dir='ltr'><strong>detrimentopublica</strong></span> <span class='ocrx_word' id='word_1_28' title='bbox 610 441 714 499; x_wconf 89' lang='lat' dir='ltr'><strong>tributa</strong></span> <span class='ocrx_word' id='word_1_29' title='bbox 723 423 863 511; x_wconf 77' lang='lat' dir='ltr'><strong>inferatis,</strong></span> <span class='ocrx_word' id='word_1_30' title='bbox 875 461 934 500; x_wconf 89' lang='lat' dir='ltr'><strong>non</strong></span> <span class='ocrx_word' id='word_1_31' title='bbox 983 445 1059 499; x_wconf 89' lang='lat' dir='ltr'><strong>sides</strong></span> <span class='ocrx_word' id='word_1_32' title='bbox 1070 460 1201 500; x_wconf 87' lang='lat' dir='ltr'><strong>coercere</strong></span> <span class='ocrx_word' id='word_1_33' title='bbox 1213 444 1369 515; x_wconf 88' lang='lat' dir='ltr'><strong>potuerint.</strong></span> <span class='ocrx_word' id='word_1_34' title='bbox 1383 445 1439 499; x_wconf 87' lang='lat' dir='ltr'><strong>Nos</strong></span> <span class='ocrx_word' id='word_1_35' title='bbox 1454 446 1552 498; x_wconf 90' lang='lat' dir='ltr'><strong>autem</strong></span> <span class='ocrx_word' id='word_1_36' title='bbox 1564 443 1632 498; x_wconf 89' lang='lat' dir='ltr'><strong>satis</strong></span> <span class='ocrx_word' id='word_1_37' title='bbox 1643 459 1706 498; x_wconf 88' lang='lat' dir='ltr'><strong>esse</strong></span> <span class='ocrx_word' id='word_1_38' title='bbox 1721 443 1798 498; x_wconf 89' lang='lat' dir='ltr'><strong>redi·</strong></span> 
     </span>
     <span class='ocr_line' id='line_1_4' title="bbox 125 532 1799 608; baseline 0.005 -24"><span class='ocrx_word' id='word_1_39' title='bbox 125 535 285 602; x_wconf 87' lang='lat' dir='ltr'><strong>exspectata</strong></span> <span class='ocrx_word' id='word_1_40' title='bbox 299 532 493 603; x_wconf 90' lang='lat' dir='ltr'><strong>compulsione</strong></span> <span class='ocrx_word' id='word_1_41' title='bbox 506 534 671 605; x_wconf 76' lang='lat' dir='ltr'><strong>praesidum,</strong></span> <span class='ocrx_word' id='word_1_42' title='bbox 687 536 745 592; x_wconf 90' lang='lat' dir='ltr'><strong>imo</strong></span> <span class='ocrx_word' id='word_1_43' title='bbox 759 538 799 592; x_wconf 90' lang='lat' dir='ltr'><strong>ita</strong></span> <span class='ocrx_word' id='word_1_44' title='bbox 814 555 861 592; x_wconf 93' lang='lat' dir='ltr'><strong>vos</strong></span> <span class='ocrx_word' id='word_1_45' title='bbox 873 539 933 593; x_wconf 88' lang='lat' dir='ltr'><strong>ela·</strong></span> <span class='ocrx_word' id='word_1_46' title='bbox 984 539 1065 591; x_wconf 92' lang='lat' dir='ltr'><strong>tuum</strong></span> <span class='ocrx_word' id='word_1_47' title='bbox 1073 536 1195 608; x_wconf 90' lang='lat' dir='ltr'><strong>imperio</strong></span> <span class='ocrx_word' id='word_1_48' title='bbox 1209 537 1393 603; x_wconf 78' lang='lat' dir='ltr'><strong>arbitramur,</strong></span> <span class='ocrx_word' id='word_1_49' title='bbox 1409 535 1680 607; x_wconf 89' lang='lat' dir='ltr'><strong>sivelsolapubliea</strong></span> <span class='ocrx_word' id='word_1_50' title='bbox 1689 535 1799 593; x_wconf 85' lang='lat' dir='ltr'><strong>tributa</strong></span> 
     </span>
     <span class='ocr_line' id='line_1_5' title="bbox 125 625 1797 702; baseline 0.004 -25"><span class='ocrx_word' id='word_1_51' title='bbox 125 639 196 690; x_wconf 87' lang='lat' dir='ltr'><strong>cres,</strong></span> <span class='ocrx_word' id='word_1_52' title='bbox 213 628 242 681; x_wconf 91' lang='lat' dir='ltr'><strong>et</strong></span> <span class='ocrx_word' id='word_1_53' title='bbox 263 625 377 680; x_wconf 90' lang='lat' dir='ltr'><strong>devotos</strong></span> <span class='ocrx_word' id='word_1_54' title='bbox 395 626 467 682; x_wconf 93' lang='lat' dir='ltr'><strong>ultro</strong></span> <span class='ocrx_word' id='word_1_55' title='bbox 489 628 649 699; x_wconf 77' lang='lat' dir='ltr'><strong>praebeatis,</strong></span> <span class='ocrx_word' id='word_1_56' title='bbox 671 633 702 685; x_wconf 93' lang='lat' dir='ltr'><strong>ut</strong></span> <span class='ocrx_word' id='word_1_57' title='bbox 724 632 804 686; x_wconf 89' lang='lat' dir='ltr'><strong>nobis</strong></span> <span class='ocrx_word' id='word_1_58' title='bbox 819 648 851 686; x_wconf 90' lang='lat' dir='ltr'><strong>ex</strong></span> <span class='ocrx_word' id='word_1_59' title='bbox 866 632 935 702; x_wconf 91' lang='lat' dir='ltr'><strong>ipsis</strong></span> <span class='ocrx_word' id='word_1_60' title='bbox 984 630 1133 685; x_wconf 70' lang='lat' dir='ltr'><strong>collatores</strong></span> <span class='ocrx_word' id='word_1_61' title='bbox 1149 631 1286 698; x_wconf 90' lang='lat' dir='ltr'><strong>inferant,</strong></span> <span class='ocrx_word' id='word_1_62' title='bbox 1298 646 1392 700; x_wconf 89' lang='lat' dir='ltr'><strong>neque</strong></span> <span class='ocrx_word' id='word_1_63' title='bbox 1404 645 1474 700; x_wconf 91' lang='lat' dir='ltr'><strong>opus</strong></span> <span class='ocrx_word' id='word_1_64' title='bbox 1490 646 1561 695; x_wconf 85' lang='lat' dir='ltr'><strong>esse,</strong></span> <span class='ocrx_word' id='word_1_65' title='bbox 1577 632 1609 684; x_wconf 94' lang='lat' dir='ltr'><strong>ut</strong></span> <span class='ocrx_word' id='word_1_66' title='bbox 1623 632 1705 684; x_wconf 90' lang='lat' dir='ltr'><strong>extra</strong></span> <span class='ocrx_word' id='word_1_67' title='bbox 1721 628 1797 684; x_wconf 91' lang='lat' dir='ltr'><strong>ordi·</strong></span> 
     </span>
     <span class='ocr_line' id='line_1_6' title="bbox 126 716 1799 796; baseline 0.004 -27"><span class='ocrx_word' id='word_1_68' title='bbox 126 716 206 772; x_wconf 71' lang='lat' dir='ltr'><strong>facts</strong></span> <span class='ocrx_word' id='word_1_69' title='bbox 221 716 355 771; x_wconf 91' lang='lat' dir='ltr'><strong>indicium</strong></span> <span class='ocrx_word' id='word_1_70' title='bbox 367 718 416 774; x_wconf 86' lang='lat' dir='ltr'><strong>flat</strong></span> <span class='ocrx_word' id='word_1_71' title='bbox 426 720 503 791; x_wconf 89' lang='lat' dir='ltr'><strong>quod</strong></span> <span class='ocrx_word' id='word_1_72' title='bbox 516 738 566 793; x_wconf 91' lang='lat' dir='ltr'><strong>pro</strong></span> <span class='ocrx_word' id='word_1_73' title='bbox 579 727 637 777; x_wconf 84' lang='lat' dir='ltr'><strong>tam</strong></span> <span class='ocrx_word' id='word_1_74' title='bbox 650 725 746 795; x_wconf 87' lang='lat' dir='ltr'><strong>ampla</strong></span> <span class='ocrx_word' id='word_1_75' title='bbox 760 740 829 796; x_wconf 87' lang='lat' dir='ltr'><strong>erga</strong></span> <span class='ocrx_word' id='word_1_76' title='bbox 844 741 936 796; x_wconf 86' lang='lat' dir='ltr'><strong>genus</strong></span> <span class='ocrx_word' id='word_1_77' title='bbox 986 739 1053 777; x_wconf 89' lang='lat' dir='ltr'><strong>nem</strong></span> <span class='ocrx_word' id='word_1_78' title='bbox 1063 723 1093 777; x_wconf 89' lang='lat' dir='ltr'><strong>iu</strong></span> <span class='ocrx_word' id='word_1_79' title='bbox 1109 723 1169 778; x_wconf 89' lang='lat' dir='ltr'><strong>dies</strong></span> <span class='ocrx_word' id='word_1_80' title='bbox 1183 723 1238 778; x_wconf 92' lang='lat' dir='ltr'><strong>alia</strong></span> <span class='ocrx_word' id='word_1_81' title='bbox 1253 726 1339 794; x_wconf 89' lang='lat' dir='ltr'><strong>atque</strong></span> <span class='ocrx_word' id='word_1_82' title='bbox 1354 723 1411 778; x_wconf 89' lang='lat' dir='ltr'><strong>alia</strong></span> <span class='ocrx_word' id='word_1_83' title='bbox 1427 723 1645 793; x_wconf 82' lang='lat' dir='ltr'><strong>conquirantur,</strong></span> <span class='ocrx_word' id='word_1_84' title='bbox 1657 738 1725 794; x_wconf 84' lang='lat' dir='ltr'><strong>quae</strong></span> <span class='ocrx_word' id='word_1_85' title='bbox 1737 722 1799 776; x_wconf 86' lang='lat' dir='ltr'><strong>uui·</strong></span> 
     </span>
     <span class='ocr_line' id='line_1_7' title="bbox 126 809 1650 882; baseline 0.002 -16"><span class='ocrx_word' id='word_1_86' title='bbox 126 809 283 866; x_wconf 89' lang='lat' dir='ltr'><strong>humanum</strong></span> <span class='ocrx_word' id='word_1_87' title='bbox 306 810 482 882; x_wconf 77' lang='lat' dir='ltr'><strong>benignitate</strong></span> <span class='ocrx_word' id='word_1_88' title='bbox 505 820 628 871; x_wconf 90' lang='lat' dir='ltr'><strong>vestram</strong></span> <span class='ocrx_word' id='word_1_89' title='bbox 650 817 732 872; x_wconf 90' lang='lat' dir='ltr'><strong>nobis</strong></span> <span class='ocrx_word' id='word_1_90' title='bbox 753 818 936 875; x_wconf 89' lang='lat' dir='ltr'><strong>devotionem</strong></span> <span class='ocrx_word' id='word_1_91' title='bbox 984 832 1098 871; x_wconf 86' lang='lat' dir='ltr'><strong>versam</strong></span> <span class='ocrx_word' id='word_1_92' title='bbox 1108 816 1172 870; x_wconf 74' lang='lat' dir='ltr'><strong>vitae</strong></span> <span class='ocrx_word' id='word_1_93' title='bbox 1188 816 1332 871; x_wconf 91' lang='lat' dir='ltr'><strong>rationem</strong></span> <span class='ocrx_word' id='word_1_94' title='bbox 1343 816 1463 871; x_wconf 91' lang='lat' dir='ltr'><strong>subditis</strong></span> <span class='ocrx_word' id='word_1_95' title='bbox 1473 815 1650 870; x_wconf 89' lang='lat' dir='ltr'><strong>concutiant.</strong></span> 
     </span>
     <span class='ocr_line' id='line_1_8' title="bbox 125 904 1799 981; baseline 0.002 -24"><span class='ocrx_word' id='word_1_96' title='bbox 125 904 344 972; x_wconf 76' lang='lat' dir='ltr'><strong>representatis,</strong></span> <span class='ocrx_word' id='word_1_97' title='bbox 355 908 383 958; x_wconf 91' lang='lat' dir='ltr'><strong>et</strong></span> <span class='ocrx_word' id='word_1_98' title='bbox 397 907 500 962; x_wconf 89' lang='lat' dir='ltr'><strong>merito</strong></span> <span class='ocrx_word' id='word_1_99' title='bbox 510 910 585 979; x_wconf 87' lang='lat' dir='ltr'><strong>apud</strong></span> <span class='ocrx_word' id='word_1_100' title='bbox 593 912 727 981; x_wconf 78' lang='lat' dir='ltr'><strong>presides</strong></span> <span class='ocrx_word' id='word_1_101' title='bbox 735 912 937 968; x_wconf 88' lang='lat' dir='ltr'><strong>occasionede-</strong></span> <span class='ocrx_word' id='word_1_102' title='bbox 1021 908 1101 974; x_wconf 82' lang='lat' dir='ltr'><strong>Quod</strong></span> <span class='ocrx_word' id='word_1_103' title='bbox 1114 926 1210 964; x_wconf 89' lang='lat' dir='ltr'><strong>veroa</strong></span> <span class='ocrx_word' id='word_1_104' title='bbox 1225 909 1307 964; x_wconf 90' lang='lat' dir='ltr'><strong>nobis</strong></span> <span class='ocrx_word' id='word_1_105' title='bbox 1320 910 1406 980; x_wconf 89' lang='lat' dir='ltr'><strong>paulo</strong></span> <span class='ocrx_word' id='word_1_106' title='bbox 1421 912 1487 963; x_wconf 89' lang='lat' dir='ltr'><strong>ante</strong></span> <span class='ocrx_word' id='word_1_107' title='bbox 1501 908 1609 963; x_wconf 90' lang='lat' dir='ltr'><strong>dictum</strong></span> <span class='ocrx_word' id='word_1_108' title='bbox 1623 910 1678 974; x_wconf 87' lang='lat' dir='ltr'><strong>est,</strong></span> <span class='ocrx_word' id='word_1_109' title='bbox 1695 907 1726 962; x_wconf 92' lang='lat' dir='ltr'><strong>id</strong></span> <span class='ocrx_word' id='word_1_110' title='bbox 1739 924 1799 962; x_wconf 88' lang='lat' dir='ltr'><strong>ma-</strong></span> 
     </span>
     <span class='ocr_line' id='line_1_9' title="bbox 125 995 1800 1075; baseline 0.005 -28"><span class='ocrx_word' id='word_1_111' title='bbox 125 995 243 1049; x_wconf 87' lang='lat' dir='ltr'><strong>votionis</strong></span> <span class='ocrx_word' id='word_1_112' title='bbox 259 1013 402 1052; x_wconf 89' lang='lat' dir='ltr'><strong>summum</strong></span> <span class='ocrx_word' id='word_1_113' title='bbox 422 1000 549 1056; x_wconf 86' lang='lat' dir='ltr'><strong>favorem</strong></span> <span class='ocrx_word' id='word_1_114' title='bbox 565 1003 714 1058; x_wconf 88' lang='lat' dir='ltr'><strong>obtineatis</strong></span> <span class='ocrx_word' id='word_1_115' title='bbox 729 1008 757 1059; x_wconf 91' lang='lat' dir='ltr'><strong>et</strong></span> <span class='ocrx_word' id='word_1_116' title='bbox 780 1005 934 1075; x_wconf 84' lang='lat' dir='ltr'><strong>providen—</strong></span> <span class='ocrx_word' id='word_1_117' title='bbox 982 1003 1046 1073; x_wconf 88' lang='lat' dir='ltr'><strong>jore</strong></span> <span class='ocrx_word' id='word_1_118' title='bbox 1057 1003 1156 1068; x_wconf 88' lang='lat' dir='ltr'><strong>etiam,</strong></span> <span class='ocrx_word' id='word_1_119' title='bbox 1168 1006 1197 1057; x_wconf 90' lang='lat' dir='ltr'><strong>et</strong></span> <span class='ocrx_word' id='word_1_120' title='bbox 1207 1002 1390 1073; x_wconf 83' lang='lat' dir='ltr'><strong>exquisitiore</strong></span> <span class='ocrx_word' id='word_1_121' title='bbox 1409 1001 1588 1072; x_wconf 81' lang='lat' dir='ltr'><strong>legislatione</strong></span> <span class='ocrx_word' id='word_1_122' title='bbox 1604 1000 1800 1056; x_wconf 89' lang='lat' dir='ltr'><strong>muniendum</strong></span> 
     </span>
     <span class='ocr_line' id='line_1_10' title="bbox 126 1089 1802 1170; baseline 0.004 -29"><span class='ocrx_word' id='word_1_123' title='bbox 126 1089 205 1143; x_wconf 84' lang='lat' dir='ltr'><strong>tiam.</strong></span> <span class='ocrx_word' id='word_1_124' title='bbox 223 1091 262 1143; x_wconf 78' lang='lat' dir='ltr'><strong>Ac</strong></span> <span class='ocrx_word' id='word_1_125' title='bbox 276 1108 342 1145; x_wconf 90' lang='lat' dir='ltr'><strong>cum</strong></span> <span class='ocrx_word' id='word_1_126' title='bbox 357 1094 474 1149; x_wconf 91' lang='lat' dir='ltr'><strong>omnino</strong></span> <span class='ocrx_word' id='word_1_127' title='bbox 493 1096 661 1166; x_wconf 74' lang='lat' dir='ltr'><strong>presidibus</strong></span> <span class='ocrx_word' id='word_1_128' title='bbox 676 1098 848 1153; x_wconf 90' lang='lat' dir='ltr'><strong>tributorum</strong></span> <span class='ocrx_word' id='word_1_129' title='bbox 859 1099 934 1170; x_wconf 91' lang='lat' dir='ltr'><strong>peri·</strong></span> <span class='ocrx_word' id='word_1_130' title='bbox 986 1096 1159 1162; x_wconf 90' lang='lat' dir='ltr'><strong>censuimus,</strong></span> <span class='ocrx_word' id='word_1_131' title='bbox 1171 1098 1203 1149; x_wconf 91' lang='lat' dir='ltr'><strong>ut</strong></span> <span class='ocrx_word' id='word_1_132' title='bbox 1210 1094 1300 1151; x_wconf 89' lang='lat' dir='ltr'><strong>animi</strong></span> <span class='ocrx_word' id='word_1_133' title='bbox 1310 1094 1398 1149; x_wconf 90' lang='lat' dir='ltr'><strong>nostri</strong></span> <span class='ocrx_word' id='word_1_134' title='bbox 1408 1093 1587 1166; x_wconf 88' lang='lat' dir='ltr'><strong>propositum</strong></span> <span class='ocrx_word' id='word_1_135' title='bbox 1597 1094 1802 1148; x_wconf 91' lang='lat' dir='ltr'><strong>omnibuselu·</strong></span> 
     </span>
     <span class='ocr_line' id='line_1_11' title="bbox 127 1182 1803 1263; baseline 0.004 -29"><span class='ocrx_word' id='word_1_136' title='bbox 127 1182 222 1237; x_wconf 81' lang='lat' dir='ltr'><strong>errlum</strong></span> <span class='ocrx_word' id='word_1_137' title='bbox 232 1183 389 1252; x_wconf 88' lang='lat' dir='ltr'><strong>immineat,</strong></span> <span class='ocrx_word' id='word_1_138' title='bbox 400 1187 466 1242; x_wconf 90' lang='lat' dir='ltr'><strong>etin</strong></span> <span class='ocrx_word' id='word_1_139' title='bbox 475 1189 603 1244; x_wconf 88' lang='lat' dir='ltr'><strong>confesso</strong></span> <span class='ocrx_word' id='word_1_140' title='bbox 612 1194 654 1245; x_wconf 90' lang='lat' dir='ltr'><strong>est</strong></span> <span class='ocrx_word' id='word_1_141' title='bbox 665 1191 742 1263; x_wconf 93' lang='lat' dir='ltr'><strong>quod</strong></span> <span class='ocrx_word' id='word_1_142' title='bbox 750 1209 801 1247; x_wconf 90' lang='lat' dir='ltr'><strong>suo</strong></span> <span class='ocrx_word' id='word_1_143' title='bbox 809 1193 936 1263; x_wconf 89' lang='lat' dir='ltr'><strong>periculo</strong></span> <span class='ocrx_word' id='word_1_144' title='bbox 986 1193 1089 1244; x_wconf 78' lang='lat' dir='ltr'><strong>rescat.</strong></span> <span class='ocrx_word' id='word_1_145' title='bbox 1101 1188 1252 1244; x_wconf 87' lang='lat' dir='ltr'><strong>Sancimus</strong></span> <span class='ocrx_word' id='word_1_146' title='bbox 1260 1187 1340 1243; x_wconf 90' lang='lat' dir='ltr'><strong>enim</strong></span> <span class='ocrx_word' id='word_1_147' title='bbox 1349 1187 1747 1257; x_wconf 85' lang='lat' dir='ltr'><strong>utclarissimisubjectarum</strong></span> <span class='ocrx_word' id='word_1_148' title='bbox 1756 1203 1803 1241; x_wconf 86' lang='lat' dir='ltr'><strong>no·</strong></span> 
     </span>
     <span class='ocr_line' id='line_1_12' title="bbox 127 1274 1800 1356; baseline 0.005 -29"><span class='ocrx_word' id='word_1_149' title='bbox 127 1274 163 1328; x_wconf 89' lang='lat' dir='ltr'><strong>ad</strong></span> <span class='ocrx_word' id='word_1_150' title='bbox 179 1276 273 1330; x_wconf 79' lang='lat' dir='ltr'><strong>officia</strong></span> <span class='ocrx_word' id='word_1_151' title='bbox 288 1279 514 1349; x_wconf 82' lang='lat' dir='ltr'><strong>proficiscuntur,</strong></span> <span class='ocrx_word' id='word_1_152' title='bbox 531 1282 617 1353; x_wconf 89' lang='lat' dir='ltr'><strong>idque</strong></span> <span class='ocrx_word' id='word_1_153' title='bbox 631 1283 718 1339; x_wconf 86' lang='lat' dir='ltr'><strong>etiam</strong></span> <span class='ocrx_word' id='word_1_154' title='bbox 729 1301 777 1338; x_wconf 90' lang='lat' dir='ltr'><strong>vos</strong></span> <span class='ocrx_word' id='word_1_155' title='bbox 789 1285 935 1356; x_wconf 88' lang='lat' dir='ltr'><strong>cognosci·</strong></span> <span class='ocrx_word' id='word_1_156' title='bbox 986 1283 1030 1337; x_wconf 91' lang='lat' dir='ltr'><strong>bis</strong></span> <span class='ocrx_word' id='word_1_157' title='bbox 1044 1281 1254 1353; x_wconf 88' lang='lat' dir='ltr'><strong>provinciarum</strong></span> <span class='ocrx_word' id='word_1_158' title='bbox 1266 1280 1412 1352; x_wconf 73' lang='lat' dir='ltr'><strong>presides,</strong></span> <span class='ocrx_word' id='word_1_159' title='bbox 1422 1280 1530 1352; x_wconf 85' lang='lat' dir='ltr'><strong>absque</strong></span> <span class='ocrx_word' id='word_1_160' title='bbox 1541 1280 1599 1335; x_wconf 88' lang='lat' dir='ltr'><strong>ulla</strong></span> <span class='ocrx_word' id='word_1_161' title='bbox 1608 1279 1800 1351; x_wconf 83' lang='lat' dir='ltr'><strong>pecuniarum</strong></span> 
     </span>
     <span class='ocr_line' id='line_1_13' title="bbox 126 1366 1800 1445; baseline 0.002 -25"><span class='ocrx_word' id='word_1_162' title='bbox 126 1366 171 1433; x_wconf 89' lang='lat' dir='ltr'><strong>tis,</strong></span> <span class='ocrx_word' id='word_1_163' title='bbox 187 1371 320 1425; x_wconf 89' lang='lat' dir='ltr'><strong>convenit</strong></span> <span class='ocrx_word' id='word_1_164' title='bbox 338 1375 369 1426; x_wconf 93' lang='lat' dir='ltr'><strong>ut</strong></span> <span class='ocrx_word' id='word_1_165' title='bbox 390 1377 418 1428; x_wconf 91' lang='lat' dir='ltr'><strong>et</strong></span> <span class='ocrx_word' id='word_1_166' title='bbox 439 1391 488 1429; x_wconf 92' lang='lat' dir='ltr'><strong>vos</strong></span> <span class='ocrx_word' id='word_1_167' title='bbox 509 1375 562 1430; x_wconf 89' lang='lat' dir='ltr'><strong>ista</strong></span> <span class='ocrx_word' id='word_1_168' title='bbox 575 1376 707 1445; x_wconf 88' lang='lat' dir='ltr'><strong>scientes,</strong></span> <span class='ocrx_word' id='word_1_169' title='bbox 724 1378 937 1435; x_wconf 80' lang='lat' dir='ltr'><strong>indevotionem</strong></span> <span class='ocrx_word' id='word_1_170' title='bbox 988 1371 1104 1426; x_wconf 90' lang='lat' dir='ltr'><strong>datione</strong></span> <span class='ocrx_word' id='word_1_171' title='bbox 1117 1371 1213 1438; x_wconf 90' lang='lat' dir='ltr'><strong>creati,</strong></span> <span class='ocrx_word' id='word_1_172' title='bbox 1230 1376 1258 1426; x_wconf 90' lang='lat' dir='ltr'><strong>et</strong></span> <span class='ocrx_word' id='word_1_173' title='bbox 1269 1369 1387 1440; x_wconf 74' lang='lat' dir='ltr'><strong>praestiti</strong></span> <span class='ocrx_word' id='word_1_174' title='bbox 1402 1386 1419 1425; x_wconf 90' lang='lat' dir='ltr'><strong>a</strong></span> <span class='ocrx_word' id='word_1_175' title='bbox 1432 1385 1461 1424; x_wconf 89' lang='lat' dir='ltr'><strong>se</strong></span> <span class='ocrx_word' id='word_1_176' title='bbox 1473 1368 1665 1439; x_wconf 90' lang='lat' dir='ltr'><strong>jurisjurandi</strong></span> <span class='ocrx_word' id='word_1_177' title='bbox 1689 1385 1800 1424; x_wconf 80' lang='lat' dir='ltr'><strong>memo</strong></span> 
     </span>
     <span class='ocr_line' id='line_1_14' title="bbox 127 1461 1802 1540; baseline 0.008 -26"><span class='ocrx_word' id='word_1_178' title='bbox 127 1462 260 1516; x_wconf 89' lang='lat' dir='ltr'><strong>omnibus</strong></span> <span class='ocrx_word' id='word_1_179' title='bbox 270 1465 589 1540; x_wconf 89' lang='lat' dir='ltr'><strong>modisevitetis,neque</strong></span> <span class='ocrx_word' id='word_1_180' title='bbox 597 1469 636 1524; x_wconf 90' lang='lat' dir='ltr'><strong>ita</strong></span> <span class='ocrx_word' id='word_1_181' title='bbox 645 1471 771 1526; x_wconf 90' lang='lat' dir='ltr'><strong>rationes</strong></span> <span class='ocrx_word' id='word_1_182' title='bbox 780 1488 812 1526; x_wconf 91' lang='lat' dir='ltr'><strong>ac</strong></span> <span class='ocrx_word' id='word_1_183' title='bbox 821 1472 939 1528; x_wconf 88' lang='lat' dir='ltr'><strong>consilia</strong></span> <span class='ocrx_word' id='word_1_184' title='bbox 987 1482 1043 1532; x_wconf 74' lang='lat' dir='ltr'><strong>res,</strong></span> <span class='ocrx_word' id='word_1_185' title='bbox 1056 1462 1550 1535; x_wconf 65' lang='lat' dir='ltr'><strong>hocflfiamjuw110bl³⁰bil¹10³1¹f2</strong></span> <span class='ocrx_word' id='word_1_186' title='bbox 1563 1478 1600 1515; x_wconf 70' lang='lat'><strong>¹¹0</strong></span> <span class='ocrx_word' id='word_1_187' title='bbox 1617 1478 1676 1533; x_wconf 66' lang='lat'>‘1¹¹³</span> <span class='ocrx_word' id='word_1_188' title='bbox 1691 1461 1728 1516; x_wconf 63' lang='lat' dir='ltr'><strong>Sit</strong></span> <span class='ocrx_word' id='word_1_189' title='bbox 1743 1478 1802 1516; x_wconf 83' lang='lat'>⁰¹11·</span> 
     </span>
     <span class='ocr_line' id='line_1_15' title="bbox 129 1554 1802 1636; baseline 0.001 -29"><span class='ocrx_word' id='word_1_190' title='bbox 129 1557 264 1610; x_wconf 86' lang='lat' dir='ltr'><strong>vestraad</strong></span> <span class='ocrx_word' id='word_1_191' title='bbox 274 1557 498 1615; x_wconf 86' lang='lat' dir='ltr'><strong>inobedientiam</strong></span> <span class='ocrx_word' id='word_1_192' title='bbox 509 1562 673 1632; x_wconf 89' lang='lat' dir='ltr'><strong>traducatis,</strong></span> <span class='ocrx_word' id='word_1_193' title='bbox 683 1566 714 1618; x_wconf 93' lang='lat' dir='ltr'><strong>ut</strong></span> <span class='ocrx_word' id='word_1_194' title='bbox 723 1565 849 1636; x_wconf 92' lang='lat' dir='ltr'><strong>ipsorum</strong></span> <span class='ocrx_word' id='word_1_195' title='bbox 858 1567 939 1622; x_wconf 83' lang='lat' dir='ltr'><strong>veho·</strong></span> <span class='ocrx_word' id='word_1_196' title='bbox 988 1560 1057 1614; x_wconf 90' lang='lat' dir='ltr'><strong>nino</strong></span> <span class='ocrx_word' id='word_1_197' title='bbox 1068 1558 1144 1630; x_wconf 88' lang='lat' dir='ltr'><strong>apud</strong></span> <span class='ocrx_word' id='word_1_198' title='bbox 1157 1557 1233 1628; x_wconf 90' lang='lat' dir='ltr'><strong>ipsos</strong></span> <span class='ocrx_word' id='word_1_199' title='bbox 1242 1556 1295 1610; x_wconf 88' lang='lat' dir='ltr'><strong>fori</strong></span> <span class='ocrx_word' id='word_1_200' title='bbox 1305 1555 1491 1626; x_wconf 75' lang='lat' dir='ltr'><strong>prescriptio,</strong></span> <span class='ocrx_word' id='word_1_201' title='bbox 1504 1554 1562 1609; x_wconf 86' lang='lat' dir='ltr'><strong>sive</strong></span> <span class='ocrx_word' id='word_1_202' title='bbox 1576 1554 1614 1609; x_wconf 90' lang='lat' dir='ltr'><strong>de</strong></span> <span class='ocrx_word' id='word_1_203' title='bbox 1622 1555 1651 1608; x_wconf 79' lang='lat' dir='ltr'><strong>vi</strong></span> <span class='ocrx_word' id='word_1_204' title='bbox 1659 1554 1802 1625; x_wconf 83' lang='lat' dir='ltr'><strong>aliquibus</strong></span> 
     </span>
     <span class='ocr_line' id='line_1_16' title="bbox 129 1647 1802 1731; baseline 0.001 -31"><span class='ocrx_word' id='word_1_205' title='bbox 129 1648 235 1702; x_wconf 89' lang='lat' dir='ltr'><strong>mentia</strong></span> <span class='ocrx_word' id='word_1_206' title='bbox 249 1651 373 1720; x_wconf 90' lang='lat' dir='ltr'><strong>opussit,</strong></span> <span class='ocrx_word' id='word_1_207' title='bbox 389 1668 474 1722; x_wconf 89' lang='lat' dir='ltr'><strong>quam</strong></span> <span class='ocrx_word' id='word_1_208' title='bbox 483 1660 649 1710; x_wconf 89' lang='lat' dir='ltr'><strong>necesseest</strong></span> <span class='ocrx_word' id='word_1_209' title='bbox 658 1674 706 1711; x_wconf 91' lang='lat' dir='ltr'><strong>eos</strong></span> <span class='ocrx_word' id='word_1_210' title='bbox 718 1674 861 1714; x_wconf 88' lang='lat' dir='ltr'><strong>assumere</strong></span> <span class='ocrx_word' id='word_1_211' title='bbox 872 1677 937 1731; x_wconf 87' lang='lat' dir='ltr'><strong>pro·</strong></span> <span class='ocrx_word' id='word_1_212' title='bbox 988 1652 1076 1719; x_wconf 84' lang='lat' dir='ltr'><strong>illata,</strong></span> <span class='ocrx_word' id='word_1_213' title='bbox 1091 1651 1149 1706; x_wconf 84' lang='lat' dir='ltr'><strong>sive</strong></span> <span class='ocrx_word' id='word_1_214' title='bbox 1164 1650 1200 1706; x_wconf 92' lang='lat' dir='ltr'><strong>de</strong></span> <span class='ocrx_word' id='word_1_215' title='bbox 1213 1648 1389 1717; x_wconf 88' lang='lat' dir='ltr'><strong>criminibus,</strong></span> <span class='ocrx_word' id='word_1_216' title='bbox 1401 1653 1428 1703; x_wconf 89' lang='lat' dir='ltr'><strong>et</strong></span> <span class='ocrx_word' id='word_1_217' title='bbox 1443 1648 1508 1704; x_wconf 85' lang='lat' dir='ltr'><strong>inde</strong></span> <span class='ocrx_word' id='word_1_218' title='bbox 1519 1648 1595 1703; x_wconf 85' lang='lat' dir='ltr'><strong>natis</strong></span> <span class='ocrx_word' id='word_1_219' title='bbox 1608 1647 1736 1718; x_wconf 86' lang='lat' dir='ltr'><strong>injuriis,</strong></span> <span class='ocrx_word' id='word_1_220' title='bbox 1749 1649 1802 1703; x_wconf 86' lang='lat' dir='ltr'><strong>sive</strong></span> 
     </span>
     <span class='ocr_line' id='line_1_17' title="bbox 130 1718 1802 1823; baseline 0.001 -29"><span class='ocrx_word' id='word_1_221' title='bbox 130 1744 196 1810; x_wconf 89' lang='lat' dir='ltr'><strong>pter</strong></span> <span class='ocrx_word' id='word_1_222' title='bbox 209 1741 402 1799; x_wconf 88' lang='lat' dir='ltr'><strong>inevitabilem</strong></span> <span class='ocrx_word' id='word_1_223' title='bbox 412 1746 586 1803; x_wconf 88' lang='lat' dir='ltr'><strong>tributorum</strong></span> <span class='ocrx_word' id='word_1_224' title='bbox 594 1750 778 1807; x_wconf 81' lang='lat' dir='ltr'><strong>exactionem.</strong></span> <span class='ocrx_word' id='word_1_225' title='bbox 790 1751 938 1823; x_wconf 86' lang='lat' dir='ltr'><strong>Siquidem</strong></span> <span class='ocrx_word' id='word_1_226' title='bbox 949 1718 978 1790; x_wconf 81' lang='grc' dir='ltr'>Β</span> <span class='ocrx_word' id='word_1_227' title='bbox 989 1746 1024 1800; x_wconf 88' lang='lat' dir='ltr'><strong>dc</strong></span> <span class='ocrx_word' id='word_1_228' title='bbox 1035 1744 1178 1800; x_wconf 81' lang='lat' dir='ltr'><strong>instantiis</strong></span> <span class='ocrx_word' id='word_1_229' title='bbox 1187 1742 1343 1813; x_wconf 88' lang='lat' dir='ltr'><strong>acjudiciis</strong></span> <span class='ocrx_word' id='word_1_230' title='bbox 1353 1741 1483 1813; x_wconf 90' lang='lat' dir='ltr'><strong>publicis,</strong></span> <span class='ocrx_word' id='word_1_231' title='bbox 1497 1741 1556 1796; x_wconf 89' lang='lat' dir='ltr'><strong>sive</strong></span> <span class='ocrx_word' id='word_1_232' title='bbox 1569 1740 1607 1795; x_wconf 89' lang='lat' dir='ltr'><strong>de</strong></span> <span class='ocrx_word' id='word_1_233' title='bbox 1620 1741 1802 1812; x_wconf 90' lang='lat' dir='ltr'><strong>publicomm</strong></span> 
     </span>
     <span class='ocr_line' id='line_1_18' title="bbox 131 1832 1802 1916; baseline 0.011 -30"><span class='ocrx_word' id='word_1_234' title='bbox 131 1839 159 1888; x_wconf 88' lang='lat' dir='ltr'><strong>ot</strong></span> <span class='ocrx_word' id='word_1_235' title='bbox 172 1834 251 1889; x_wconf 90' lang='lat' dir='ltr'><strong>vobis</strong></span> <span class='ocrx_word' id='word_1_236' title='bbox 266 1841 365 1892; x_wconf 88' lang='lat' dir='ltr'><strong>notum</strong></span> <span class='ocrx_word' id='word_1_237' title='bbox 378 1842 429 1905; x_wconf 88' lang='lat' dir='ltr'><strong>est,</strong></span> <span class='ocrx_word' id='word_1_238' title='bbox 442 1855 457 1893; x_wconf 95' lang='lat' dir='ltr'><strong>o</strong></span> <span class='ocrx_word' id='word_1_239' title='bbox 471 1840 576 1896; x_wconf 89' lang='lat' dir='ltr'><strong>subditi</strong></span> <span class='ocrx_word' id='word_1_240' title='bbox 589 1844 687 1912; x_wconf 88' lang='lat' dir='ltr'><strong>nostri,</strong></span> <span class='ocrx_word' id='word_1_241' title='bbox 702 1845 779 1916; x_wconf 93' lang='lat' dir='ltr'><strong>quod</strong></span> <span class='ocrx_word' id='word_1_242' title='bbox 801 1846 940 1901; x_wconf 89' lang='lat' dir='ltr'><strong>militares</strong></span> <span class='ocrx_word' id='word_1_243' title='bbox 989 1838 1162 1893; x_wconf 67' lang='lat' dir='ltr'><strong>trihufffllffl</strong></span> <span class='ocrx_word' id='word_1_244' title='bbox 1174 1832 1592 1906; x_wconf 61' lang='lat' dir='ltr'><strong>0³³0U⁰¹11b1¹⁵³8st11f2³0d0¹</strong></span> <span class='ocrx_word' id='word_1_245' title='bbox 1606 1849 1693 1905; x_wconf 75' lang='lat' dir='ltr'><strong>ae‘1¹¹⁰</strong></span> <span class='ocrx_word' id='word_1_246' title='bbox 1705 1849 1802 1888; x_wconf 56' lang='lat' dir='ltr'>⁰⁰1ss&amp;</span> 
     </span>
     <span class='ocr_line' id='line_1_19' title="bbox 132 1927 1803 2010; baseline 0.01 -29"><span class='ocrx_word' id='word_1_247' title='bbox 132 1943 271 1998; x_wconf 70' lang='lat' dir='ltr'><strong>expensae,</strong></span> <span class='ocrx_word' id='word_1_248' title='bbox 287 1933 534 2001; x_wconf 87' lang='lat' dir='ltr'><strong>etperseeutioues</strong></span> <span class='ocrx_word' id='word_1_249' title='bbox 545 1935 749 2004; x_wconf 89' lang='lat' dir='ltr'><strong>hostium,tum</strong></span> <span class='ocrx_word' id='word_1_250' title='bbox 758 1939 942 2010; x_wconf 89' lang='lat' dir='ltr'><strong>magnaiudi·</strong></span> <span class='ocrx_word' id='word_1_251' title='bbox 990 1932 1093 1987; x_wconf 73' lang='lat' dir='ltr'><strong>h0rum</strong></span> <span class='ocrx_word' id='word_1_252' title='bbox 1103 1928 1297 2000; x_wconf 87' lang='lat' dir='ltr'><strong>jurisdictioni</strong></span> <span class='ocrx_word' id='word_1_253' title='bbox 1310 1927 1486 1998; x_wconf 62' lang='lat' dir='ltr'><strong>snbjfsseffllfs</strong></span> <span class='ocrx_word' id='word_1_254' title='bbox 1501 1927 1803 1998; x_wconf 63' lang='lat' dir='ltr'><strong>¹1⁰¹19¹⁵Pf³⁰ti¹¹¹tibus</strong></span> 
     </span>
     <span class='ocr_line' id='line_1_20' title="bbox 131 2020 1802 2100; baseline 0 -26"><span class='ocrx_word' id='word_1_255' title='bbox 131 2024 199 2086; x_wconf 84' lang='lat' dir='ltr'><strong>gent</strong></span> <span class='ocrx_word' id='word_1_256' title='bbox 214 2022 387 2092; x_wconf 82' lang='lat' dir='ltr'><strong>assiduitate,</strong></span> <span class='ocrx_word' id='word_1_257' title='bbox 402 2029 464 2081; x_wconf 92' lang='lat' dir='ltr'><strong>tum</strong></span> <span class='ocrx_word' id='word_1_258' title='bbox 483 2027 544 2082; x_wconf 91' lang='lat' dir='ltr'><strong>sine</strong></span> <span class='ocrx_word' id='word_1_259' title='bbox 562 2030 689 2100; x_wconf 89' lang='lat' dir='ltr'><strong>pecuniis</strong></span> <span class='ocrx_word' id='word_1_260' title='bbox 708 2031 823 2087; x_wconf 85' lang='lat' dir='ltr'><strong>omnino</strong></span> <span class='ocrx_word' id='word_1_261' title='bbox 843 2031 940 2087; x_wconf 85' lang='lat' dir='ltr'><strong>confici</strong></span> <span class='ocrx_word' id='word_1_262' title='bbox 990 2025 1058 2096; x_wconf 86' lang='lat' dir='ltr'><strong>ipsis</strong></span> <span class='ocrx_word' id='word_1_263' title='bbox 1071 2024 1162 2078; x_wconf 87' lang='lat' dir='ltr'><strong>donec</strong></span> <span class='ocrx_word' id='word_1_264' title='bbox 1176 2040 1193 2077; x_wconf 87' lang='lat' dir='ltr'><strong>a</strong></span> <span class='ocrx_word' id='word_1_265' title='bbox 1206 2021 1431 2093; x_wconf 89' lang='lat' dir='ltr'><strong>magistratibus,</strong></span> <span class='ocrx_word' id='word_1_266' title='bbox 1452 2020 1555 2092; x_wconf 88' lang='lat' dir='ltr'><strong>quibus</strong></span> <span class='ocrx_word' id='word_1_267' title='bbox 1570 2024 1640 2075; x_wconf 90' lang='lat' dir='ltr'><strong>sunt</strong></span> <span class='ocrx_word' id='word_1_268' title='bbox 1655 2021 1802 2092; x_wconf 89' lang='lat' dir='ltr'><strong>suppositi,</strong></span> 
     </span>
     <span class='ocr_line' id='line_1_21' title="bbox 132 2113 1803 2189; baseline 0.002 -24"><span class='ocrx_word' id='word_1_269' title='bbox 132 2119 286 2183; x_wconf 88' lang='lat' dir='ltr'><strong>nequeunt,</strong></span> <span class='ocrx_word' id='word_1_270' title='bbox 298 2133 363 2171; x_wconf 91' lang='lat' dir='ltr'><strong>cum</strong></span> <span class='ocrx_word' id='word_1_271' title='bbox 375 2134 469 2189; x_wconf 90' lang='lat' dir='ltr'><strong>neque</strong></span> <span class='ocrx_word' id='word_1_272' title='bbox 484 2121 570 2175; x_wconf 92' lang='lat' dir='ltr'><strong>ullam</strong></span> <span class='ocrx_word' id='word_1_273' title='bbox 581 2138 613 2175; x_wconf 90' lang='lat' dir='ltr'><strong>ea</strong></span> <span class='ocrx_word' id='word_1_274' title='bbox 627 2139 672 2176; x_wconf 90' lang='lat' dir='ltr'><strong>res</strong></span> <span class='ocrx_word' id='word_1_275' title='bbox 688 2124 855 2180; x_wconf 90' lang='lat' dir='ltr'><strong>dilationem</strong></span> <span class='ocrx_word' id='word_1_276' title='bbox 868 2124 940 2180; x_wconf 90' lang='lat' dir='ltr'><strong>reei-</strong></span> <span class='ocrx_word' id='word_1_277' title='bbox 988 2116 1224 2189; x_wconf 87' lang='lat' dir='ltr'><strong>jussaaccipiant,</strong></span> <span class='ocrx_word' id='word_1_278' title='bbox 1234 2117 1284 2169; x_wconf 90' lang='lat' dir='ltr'><strong>aut</strong></span> <span class='ocrx_word' id='word_1_279' title='bbox 1295 2115 1386 2170; x_wconf 87' lang='lat' dir='ltr'><strong>donoc</strong></span> <span class='ocrx_word' id='word_1_280' title='bbox 1399 2113 1436 2169; x_wconf 87' lang='lat' dir='ltr'><strong>ad</strong></span> <span class='ocrx_word' id='word_1_281' title='bbox 1448 2113 1511 2169; x_wconf 93' lang='lat' dir='ltr'><strong>illos</strong></span> <span class='ocrx_word' id='word_1_282' title='bbox 1528 2113 1671 2182; x_wconf 89' lang='lat' dir='ltr'><strong>referant,</strong></span> <span class='ocrx_word' id='word_1_283' title='bbox 1680 2114 1803 2169; x_wconf 88' lang='lat' dir='ltr'><strong>sedeon-</strong></span> 
     </span>
     <span class='ocr_line' id='line_1_22' title="bbox 131 2205 1805 2282; baseline 0.001 -23"><span class='ocrx_word' id='word_1_284' title='bbox 131 2205 200 2275; x_wconf 92' lang='lat' dir='ltr'><strong>piat,</strong></span> <span class='ocrx_word' id='word_1_285' title='bbox 215 2223 307 2278; x_wconf 88' lang='lat' dir='ltr'><strong>neque</strong></span> <span class='ocrx_word' id='word_1_286' title='bbox 320 2226 373 2265; x_wconf 90' lang='lat' dir='ltr'><strong>nos</strong></span> <span class='ocrx_word' id='word_1_287' title='bbox 384 2212 472 2282; x_wconf 83' lang='lat' dir='ltr'><strong>aequis</strong></span> <span class='ocrx_word' id='word_1_288' title='bbox 486 2213 573 2268; x_wconf 86' lang='lat' dir='ltr'><strong>oeulis</strong></span> <span class='ocrx_word' id='word_1_289' title='bbox 590 2216 785 2271; x_wconf 79' lang='lat' dir='ltr'><strong>Romanorum</strong></span> <span class='ocrx_word' id='word_1_290' title='bbox 804 2217 942 2272; x_wconf 78' lang='lat' dir='ltr'><strong>ditionem</strong></span> <span class='ocrx_word' id='word_1_291' title='bbox 992 2211 1062 2266; x_wconf 89' lang='lat' dir='ltr'><strong>tenti</strong></span> <span class='ocrx_word' id='word_1_292' title='bbox 1075 2210 1132 2265; x_wconf 88' lang='lat' dir='ltr'><strong>sint</strong></span> <span class='ocrx_word' id='word_1_293' title='bbox 1143 2210 1196 2263; x_wconf 91' lang='lat' dir='ltr'><strong>hac</strong></span> <span class='ocrx_word' id='word_1_294' title='bbox 1209 2210 1307 2263; x_wconf 89' lang='lat' dir='ltr'><strong>nostra</strong></span> <span class='ocrx_word' id='word_1_295' title='bbox 1318 2208 1392 2278; x_wconf 88' lang='lat' dir='ltr'><strong>lege,</strong></span> <span class='ocrx_word' id='word_1_296' title='bbox 1407 2224 1458 2277; x_wconf 87' lang='lat' dir='ltr'><strong>per</strong></span> <span class='ocrx_word' id='word_1_297' title='bbox 1470 2223 1557 2278; x_wconf 83' lang='lat' dir='ltr'><strong>quam</strong></span> <span class='ocrx_word' id='word_1_298' title='bbox 1573 2206 1696 2277; x_wconf 85' lang='lat' dir='ltr'><strong>plenam</strong></span> <span class='ocrx_word' id='word_1_299' title='bbox 1712 2207 1752 2261; x_wconf 89' lang='lat' dir='ltr'><strong>eis</strong></span> <span class='ocrx_word' id='word_1_300' title='bbox 1761 2223 1805 2278; x_wconf 85' lang='lat' dir='ltr'><strong>po</strong></span> 
     </span>
     <span class='ocr_line' id='line_1_23' title="bbox 133 2297 1803 2380; baseline 0.002 -29"><span class='ocrx_word' id='word_1_301' title='bbox 133 2297 312 2356; x_wconf 88' lang='lat' dir='ltr'><strong>deminutam</strong></span> <span class='ocrx_word' id='word_1_302' title='bbox 324 2304 450 2375; x_wconf 88' lang='lat' dir='ltr'><strong>aspicere</strong></span> <span class='ocrx_word' id='word_1_303' title='bbox 459 2307 655 2377; x_wconf 85' lang='lat' dir='ltr'><strong>sustineamus,</strong></span> <span class='ocrx_word' id='word_1_304' title='bbox 666 2310 716 2364; x_wconf 88' lang='lat' dir='ltr'><strong>sed</strong></span> <span class='ocrx_word' id='word_1_305' title='bbox 730 2309 824 2380; x_wconf 89' lang='lat' dir='ltr'><strong>potius</strong></span> <span class='ocrx_word' id='word_1_306' title='bbox 835 2310 944 2365; x_wconf 91' lang='lat' dir='ltr'><strong>univer·</strong></span> <span class='ocrx_word' id='word_1_307' title='bbox 992 2306 1124 2360; x_wconf 87' lang='lat' dir='ltr'><strong>testatem</strong></span> <span class='ocrx_word' id='word_1_308' title='bbox 1139 2301 1288 2367; x_wconf 85' lang='lat' dir='ltr'><strong>tradimus,</strong></span> <span class='ocrx_word' id='word_1_309' title='bbox 1311 2299 1428 2354; x_wconf 85' lang='lat' dir='ltr'><strong>neruine</strong></span> <span class='ocrx_word' id='word_1_310' title='bbox 1442 2299 1561 2355; x_wconf 90' lang='lat' dir='ltr'><strong>omnino</strong></span> <span class='ocrx_word' id='word_1_311' title='bbox 1586 2299 1739 2355; x_wconf 86' lang='lat' dir='ltr'><strong>licentiam</strong></span> <span class='ocrx_word' id='word_1_312' title='bbox 1757 2300 1803 2355; x_wconf 88' lang='lat' dir='ltr'><strong>ha·</strong></span> 
     </span>
     <span class='ocr_line' id='line_1_24' title="bbox 134 2392 1807 2469; baseline 0.002 -25"><span class='ocrx_word' id='word_1_313' title='bbox 134 2407 165 2445; x_wconf 90' lang='lat' dir='ltr'><strong>sa</strong></span> <span class='ocrx_word' id='word_1_314' title='bbox 182 2392 534 2469; x_wconf 85' lang='lat' dir='ltr'><strong>jamLibyarccuperata,</strong></span> <span class='ocrx_word' id='word_1_315' title='bbox 553 2401 625 2456; x_wconf 91' lang='lat' dir='ltr'><strong>etin</strong></span> <span class='ocrx_word' id='word_1_316' title='bbox 646 2403 809 2458; x_wconf 82' lang='lat' dir='ltr'><strong>servitutem</strong></span> <span class='ocrx_word' id='word_1_317' title='bbox 824 2404 945 2459; x_wconf 79' lang='lat' dir='ltr'><strong>redactis</strong></span> <span class='ocrx_word' id='word_1_318' title='bbox 991 2397 1077 2452; x_wconf 91' lang='lat' dir='ltr'><strong>bente</strong></span> <span class='ocrx_word' id='word_1_319' title='bbox 1102 2396 1131 2450; x_wconf 90' lang='lat' dir='ltr'><strong>in</strong></span> <span class='ocrx_word' id='word_1_320' title='bbox 1156 2394 1298 2467; x_wconf 78' lang='lat' dir='ltr'><strong>predictis</strong></span> <span class='ocrx_word' id='word_1_321' title='bbox 1318 2392 1410 2448; x_wconf 88' lang='lat' dir='ltr'><strong>causis</strong></span> <span class='ocrx_word' id='word_1_322' title='bbox 1431 2393 1472 2447; x_wconf 92' lang='lat' dir='ltr'><strong>uti</strong></span> <span class='ocrx_word' id='word_1_323' title='bbox 1496 2393 1553 2447; x_wconf 91' lang='lat' dir='ltr'><strong>ullu</strong></span> <span class='ocrx_word' id='word_1_324' title='bbox 1574 2393 1739 2463; x_wconf 85' lang='lat' dir='ltr'><strong>privilegio,</strong></span> <span class='ocrx_word' id='word_1_325' title='bbox 1761 2398 1807 2448; x_wconf 86' lang='lat' dir='ltr'><strong>aut</strong></span> 
     </span>
     <span class='ocr_line' id='line_1_25' title="bbox 133 2485 1805 2568; baseline 0 -28"><span class='ocrx_word' id='word_1_326' title='bbox 133 2485 274 2555; x_wconf 84' lang='lat' dir='ltr'><strong>Vandalis,</strong></span> <span class='ocrx_word' id='word_1_327' title='bbox 288 2490 377 2545; x_wconf 89' lang='lat' dir='ltr'><strong>multo</strong></span> <span class='ocrx_word' id='word_1_328' title='bbox 393 2492 519 2563; x_wconf 74' lang='lat' dir='ltr'><strong>qnotidie</strong></span> <span class='ocrx_word' id='word_1_329' title='bbox 534 2494 578 2549; x_wconf 79' lang='lat' dir='ltr'><strong>his</strong></span> <span class='ocrx_word' id='word_1_330' title='bbox 590 2496 702 2566; x_wconf 70' lang='lat' dir='ltr'><strong>majora</strong></span> <span class='ocrx_word' id='word_1_331' title='bbox 716 2513 794 2552; x_wconf 59' lang='lat' dir='ltr'><strong>nona</strong></span> <span class='ocrx_word' id='word_1_332' title='bbox 808 2498 864 2552; x_wconf 67' lang='lat'><strong>000</strong></span> <span class='ocrx_word' id='word_1_333' title='bbox 876 2515 943 2568; x_wconf 68' lang='lat' dir='ltr'><strong>per.</strong></span> <span class='ocrx_word' id='word_1_334' title='bbox 993 2489 1097 2546; x_wconf 88' lang='lat' dir='ltr'><strong>exinde</strong></span> <span class='ocrx_word' id='word_1_335' title='bbox 1105 2488 1159 2544; x_wconf 89' lang='lat' dir='ltr'><strong>sibi</strong></span> <span class='ocrx_word' id='word_1_336' title='bbox 1168 2489 1287 2560; x_wconf 89' lang='lat' dir='ltr'><strong>impune</strong></span> <span class='ocrx_word' id='word_1_337' title='bbox 1298 2485 1486 2556; x_wconf 89' lang='lat' dir='ltr'><strong>delinquendi</strong></span> <span class='ocrx_word' id='word_1_338' title='bbox 1496 2486 1701 2541; x_wconf 88' lang='lat' dir='ltr'><strong>auctoritatem</strong></span> <span class='ocrx_word' id='word_1_339' title='bbox 1713 2502 1805 2540; x_wconf 88' lang='lat' dir='ltr'><strong>sume·</strong></span> 
     </span>
     <span class='ocr_line' id='line_1_26' title="bbox 135 2579 1805 2661; baseline 0.001 -29"><span class='ocrx_word' id='word_1_340' title='bbox 135 2583 267 2649; x_wconf 85' lang='lat' dir='ltr'><strong>capturos</strong></span> <span class='ocrx_word' id='word_1_341' title='bbox 277 2585 307 2636; x_wconf 90' lang='lat' dir='ltr'><strong>et</strong></span> <span class='ocrx_word' id='word_1_342' title='bbox 318 2588 483 2654; x_wconf 86' lang='lat' dir='ltr'><strong>peracturos</strong></span> <span class='ocrx_word' id='word_1_343' title='bbox 491 2603 648 2658; x_wconf 85' lang='lat' dir='ltr'><strong>speremus,</strong></span> <span class='ocrx_word' id='word_1_344' title='bbox 659 2590 695 2644; x_wconf 88' lang='lat' dir='ltr'><strong>ad</strong></span> <span class='ocrx_word' id='word_1_345' title='bbox 704 2607 766 2661; x_wconf 75' lang='lat' dir='ltr'><strong>quae</strong></span> <span class='ocrx_word' id='word_1_346' title='bbox 776 2591 945 2647; x_wconf 88' lang='lat' dir='ltr'><strong>conveniens</strong></span> <span class='ocrx_word' id='word_1_347' title='bbox 993 2585 1135 2655; x_wconf 79' lang='lat' dir='ltr'><strong>reNcque</strong></span> <span class='ocrx_word' id='word_1_348' title='bbox 1144 2582 1222 2637; x_wconf 90' lang='lat' dir='ltr'><strong>enim</strong></span> <span class='ocrx_word' id='word_1_349' title='bbox 1230 2580 1377 2652; x_wconf 80' lang='lat' dir='ltr'><strong>praesides,</strong></span> <span class='ocrx_word' id='word_1_350' title='bbox 1386 2579 1624 2634; x_wconf 88' lang='lat' dir='ltr'><strong>siomnimunere</strong></span> <span class='ocrx_word' id='word_1_351' title='bbox 1632 2579 1805 2645; x_wconf 88' lang='lat' dir='ltr'><strong>abstineant,</strong></span> 
     </span>
     <span class='ocr_line' id='line_1_27' title="bbox 136 2672 1807 2753; baseline 0.009 -28"><span class='ocrx_word' id='word_1_352' title='bbox 136 2676 178 2727; x_wconf 89' lang='lat' dir='ltr'><strong>est</strong></span> <span class='ocrx_word' id='word_1_353' title='bbox 188 2673 415 2748; x_wconf 89' lang='lat' dir='ltr'><strong>tributapublica</strong></span> <span class='ocrx_word' id='word_1_354' title='bbox 424 2679 485 2734; x_wconf 91' lang='lat' dir='ltr'><strong>sine</strong></span> <span class='ocrx_word' id='word_1_355' title='bbox 496 2681 674 2748; x_wconf 89' lang='lat' dir='ltr'><strong>detrimento,</strong></span> <span class='ocrx_word' id='word_1_356' title='bbox 682 2688 711 2739; x_wconf 91' lang='lat' dir='ltr'><strong>et</strong></span> <span class='ocrx_word' id='word_1_357' title='bbox 719 2701 785 2739; x_wconf 80' lang='lat' dir='ltr'><strong>eum</strong></span> <span class='ocrx_word' id='word_1_358' title='bbox 792 2685 944 2753; x_wconf 88' lang='lat' dir='ltr'><strong>alacritate,</strong></span> <span class='ocrx_word' id='word_1_359' title='bbox 995 2677 1151 2749; x_wconf 69' lang='lat' dir='ltr'><strong>quidquam</strong></span> <span class='ocrx_word' id='word_1_360' title='bbox 1160 2675 1259 2730; x_wconf 72' lang='lat' dir='ltr'><strong>fim⁰ri</strong></span> <span class='ocrx_word' id='word_1_361' title='bbox 1268 2672 1418 2744; x_wconf 71' lang='lat' dir='ltr'><strong>Deilegis,</strong></span> <span class='ocrx_word' id='word_1_362' title='bbox 1431 2679 1459 2727; x_wconf 68' lang='grc' dir='ltr'><strong>θῑ</strong></span> <span class='ocrx_word' id='word_1_363' title='bbox 1470 2672 1807 2743; x_wconf 50' lang='lat' dir='ltr'><strong>¹¹0⁵f1&#39;idiletionem,sed</strong></span> 
     </span>
     <span class='ocr_line' id='line_1_28' title="bbox 135 2765 1808 2844; baseline 0.001 -26"><span class='ocrx_word' id='word_1_364' title='bbox 135 2768 165 2818; x_wconf 91' lang='lat' dir='ltr'><strong>et</strong></span> <span class='ocrx_word' id='word_1_365' title='bbox 185 2766 325 2838; x_wconf 90' lang='lat' dir='ltr'><strong>deputatis</strong></span> <span class='ocrx_word' id='word_1_366' title='bbox 343 2771 416 2842; x_wconf 86' lang='lat' dir='ltr'><strong>exigi</strong></span> <span class='ocrx_word' id='word_1_367' title='bbox 431 2775 618 2844; x_wconf 87' lang='lat' dir='ltr'><strong>temporibus.</strong></span> <span class='ocrx_word' id='word_1_368' title='bbox 643 2777 711 2832; x_wconf 82' lang='lat' dir='ltr'><strong>Inde</strong></span> <span class='ocrx_word' id='word_1_369' title='bbox 728 2777 799 2831; x_wconf 78' lang='lat' dir='ltr'><strong>adeo</strong></span> <span class='ocrx_word' id='word_1_370' title='bbox 820 2778 843 2832; x_wconf 77' lang='lat' dir='ltr'><strong>si</strong></span> <span class='ocrx_word' id='word_1_371' title='bbox 856 2781 947 2833; x_wconf 61' lang='lat' dir='ltr'><strong>etone</strong></span> <span class='ocrx_word' id='word_1_372' title='bbox 996 2787 1029 2826; x_wconf 91' lang='lat' dir='ltr'><strong>eo</strong></span> <span class='ocrx_word' id='word_1_373' title='bbox 1038 2769 1232 2841; x_wconf 87' lang='lat' dir='ltr'><strong>respicientes,</strong></span> <span class='ocrx_word' id='word_1_374' title='bbox 1244 2766 1584 2822; x_wconf 88' lang='lat' dir='ltr'><strong>subditisconservabunt</strong></span> <span class='ocrx_word' id='word_1_375' title='bbox 1590 2765 1808 2835; x_wconf 88' lang='lat' dir='ltr'><strong>justitiam,om·</strong></span> 
     </span>
     <span class='ocr_line' id='line_1_29' title="bbox 135 2859 1806 2939; baseline -0.004 -20"><span class='ocrx_word' id='word_1_376' title='bbox 135 2860 302 2928; x_wconf 68' lang='lat' dir='ltr'><strong>presidibus</strong></span> <span class='ocrx_word' id='word_1_377' title='bbox 315 2863 415 2919; x_wconf 88' lang='lat' dir='ltr'><strong>devote</strong></span> <span class='ocrx_word' id='word_1_378' title='bbox 437 2867 472 2921; x_wconf 88' lang='lat' dir='ltr'><strong>ad</strong></span> <span class='ocrx_word' id='word_1_379' title='bbox 494 2869 664 2924; x_wconf 81' lang='lat' dir='ltr'><strong>solutionem</strong></span> <span class='ocrx_word' id='word_1_380' title='bbox 687 2871 851 2939; x_wconf 73' lang='lat' dir='ltr'><strong>occurratis,</strong></span> <span class='ocrx_word' id='word_1_381' title='bbox 865 2871 946 2925; x_wconf 64' lang='lat' dir='ltr'><strong>atilli</strong></span> <span class='ocrx_word' id='word_1_382' title='bbox 995 2859 1806 2932; x_wconf 84' lang='lat' dir='ltr'><strong>niasecundumlegesuostras,etjudicautes,etegentes.</strong></span> 
     </span>
     <span class='ocr_line' id='line_1_30' title="bbox 135 2951 1807 3035; baseline 0.001 -30"><span class='ocrx_word' id='word_1_383' title='bbox 135 2952 260 3008; x_wconf 87' lang='lat' dir='ltr'><strong>libenter</strong></span> <span class='ocrx_word' id='word_1_384' title='bbox 272 2957 461 3030; x_wconf 84' lang='lat' dir='ltr'><strong>expediteque</strong></span> <span class='ocrx_word' id='word_1_385' title='bbox 472 2961 574 3016; x_wconf 86' lang='lat' dir='ltr'><strong>tributa</strong></span> <span class='ocrx_word' id='word_1_386' title='bbox 591 2963 625 3018; x_wconf 88' lang='lat' dir='ltr'><strong>ad</strong></span> <span class='ocrx_word' id='word_1_387' title='bbox 635 2980 687 3018; x_wconf 93' lang='lat' dir='ltr'><strong>nos</strong></span> <span class='ocrx_word' id='word_1_388' title='bbox 698 2964 820 3035; x_wconf 80' lang='lat' dir='ltr'><strong>perferri</strong></span> <span class='ocrx_word' id='word_1_389' title='bbox 833 2981 946 3019; x_wconf 87' lang='lat' dir='ltr'><strong>curave·</strong></span> <span class='ocrx_word' id='word_1_390' title='bbox 996 2960 1028 3012; x_wconf 87' lang='lat' dir='ltr'><strong>ln</strong></span> <span class='ocrx_word' id='word_1_391' title='bbox 1037 2956 1140 3012; x_wconf 89' lang='lat' dir='ltr'><strong>talibus</strong></span> <span class='ocrx_word' id='word_1_392' title='bbox 1158 2955 1237 3010; x_wconf 90' lang='lat' dir='ltr'><strong>enim</strong></span> <span class='ocrx_word' id='word_1_393' title='bbox 1249 2955 1337 3010; x_wconf 90' lang='lat' dir='ltr'><strong>etiam</strong></span> <span class='ocrx_word' id='word_1_394' title='bbox 1348 2952 1452 3007; x_wconf 89' lang='lat' dir='ltr'><strong>milites</strong></span> <span class='ocrx_word' id='word_1_395' title='bbox 1462 2952 1512 3023; x_wconf 92' lang='lat' dir='ltr'><strong>qui</strong></span> <span class='ocrx_word' id='word_1_396' title='bbox 1524 2952 1555 3006; x_wconf 89' lang='lat' dir='ltr'><strong>in</strong></span> <span class='ocrx_word' id='word_1_397' title='bbox 1570 2951 1728 3022; x_wconf 76' lang='lat' dir='ltr'><strong>provinciis</strong></span> <span class='ocrx_word' id='word_1_398' title='bbox 1742 2952 1807 3007; x_wconf 87' lang='lat' dir='ltr'><strong>resi·</strong></span> 
     </span>
     <span class='ocr_line' id='line_1_31' title="bbox 137 3044 1809 3153; baseline -0.001 -54"><span class='ocrx_word' id='word_1_399' title='bbox 137 3044 204 3113; x_wconf 92' lang='lat' dir='ltr'><strong>rint,</strong></span> <span class='ocrx_word' id='word_1_400' title='bbox 213 3051 271 3101; x_wconf 85' lang='lat' dir='ltr'><strong>tam</strong></span> <span class='ocrx_word' id='word_1_401' title='bbox 283 3051 416 3118; x_wconf 78' lang='lat' dir='ltr'><strong>presides</strong></span> <span class='ocrx_word' id='word_1_402' title='bbox 425 3052 461 3106; x_wconf 95' lang='lat' dir='ltr'><strong>ob</strong></span> <span class='ocrx_word' id='word_1_403' title='bbox 471 3053 648 3123; x_wconf 89' lang='lat' dir='ltr'><strong>diligentiam</strong></span> <span class='ocrx_word' id='word_1_404' title='bbox 663 3056 849 3126; x_wconf 83' lang='lat' dir='ltr'><strong>laudabimus,</strong></span> <span class='ocrx_word' id='word_1_405' title='bbox 861 3074 984 3153; x_wconf 74' lang='lat' dir='ltr'><strong>qnamc</strong></span> <span class='ocrx_word' id='word_1_406' title='bbox 998 3051 1076 3116; x_wconf 90' lang='lat' dir='ltr'><strong>dent,</strong></span> <span class='ocrx_word' id='word_1_407' title='bbox 1095 3049 1163 3120; x_wconf 88' lang='lat' dir='ltr'><strong>ipsis</strong></span> <span class='ocrx_word' id='word_1_408' title='bbox 1175 3047 1379 3114; x_wconf 87' lang='lat' dir='ltr'><strong>submittimus,</strong></span> <span class='ocrx_word' id='word_1_409' title='bbox 1402 3063 1459 3100; x_wconf 90' lang='lat' dir='ltr'><strong>non</strong></span> <span class='ocrx_word' id='word_1_410' title='bbox 1475 3061 1543 3101; x_wconf 88' lang='lat' dir='ltr'><strong>sane</strong></span> <span class='ocrx_word' id='word_1_411' title='bbox 1558 3044 1760 3115; x_wconf 81' lang='lat' dir='ltr'><strong>indigentibus</strong></span> <span class='ocrx_word' id='word_1_412' title='bbox 1776 3044 1809 3098; x_wconf 86' lang='lat' dir='ltr'><strong>ad</strong></span> 
     </span>
     <span class='ocr_line' id='line_1_32' title="bbox 138 3138 1809 3219; baseline -0.002 -23"><span class='ocrx_word' id='word_1_413' title='bbox 138 3138 224 3192; x_wconf 83' lang='lat' dir='ltr'><strong>ctiam</strong></span> <span class='ocrx_word' id='word_1_414' title='bbox 235 3157 282 3194; x_wconf 91' lang='lat' dir='ltr'><strong>vos</strong></span> <span class='ocrx_word' id='word_1_415' title='bbox 296 3142 331 3195; x_wconf 94' lang='lat' dir='ltr'><strong>ob</strong></span> <span class='ocrx_word' id='word_1_416' title='bbox 347 3148 510 3215; x_wconf 88' lang='lat' dir='ltr'><strong>promptam</strong></span> <span class='ocrx_word' id='word_1_417' title='bbox 522 3147 695 3202; x_wconf 90' lang='lat' dir='ltr'><strong>voluntatem</strong></span> <span class='ocrx_word' id='word_1_418' title='bbox 707 3149 947 3219; x_wconf 83' lang='lat' dir='ltr'><strong>amplexabimur,</strong></span> <span class='ocrx_word' id='word_1_419' title='bbox 998 3144 1052 3198; x_wconf 87' lang='lat' dir='ltr'><strong>lroc</strong></span> <span class='ocrx_word' id='word_1_420' title='bbox 1062 3142 1176 3214; x_wconf 89' lang='lat' dir='ltr'><strong>speciali</strong></span> <span class='ocrx_word' id='word_1_421' title='bbox 1188 3142 1279 3212; x_wconf 91' lang='lat' dir='ltr'><strong>jussu,</strong></span> <span class='ocrx_word' id='word_1_422' title='bbox 1292 3142 1337 3195; x_wconf 91' lang='lat' dir='ltr'><strong>vel</strong></span> <span class='ocrx_word' id='word_1_423' title='bbox 1351 3142 1449 3195; x_wconf 89' lang='lat' dir='ltr'><strong>nostro</strong></span> <span class='ocrx_word' id='word_1_424' title='bbox 1465 3139 1507 3193; x_wconf 91' lang='lat' dir='ltr'><strong>vel</strong></span> <span class='ocrx_word' id='word_1_425' title='bbox 1528 3141 1700 3193; x_wconf 90' lang='lat' dir='ltr'><strong>nostrorum</strong></span> <span class='ocrx_word' id='word_1_426' title='bbox 1714 3154 1809 3210; x_wconf 76' lang='lat' dir='ltr'><strong>proce</strong></span> 
     </span>
     <span class='ocr_line' id='line_1_33' title="bbox 138 3224 1808 3311; baseline 0.008 -26"><span class='ocrx_word' id='word_1_427' title='bbox 138 3232 249 3303; x_wconf 88' lang='lat' dir='ltr'><strong>eritque</strong></span> <span class='ocrx_word' id='word_1_428' title='bbox 262 3234 336 3289; x_wconf 89' lang='lat' dir='ltr'><strong>bolla</strong></span> <span class='ocrx_word' id='word_1_429' title='bbox 347 3237 485 3307; x_wconf 78' lang='lat' dir='ltr'><strong>quadam,</strong></span> <span class='ocrx_word' id='word_1_430' title='bbox 496 3224 659 3311; x_wconf 70' lang='lat' dir='ltr'><strong>et&#39;undique</strong></span> <span class='ocrx_word' id='word_1_431' title='bbox 672 3257 796 3296; x_wconf 88' lang='lat' dir='ltr'><strong>consona</strong></span> <span class='ocrx_word' id='word_1_432' title='bbox 811 3243 887 3298; x_wconf 90' lang='lat' dir='ltr'><strong>inter</strong></span> <span class='ocrx_word' id='word_1_433' title='bbox 900 3261 950 3298; x_wconf 90' lang='lat' dir='ltr'><strong>eos</strong></span> <span class='ocrx_word' id='word_1_434' title='bbox 998 3232 1388 3305; x_wconf 64' lang='lat' dir='ltr'><strong>rum‚ssedf³ssfumprae⁵eflfi</strong></span> <span class='ocrx_word' id='word_1_435' title='bbox 1397 3231 1626 3303; x_wconf 65' lang='lat' dir='ltr'><strong>¹⁰8⁰¹1f0¹¹ffih¹182</strong></span> <span class='ocrx_word' id='word_1_436' title='bbox 1636 3231 1808 3286; x_wconf 65' lang='lat' dir='ltr'><strong>efmffifihut</strong></span> 
     </span>
     <span class='ocr_line' id='line_1_34' title="bbox 138 3323 1806 3403; baseline -0.001 -24"><span class='ocrx_word' id='word_1_437' title='bbox 138 3325 187 3397; x_wconf 91' lang='lat' dir='ltr'><strong>qui</strong></span> <span class='ocrx_word' id='word_1_438' title='bbox 198 3327 359 3397; x_wconf 86' lang='lat' dir='ltr'><strong>praesident,</strong></span> <span class='ocrx_word' id='word_1_439' title='bbox 369 3329 527 3402; x_wconf 91' lang='lat' dir='ltr'><strong>quibusque</strong></span> <span class='ocrx_word' id='word_1_440' title='bbox 538 3333 716 3403; x_wconf 74' lang='lat' dir='ltr'><strong>praesidetur,</strong></span> <span class='ocrx_word' id='word_1_441' title='bbox 728 3334 887 3391; x_wconf 88' lang='lat' dir='ltr'><strong>harmonia.</strong></span> <span class='ocrx_word' id='word_1_442' title='bbox 895 3337 950 3391; x_wconf 82' lang='lat' dir='ltr'><strong>bla-</strong></span> <span class='ocrx_word' id='word_1_443' title='bbox 999 3346 1064 3384; x_wconf 88' lang='lat' dir='ltr'><strong>earn</strong></span> <span class='ocrx_word' id='word_1_444' title='bbox 1075 3327 1301 3394; x_wconf 86' lang='lat' dir='ltr'><strong>ostendentibus,</strong></span> <span class='ocrx_word' id='word_1_445' title='bbox 1316 3330 1347 3381; x_wconf 91' lang='lat' dir='ltr'><strong>ut</strong></span> <span class='ocrx_word' id='word_1_446' title='bbox 1359 3327 1500 3398; x_wconf 88' lang='lat' dir='ltr'><strong>potestate</strong></span> <span class='ocrx_word' id='word_1_447' title='bbox 1518 3324 1604 3379; x_wconf 89' lang='lat' dir='ltr'><strong>officii</strong></span> <span class='ocrx_word' id='word_1_448' title='bbox 1625 3324 1696 3395; x_wconf 87' lang='lat' dir='ltr'><strong>ipsis</strong></span> <span class='ocrx_word' id='word_1_449' title='bbox 1707 3323 1806 3379; x_wconf 88' lang='lat' dir='ltr'><strong>utenti-</strong></span> 
     </span>
     <span class='ocr_line' id='line_1_35' title="bbox 138 3417 1804 3489; baseline -0.001 -17"><span class='ocrx_word' id='word_1_450' title='bbox 138 3434 195 3489; x_wconf 93' lang='lat' dir='ltr'><strong>gno</strong></span> <span class='ocrx_word' id='word_1_451' title='bbox 207 3419 394 3488; x_wconf 82' lang='lat' dir='ltr'><strong>igiturtleoet</strong></span> <span class='ocrx_word' id='word_1_452' title='bbox 404 3423 652 3481; x_wconf 88' lang='lat' dir='ltr'><strong>Servatorinostro</strong></span> <span class='ocrx_word' id='word_1_453' title='bbox 661 3429 727 3482; x_wconf 81' lang='lat' dir='ltr'><strong>lesu</strong></span> <span class='ocrx_word' id='word_1_454' title='bbox 735 3428 844 3484; x_wconf 87' lang='lat' dir='ltr'><strong>Christo</strong></span> <span class='ocrx_word' id='word_1_455' title='bbox 852 3428 949 3484; x_wconf 88' lang='lat' dir='ltr'><strong>laudes</strong></span> <span class='ocrx_word' id='word_1_456' title='bbox 997 3424 1051 3478; x_wconf 92' lang='lat' dir='ltr'><strong>bus</strong></span> <span class='ocrx_word' id='word_1_457' title='bbox 1063 3421 1166 3478; x_wconf 90' lang='lat' dir='ltr'><strong>auxilio</strong></span> <span class='ocrx_word' id='word_1_458' title='bbox 1181 3421 1256 3475; x_wconf 90' lang='lat' dir='ltr'><strong>sint:</strong></span> <span class='ocrx_word' id='word_1_459' title='bbox 1275 3419 1396 3474; x_wconf 87' lang='lat' dir='ltr'><strong>scientes</strong></span> <span class='ocrx_word' id='word_1_460' title='bbox 1410 3418 1487 3489; x_wconf 93' lang='lat' dir='ltr'><strong>quod</strong></span> <span class='ocrx_word' id='word_1_461' title='bbox 1502 3417 1526 3471; x_wconf 90' lang='lat' dir='ltr'><strong>si</strong></span> <span class='ocrx_word' id='word_1_462' title='bbox 1538 3418 1593 3472; x_wconf 88' lang='lat' dir='ltr'><strong>hoc</strong></span> <span class='ocrx_word' id='word_1_463' title='bbox 1609 3433 1669 3471; x_wconf 94' lang='lat' dir='ltr'><strong>non</strong></span> <span class='ocrx_word' id='word_1_464' title='bbox 1686 3418 1804 3489; x_wconf 78' lang='lat' dir='ltr'><strong>egerint,</strong></span> 
     </span>
     <span class='ocr_line' id='line_1_36' title="bbox 138 3510 1809 3594; baseline -0.001 -28"><span class='ocrx_word' id='word_1_465' title='bbox 138 3513 326 3586; x_wconf 89' lang='lat' dir='ltr'><strong>probaclege</strong></span> <span class='ocrx_word' id='word_1_466' title='bbox 341 3516 424 3571; x_wconf 90' lang='lat' dir='ltr'><strong>simul</strong></span> <span class='ocrx_word' id='word_1_467' title='bbox 433 3534 531 3573; x_wconf 90' lang='lat' dir='ltr'><strong>omnes</strong></span> <span class='ocrx_word' id='word_1_468' title='bbox 540 3518 669 3587; x_wconf 82' lang='lat' dir='ltr'><strong>offerant,</strong></span> <span class='ocrx_word' id='word_1_469' title='bbox 679 3537 743 3591; x_wconf 85' lang='lat' dir='ltr'><strong>quoe</strong></span> <span class='ocrx_word' id='word_1_470' title='bbox 753 3521 822 3593; x_wconf 89' lang='lat' dir='ltr'><strong>ipsis</strong></span> <span class='ocrx_word' id='word_1_471' title='bbox 832 3525 948 3594; x_wconf 78' lang='lat' dir='ltr'><strong>presta·</strong></span> <span class='ocrx_word' id='word_1_472' title='bbox 977 3535 982 3545; x_wconf 92' lang='lat'><em>·</em></span> <span class='ocrx_word' id='word_1_473' title='bbox 999 3533 1059 3571; x_wconf 92' lang='lat' dir='ltr'><strong>non</strong></span> <span class='ocrx_word' id='word_1_474' title='bbox 1068 3516 1160 3571; x_wconf 91' lang='lat' dir='ltr'><strong>solum</strong></span> <span class='ocrx_word' id='word_1_475' title='bbox 1168 3529 1352 3570; x_wconf 89' lang='lat' dir='ltr'><strong>annonarum</strong></span> <span class='ocrx_word' id='word_1_476' title='bbox 1363 3516 1391 3566; x_wconf 88' lang='lat' dir='ltr'><strong>et</strong></span> <span class='ocrx_word' id='word_1_477' title='bbox 1406 3511 1516 3566; x_wconf 84' lang='lat' dir='ltr'><strong>militiae</strong></span> <span class='ocrx_word' id='word_1_478' title='bbox 1529 3510 1720 3565; x_wconf 89' lang='lat' dir='ltr'><strong>amissionem</strong></span> <span class='ocrx_word' id='word_1_479' title='bbox 1732 3510 1809 3564; x_wconf 88' lang='lat' dir='ltr'><strong>susti·</strong></span> 
     </span>
     <span class='ocr_line' id='line_1_37' title="bbox 138 3602 1810 3686; baseline -0.001 -27"><span class='ocrx_word' id='word_1_480' title='bbox 138 3605 180 3660; x_wconf 92' lang='lat' dir='ltr'><strong>bit</strong></span> <span class='ocrx_word' id='word_1_481' title='bbox 191 3606 256 3661; x_wconf 90' lang='lat' dir='ltr'><strong>utin</strong></span> <span class='ocrx_word' id='word_1_482' title='bbox 270 3624 319 3661; x_wconf 87' lang='lat' dir='ltr'><strong>sua</strong></span> <span class='ocrx_word' id='word_1_483' title='bbox 330 3609 449 3681; x_wconf 87' lang='lat' dir='ltr'><strong>quisque</strong></span> <span class='ocrx_word' id='word_1_484' title='bbox 457 3612 551 3682; x_wconf 89' lang='lat' dir='ltr'><strong>patria</strong></span> <span class='ocrx_word' id='word_1_485' title='bbox 561 3629 659 3667; x_wconf 88' lang='lat' dir='ltr'><strong>secure</strong></span> <span class='ocrx_word' id='word_1_486' title='bbox 668 3614 808 3681; x_wconf 88' lang='lat' dir='ltr'><strong>habitent,</strong></span> <span class='ocrx_word' id='word_1_487' title='bbox 819 3631 868 3669; x_wconf 90' lang='lat' dir='ltr'><strong>sua</strong></span> <span class='ocrx_word' id='word_1_488' title='bbox 876 3615 951 3686; x_wconf 78' lang='lat' dir='ltr'><strong>quis</strong></span> <span class='ocrx_word' id='word_1_489' title='bbox 1000 3610 1118 3675; x_wconf 92' lang='lat' dir='ltr'><strong>nebunt,</strong></span> <span class='ocrx_word' id='word_1_490' title='bbox 1126 3608 1177 3663; x_wconf 92' lang='lat' dir='ltr'><strong>sed</strong></span> <span class='ocrx_word' id='word_1_491' title='bbox 1189 3607 1277 3661; x_wconf 88' lang='lat' dir='ltr'><strong>etiam</strong></span> <span class='ocrx_word' id='word_1_492' title='bbox 1290 3605 1326 3659; x_wconf 92' lang='lat' dir='ltr'><strong>de</strong></span> <span class='ocrx_word' id='word_1_493' title='bbox 1336 3620 1455 3675; x_wconf 88' lang='lat' dir='ltr'><strong>corpore</strong></span> <span class='ocrx_word' id='word_1_494' title='bbox 1467 3602 1585 3658; x_wconf 89' lang='lat' dir='ltr'><strong>venient</strong></span> <span class='ocrx_word' id='word_1_495' title='bbox 1597 3602 1629 3657; x_wconf 93' lang='lat' dir='ltr'><strong>in</strong></span> <span class='ocrx_word' id='word_1_496' title='bbox 1640 3603 1810 3674; x_wconf 88' lang='lat' dir='ltr'><strong>periculum.</strong></span> 
     </span>
     <span class='ocr_line' id='line_1_38' title="bbox 138 3696 1810 3778; baseline -0.004 -24"><span class='ocrx_word' id='word_1_497' title='bbox 138 3715 194 3770; x_wconf 89' lang='lat' dir='ltr'><strong>que</strong></span> <span class='ocrx_word' id='word_1_498' title='bbox 205 3700 279 3754; x_wconf 90' lang='lat' dir='ltr'><strong>bona</strong></span> <span class='ocrx_word' id='word_1_499' title='bbox 291 3701 465 3772; x_wconf 88' lang='lat' dir='ltr'><strong>possideant,</strong></span> <span class='ocrx_word' id='word_1_500' title='bbox 478 3708 507 3758; x_wconf 90' lang='lat' dir='ltr'><strong>et</strong></span> <span class='ocrx_word' id='word_1_501' title='bbox 515 3705 640 3760; x_wconf 89' lang='lat' dir='ltr'><strong>fructum</strong></span> <span class='ocrx_word' id='word_1_502' title='bbox 652 3710 790 3777; x_wconf 78' lang='lat' dir='ltr'><strong>preterea</strong></span> <span class='ocrx_word' id='word_1_503' title='bbox 803 3723 838 3762; x_wconf 88' lang='lat' dir='ltr'><strong>ex</strong></span> <span class='ocrx_word' id='word_1_504' title='bbox 852 3709 948 3778; x_wconf 84' lang='lat' dir='ltr'><strong>praesi·</strong></span> <span class='ocrx_word' id='word_1_505' title='bbox 1000 3704 1036 3758; x_wconf 89' lang='lat' dir='ltr'><strong>Ut</strong></span> <span class='ocrx_word' id='word_1_506' title='bbox 1047 3702 1267 3771; x_wconf 81' lang='lat' dir='ltr'><strong>nullopraeterea</strong></span> <span class='ocrx_word' id='word_1_507' title='bbox 1280 3697 1361 3753; x_wconf 89' lang='lat' dir='ltr'><strong>nobis</strong></span> <span class='ocrx_word' id='word_1_508' title='bbox 1374 3697 1430 3752; x_wconf 89' lang='lat' dir='ltr'><strong>alio</strong></span> <span class='ocrx_word' id='word_1_509' title='bbox 1442 3696 1613 3766; x_wconf 83' lang='lat' dir='ltr'><strong>magistratu</strong></span> <span class='ocrx_word' id='word_1_510' title='bbox 1623 3711 1697 3766; x_wconf 91' lang='lat' dir='ltr'><strong>opus</strong></span> <span class='ocrx_word' id='word_1_511' title='bbox 1706 3696 1752 3763; x_wconf 86' lang='lat' dir='ltr'><strong>sit,</strong></span> <span class='ocrx_word' id='word_1_512' title='bbox 1764 3698 1810 3749; x_wconf 90' lang='lat' dir='ltr'><strong>aut</strong></span> 
     </span>
     <span class='ocr_line' id='line_1_39' title="bbox 140 3787 1811 3870; baseline -0.002 -26"><span class='ocrx_word' id='word_1_513' title='bbox 140 3790 209 3845; x_wconf 91' lang='lat' dir='ltr'><strong>dum</strong></span> <span class='ocrx_word' id='word_1_514' title='bbox 217 3791 328 3861; x_wconf 85' lang='lat' dir='ltr'><strong>justitia</strong></span> <span class='ocrx_word' id='word_1_515' title='bbox 340 3795 509 3865; x_wconf 87' lang='lat' dir='ltr'><strong>percipiant.</strong></span> <span class='ocrx_word' id='word_1_516' title='bbox 523 3799 555 3852; x_wconf 88' lang='lat' dir='ltr'><strong>Et</strong></span> <span class='ocrx_word' id='word_1_517' title='bbox 568 3815 636 3853; x_wconf 91' lang='lat' dir='ltr'><strong>sane</strong></span> <span class='ocrx_word' id='word_1_518' title='bbox 651 3816 703 3854; x_wconf 93' lang='lat' dir='ltr'><strong>nos</strong></span> <span class='ocrx_word' id='word_1_519' title='bbox 721 3816 836 3870; x_wconf 91' lang='lat' dir='ltr'><strong>quoque</strong></span> <span class='ocrx_word' id='word_1_520' title='bbox 845 3801 899 3855; x_wconf 88' lang='lat' dir='ltr'><strong>hac</strong></span> <span class='ocrx_word' id='word_1_521' title='bbox 915 3800 950 3855; x_wconf 92' lang='lat' dir='ltr'><strong>de</strong></span> <span class='ocrx_word' id='word_1_522' title='bbox 1001 3795 1088 3850; x_wconf 90' lang='lat' dir='ltr'><strong>etiam</strong></span> <span class='ocrx_word' id='word_1_523' title='bbox 1100 3794 1143 3849; x_wconf 90' lang='lat' dir='ltr'><strong>vel</strong></span> <span class='ocrx_word' id='word_1_524' title='bbox 1157 3793 1402 3859; x_wconf 87' lang='lat' dir='ltr'><strong>latrunculatores,</strong></span> <span class='ocrx_word' id='word_1_525' title='bbox 1413 3791 1457 3844; x_wconf 89' lang='lat' dir='ltr'><strong>vel</strong></span> <span class='ocrx_word' id='word_1_526' title='bbox 1471 3805 1543 3860; x_wconf 90' lang='lat' dir='ltr'><strong>quos</strong></span> <span class='ocrx_word' id='word_1_527' title='bbox 1555 3792 1663 3843; x_wconf 88' lang='lat' dir='ltr'><strong>vocant</strong></span> <span class='ocrx_word' id='word_1_528' title='bbox 1672 3787 1811 3844; x_wconf 88' lang='lat' dir='ltr'><strong>violentiis</strong></span> 
     </span>
     <span class='ocr_line' id='line_1_40' title="bbox 140 3881 1811 3963; baseline -0.002 -27"><span class='ocrx_word' id='word_1_529' title='bbox 140 3898 225 3937; x_wconf 89' lang='lat' dir='ltr'><strong>causa</strong></span> <span class='ocrx_word' id='word_1_530' title='bbox 239 3884 330 3954; x_wconf 88' lang='lat' dir='ltr'><strong>ipsam</strong></span> <span class='ocrx_word' id='word_1_531' title='bbox 343 3886 500 3957; x_wconf 90' lang='lat' dir='ltr'><strong>posuimus,</strong></span> <span class='ocrx_word' id='word_1_532' title='bbox 511 3894 543 3944; x_wconf 91' lang='lat' dir='ltr'><strong>ut</strong></span> <span class='ocrx_word' id='word_1_533' title='bbox 556 3906 609 3960; x_wconf 89' lang='lat' dir='ltr'><strong>per</strong></span> <span class='ocrx_word' id='word_1_534' title='bbox 618 3891 690 3946; x_wconf 84' lang='lat' dir='ltr'><strong>banc</strong></span> <span class='ocrx_word' id='word_1_535' title='bbox 703 3893 775 3962; x_wconf 90' lang='lat' dir='ltr'><strong>legis</strong></span> <span class='ocrx_word' id='word_1_536' title='bbox 785 3893 950 3963; x_wconf 86' lang='lat' dir='ltr'><strong>aequitatem</strong></span> <span class='ocrx_word' id='word_1_537' title='bbox 1001 3887 1168 3944; x_wconf 90' lang='lat' dir='ltr'><strong>cohibendis</strong></span> <span class='ocrx_word' id='word_1_538' title='bbox 1182 3886 1252 3958; x_wconf 92' lang='lat' dir='ltr'><strong>(imo</strong></span> <span class='ocrx_word' id='word_1_539' title='bbox 1270 3883 1493 3956; x_wconf 80' lang='lat' dir='ltr'><strong>grassationibus</strong></span> <span class='ocrx_word' id='word_1_540' title='bbox 1512 3881 1692 3947; x_wconf 78' lang='lat' dir='ltr'><strong>exercendis)</strong></span> <span class='ocrx_word' id='word_1_541' title='bbox 1708 3896 1811 3952; x_wconf 75' lang='lat' dir='ltr'><strong>praepo</strong></span> 
     </span>
     <span class='ocr_line' id='line_1_41' title="bbox 142 3973 1808 4061; baseline -0.002 -31"><span class='ocrx_word' id='word_1_542' title='bbox 142 3992 176 4030; x_wconf 91' lang='lat' dir='ltr'><strong>eo</strong></span> <span class='ocrx_word' id='word_1_543' title='bbox 188 3976 298 4032; x_wconf 81' lang='lat' dir='ltr'><strong>facilius</strong></span> <span class='ocrx_word' id='word_1_544' title='bbox 309 3995 361 4032; x_wconf 91' lang='lat' dir='ltr'><strong>nos</strong></span> <span class='ocrx_word' id='word_1_545' title='bbox 374 3979 430 4033; x_wconf 87' lang='lat' dir='ltr'><strong>ileo</strong></span> <span class='ocrx_word' id='word_1_546' title='bbox 438 3981 597 4047; x_wconf 86' lang='lat' dir='ltr'><strong>conciliare,</strong></span> <span class='ocrx_word' id='word_1_547' title='bbox 608 3986 799 4055; x_wconf 89' lang='lat' dir='ltr'><strong>nostrumque</strong></span> <span class='ocrx_word' id='word_1_548' title='bbox 809 3985 852 4040; x_wconf 93' lang='lat' dir='ltr'><strong>illi</strong></span> <span class='ocrx_word' id='word_1_549' title='bbox 863 3986 951 4061; x_wconf 88' lang='lat' dir='ltr'><strong>impe·</strong></span> <span class='ocrx_word' id='word_1_550' title='bbox 1001 3982 1079 4048; x_wconf 90' lang='lat' dir='ltr'><strong>sitos,</strong></span> <span class='ocrx_word' id='word_1_551' title='bbox 1095 3981 1138 4035; x_wconf 91' lang='lat' dir='ltr'><strong>vel</strong></span> <span class='ocrx_word' id='word_1_552' title='bbox 1151 3981 1344 4034; x_wconf 87' lang='lat' dir='ltr'><strong>exarmatores</strong></span> <span class='ocrx_word' id='word_1_553' title='bbox 1355 3976 1498 4043; x_wconf 85' lang='lat' dir='ltr'><strong>emittere,</strong></span> <span class='ocrx_word' id='word_1_554' title='bbox 1508 3974 1576 4029; x_wconf 88' lang='lat' dir='ltr'><strong>satis</strong></span> <span class='ocrx_word' id='word_1_555' title='bbox 1586 3973 1710 4045; x_wconf 89' lang='lat' dir='ltr'><strong>quidem</strong></span> <span class='ocrx_word' id='word_1_556' title='bbox 1726 3973 1808 4027; x_wconf 89' lang='lat' dir='ltr'><strong>bone·</strong></span> 
     </span>
     <span class='ocr_line' id='line_1_42' title="bbox 140 4067 1808 4146; baseline -0.003 -22"><span class='ocrx_word' id='word_1_557' title='bbox 140 4068 217 4124; x_wconf 88' lang='lat' dir='ltr'><strong>rium</strong></span> <span class='ocrx_word' id='word_1_558' title='bbox 228 4071 461 4126; x_wconf 89' lang='lat' dir='ltr'><strong>commendatum</strong></span> <span class='ocrx_word' id='word_1_559' title='bbox 475 4073 596 4128; x_wconf 91' lang='lat' dir='ltr'><strong>reddere</strong></span> <span class='ocrx_word' id='word_1_560' title='bbox 607 4092 763 4146; x_wconf 90' lang='lat' dir='ltr'><strong>possemus,</strong></span> <span class='ocrx_word' id='word_1_561' title='bbox 771 4094 842 4132; x_wconf 92' lang='lat' dir='ltr'><strong>neve</strong></span> <span class='ocrx_word' id='word_1_562' title='bbox 857 4078 949 4133; x_wconf 85' lang='lat' dir='ltr'><strong>horni-</strong></span> <span class='ocrx_word' id='word_1_563' title='bbox 1001 4081 1057 4130; x_wconf 90' lang='lat' dir='ltr'><strong>stos</strong></span> <span class='ocrx_word' id='word_1_564' title='bbox 1072 4090 1130 4145; x_wconf 84' lang='lat' dir='ltr'><strong>prae</strong></span> <span class='ocrx_word' id='word_1_565' title='bbox 1145 4089 1175 4127; x_wconf 88' lang='lat' dir='ltr'><strong>se</strong></span> <span class='ocrx_word' id='word_1_566' title='bbox 1190 4073 1314 4126; x_wconf 88' lang='lat' dir='ltr'><strong>ferentes</strong></span> <span class='ocrx_word' id='word_1_567' title='bbox 1333 4069 1440 4136; x_wconf 87' lang='lat' dir='ltr'><strong>titulos,</strong></span> <span class='ocrx_word' id='word_1_568' title='bbox 1458 4085 1489 4122; x_wconf 88' lang='lat' dir='ltr'><strong>re</strong></span> <span class='ocrx_word' id='word_1_569' title='bbox 1514 4070 1612 4122; x_wconf 89' lang='lat' dir='ltr'><strong>autem</strong></span> <span class='ocrx_word' id='word_1_570' title='bbox 1630 4067 1695 4137; x_wconf 89' lang='lat' dir='ltr'><strong>ipsa</strong></span> <span class='ocrx_word' id='word_1_571' title='bbox 1717 4081 1808 4137; x_wconf 81' lang='lat' dir='ltr'><strong>perpe</strong></span> 
     </span>
     <span class='ocr_line' id='line_1_43' title="bbox 142 4158 1809 4235; baseline -0.004 -18"><span class='ocrx_word' id='word_1_572' title='bbox 142 4179 202 4229; x_wconf 89' lang='lat' dir='ltr'><strong>nes,</strong></span> <span class='ocrx_word' id='word_1_573' title='bbox 217 4180 287 4234; x_wconf 87' lang='lat' dir='ltr'><strong>quos</strong></span> <span class='ocrx_word' id='word_1_574' title='bbox 302 4166 377 4219; x_wconf 79' lang='lat' dir='ltr'><strong>lieris</strong></span> <span class='ocrx_word' id='word_1_575' title='bbox 391 4165 472 4220; x_wconf 89' lang='lat' dir='ltr'><strong>nobis</strong></span> <span class='ocrx_word' id='word_1_576' title='bbox 484 4167 514 4220; x_wconf 92' lang='lat' dir='ltr'><strong>in</strong></span> <span class='ocrx_word' id='word_1_577' title='bbox 528 4167 581 4221; x_wconf 85' lang='lat' dir='ltr'><strong>hoe</strong></span> <span class='ocrx_word' id='word_1_578' title='bbox 593 4168 719 4234; x_wconf 89' lang='lat' dir='ltr'><strong>tradidit,</strong></span> <span class='ocrx_word' id='word_1_579' title='bbox 731 4174 761 4223; x_wconf 88' lang='lat' dir='ltr'><strong>ut</strong></span> <span class='ocrx_word' id='word_1_580' title='bbox 775 4170 862 4224; x_wconf 89' lang='lat' dir='ltr'><strong>secuti</strong></span> <span class='ocrx_word' id='word_1_581' title='bbox 878 4171 951 4225; x_wconf 91' lang='lat' dir='ltr'><strong>illius</strong></span> <span class='ocrx_word' id='word_1_582' title='bbox 1000 4171 1110 4223; x_wconf 86' lang='lat' dir='ltr'><strong>trantes</strong></span> <span class='ocrx_word' id='word_1_583' title='bbox 1125 4165 1256 4221; x_wconf 90' lang='lat' dir='ltr'><strong>omnium</strong></span> <span class='ocrx_word' id='word_1_584' title='bbox 1278 4161 1512 4235; x_wconf 87' lang='lat' dir='ltr'><strong>flagitiosissima.</strong></span> <span class='ocrx_word' id='word_1_585' title='bbox 1528 4160 1602 4214; x_wconf 88' lang='lat' dir='ltr'><strong>Nam</strong></span> <span class='ocrx_word' id='word_1_586' title='bbox 1619 4159 1642 4213; x_wconf 92' lang='lat' dir='ltr'><strong>si</strong></span> <span class='ocrx_word' id='word_1_587' title='bbox 1657 4158 1809 4230; x_wconf 86' lang='lat' dir='ltr'><strong>provincia-</strong></span> 
     </span>
     <span class='ocr_line' id='line_1_44' title="bbox 142 4253 1807 4331; baseline -0.003 -21"><span class='ocrx_word' id='word_1_588' title='bbox 142 4257 310 4326; x_wconf 86' lang='lat' dir='ltr'><strong>bonitatem,</strong></span> <span class='ocrx_word' id='word_1_589' title='bbox 331 4275 383 4329; x_wconf 90' lang='lat' dir='ltr'><strong>per</strong></span> <span class='ocrx_word' id='word_1_590' title='bbox 398 4259 495 4314; x_wconf 92' lang='lat' dir='ltr'><strong>omnia</strong></span> <span class='ocrx_word' id='word_1_591' title='bbox 512 4260 652 4316; x_wconf 89' lang='lat' dir='ltr'><strong>rationem</strong></span> <span class='ocrx_word' id='word_1_592' title='bbox 668 4262 780 4317; x_wconf 90' lang='lat' dir='ltr'><strong>illorum</strong></span> <span class='ocrx_word' id='word_1_593' title='bbox 795 4265 953 4319; x_wconf 86' lang='lat' dir='ltr'><strong>clementer</strong></span> <span class='ocrx_word' id='word_1_594' title='bbox 1003 4277 1066 4316; x_wconf 90' lang='lat' dir='ltr'><strong>rum</strong></span> <span class='ocrx_word' id='word_1_595' title='bbox 1083 4258 1217 4331; x_wconf 84' lang='lat' dir='ltr'><strong>praesidcs</strong></span> <span class='ocrx_word' id='word_1_596' title='bbox 1229 4255 1461 4326; x_wconf 87' lang='lat' dir='ltr'><strong>uniuscujusque,</strong></span> <span class='ocrx_word' id='word_1_597' title='bbox 1477 4254 1519 4308; x_wconf 91' lang='lat' dir='ltr'><strong>vel</strong></span> <span class='ocrx_word' id='word_1_598' title='bbox 1532 4253 1732 4307; x_wconf 89' lang='lat' dir='ltr'><strong>maximorum</strong></span> <span class='ocrx_word' id='word_1_599' title='bbox 1754 4267 1807 4306; x_wconf 88' lang='lat' dir='ltr'><strong>ma-</strong></span> 
     </span>
     <span class='ocr_line' id='line_1_45' title="bbox 141 4345 1808 4426; baseline -0.004 -22"><span class='ocrx_word' id='word_1_600' title='bbox 141 4350 322 4419; x_wconf 89' lang='lat' dir='ltr'><strong>haberemus,</strong></span> <span class='ocrx_word' id='word_1_601' title='bbox 335 4369 486 4424; x_wconf 88' lang='lat' dir='ltr'><strong>oppressos</strong></span> <span class='ocrx_word' id='word_1_602' title='bbox 505 4353 609 4425; x_wconf 85' lang='lat' dir='ltr'><strong>injuria</strong></span> <span class='ocrx_word' id='word_1_603' title='bbox 622 4355 767 4426; x_wconf 90' lang='lat' dir='ltr'><strong>despicere</strong></span> <span class='ocrx_word' id='word_1_604' title='bbox 777 4356 950 4412; x_wconf 87' lang='lat' dir='ltr'><strong>videremur.</strong></span> <span class='ocrx_word' id='word_1_605' title='bbox 1004 4354 1174 4426; x_wconf 87' lang='lat' dir='ltr'><strong>gistratuum</strong></span> <span class='ocrx_word' id='word_1_606' title='bbox 1189 4353 1283 4406; x_wconf 90' lang='lat' dir='ltr'><strong>locum</strong></span> <span class='ocrx_word' id='word_1_607' title='bbox 1299 4350 1430 4419; x_wconf 89' lang='lat' dir='ltr'><strong>implent,</strong></span> <span class='ocrx_word' id='word_1_608' title='bbox 1449 4346 1669 4416; x_wconf 87' lang='lat' dir='ltr'><strong>multorumque</strong></span> <span class='ocrx_word' id='word_1_609' title='bbox 1694 4345 1808 4400; x_wconf 88' lang='lat' dir='ltr'><strong>aliorum</strong></span> 
     </span>
     <span class='ocr_line' id='line_1_46' title="bbox 141 4436 1808 4520; baseline -0.005 -22"><span class='ocrx_word' id='word_1_610' title='bbox 141 4443 221 4498; x_wconf 84' lang='lat' dir='ltr'><strong>Unde</strong></span> <span class='ocrx_word' id='word_1_611' title='bbox 238 4444 390 4516; x_wconf 80' lang='lat' dir='ltr'><strong>(quantum</strong></span> <span class='ocrx_word' id='word_1_612' title='bbox 399 4447 435 4500; x_wconf 89' lang='lat' dir='ltr'><strong>ad</strong></span> <span class='ocrx_word' id='word_1_613' title='bbox 445 4446 508 4517; x_wconf 87' lang='lat' dir='ltr'><strong>nos)</strong></span> <span class='ocrx_word' id='word_1_614' title='bbox 518 4452 682 4503; x_wconf 88' lang='lat' dir='ltr'><strong>consecrata</strong></span> <span class='ocrx_word' id='word_1_615' title='bbox 692 4449 790 4505; x_wconf 81' lang='lat' dir='ltr'><strong>sitlleo</strong></span> <span class='ocrx_word' id='word_1_616' title='bbox 800 4443 991 4520; x_wconf 81' lang='lat' dir='ltr'><strong>proptereal)</strong></span> <span class='ocrx_word' id='word_1_617' title='bbox 999 4446 1130 4518; x_wconf 87' lang='lat' dir='ltr'><strong>judicum</strong></span> <span class='ocrx_word' id='word_1_618' title='bbox 1144 4446 1234 4500; x_wconf 90' lang='lat' dir='ltr'><strong>instar</strong></span> <span class='ocrx_word' id='word_1_619' title='bbox 1248 4446 1314 4498; x_wconf 85' lang='lat' dir='ltr'><strong>srvnt</strong></span> <span class='ocrx_word' id='word_1_620' title='bbox 1335 4440 1498 4514; x_wconf 87' lang='lat' dir='ltr'><strong>provinciis,</strong></span> <span class='ocrx_word' id='word_1_621' title='bbox 1512 4444 1540 4494; x_wconf 93' lang='lat' dir='ltr'><strong>et</strong></span> <span class='ocrx_word' id='word_1_622' title='bbox 1553 4443 1699 4510; x_wconf 88' lang='lat' dir='ltr'><strong>quantum</strong></span> <span class='ocrx_word' id='word_1_623' title='bbox 1710 4438 1740 4492; x_wconf 91' lang='lat' dir='ltr'><strong>in</strong></span> <span class='ocrx_word' id='word_1_624' title='bbox 1750 4436 1808 4508; x_wconf 86' lang='lat' dir='ltr'><strong>ipsis</strong></span> 
     </span>
     <span class='ocr_line' id='line_1_47' title="bbox 143 4532 1806 4614; baseline -0.005 -24"><span class='ocrx_word' id='word_1_625' title='bbox 143 4536 217 4606; x_wconf 94' lang='lat' dir='ltr'><strong>quod</strong></span> <span class='ocrx_word' id='word_1_626' title='bbox 226 4537 296 4592; x_wconf 92' lang='lat' dir='ltr'><strong>nibil</strong></span> <span class='ocrx_word' id='word_1_627' title='bbox 308 4540 566 4607; x_wconf 89' lang='lat' dir='ltr'><strong>eorumbonorum,</strong></span> <span class='ocrx_word' id='word_1_628' title='bbox 579 4558 644 4611; x_wconf 81' lang='lat' dir='ltr'><strong>que</strong></span> <span class='ocrx_word' id='word_1_629' title='bbox 656 4558 709 4614; x_wconf 90' lang='lat' dir='ltr'><strong>pro</strong></span> <span class='ocrx_word' id='word_1_630' title='bbox 718 4542 839 4598; x_wconf 89' lang='lat' dir='ltr'><strong>tuitione</strong></span> <span class='ocrx_word' id='word_1_631' title='bbox 852 4543 949 4597; x_wconf 90' lang='lat' dir='ltr'><strong>subdi·</strong></span> <span class='ocrx_word' id='word_1_632' title='bbox 1003 4547 1054 4607; x_wconf 88' lang='lat' dir='ltr'><strong>est,</strong></span> <span class='ocrx_word' id='word_1_633' title='bbox 1077 4538 1233 4594; x_wconf 88' lang='lat' dir='ltr'><strong>secundum</strong></span> <span class='ocrx_word' id='word_1_634' title='bbox 1255 4537 1334 4606; x_wconf 87' lang='lat' dir='ltr'><strong>leges</strong></span> <span class='ocrx_word' id='word_1_635' title='bbox 1348 4537 1459 4590; x_wconf 87' lang='lat' dir='ltr'><strong>nostras</strong></span> <span class='ocrx_word' id='word_1_636' title='bbox 1474 4532 1632 4587; x_wconf 87' lang='lat' dir='ltr'><strong>sententias</strong></span> <span class='ocrx_word' id='word_1_637' title='bbox 1653 4532 1806 4603; x_wconf 86' lang='lat' dir='ltr'><strong>proferunt,</strong></span> 
     </span>
     <span class='ocr_line' id='line_1_48' title="bbox 143 4621 1808 4705; baseline -0.005 -23"><span class='ocrx_word' id='word_1_638' title='bbox 143 4633 237 4684; x_wconf 91' lang='lat' dir='ltr'><strong>torum</strong></span> <span class='ocrx_word' id='word_1_639' title='bbox 248 4631 367 4686; x_wconf 86' lang='lat' dir='ltr'><strong>nobisin</strong></span> <span class='ocrx_word' id='word_1_640' title='bbox 376 4638 503 4688; x_wconf 90' lang='lat' dir='ltr'><strong>mentem</strong></span> <span class='ocrx_word' id='word_1_641' title='bbox 513 4634 952 4704; x_wconf 89' lang='lat' dir='ltr'><strong>veniunt,omittimus.Volentes</strong></span> <span class='ocrx_word' id='word_1_642' title='bbox 1003 4634 1065 4705; x_wconf 91' lang='lat' dir='ltr'><strong>quis</strong></span> <span class='ocrx_word' id='word_1_643' title='bbox 1075 4638 1124 4688; x_wconf 91' lang='lat' dir='ltr'><strong>aut</strong></span> <span class='ocrx_word' id='word_1_644' title='bbox 1136 4630 1350 4702; x_wconf 77' lang='lat' dir='ltr'><strong>prescriptione</strong></span> <span class='ocrx_word' id='word_1_645' title='bbox 1365 4627 1429 4694; x_wconf 92' lang='lat' dir='ltr'><strong>iori,</strong></span> <span class='ocrx_word' id='word_1_646' title='bbox 1442 4629 1492 4680; x_wconf 85' lang='lat' dir='ltr'><strong>aut</strong></span> <span class='ocrx_word' id='word_1_647' title='bbox 1505 4624 1561 4680; x_wconf 88' lang='lat' dir='ltr'><strong>alio</strong></span> <span class='ocrx_word' id='word_1_648' title='bbox 1576 4624 1640 4695; x_wconf 81' lang='lat' dir='ltr'><strong>eJ&#39;us</strong></span> <span class='ocrx_word' id='word_1_649' title='bbox 1652 4623 1768 4696; x_wconf 85' lang='lat' dir='ltr'><strong>generis</strong></span> <span class='ocrx_word' id='word_1_650' title='bbox 1776 4621 1808 4676; x_wconf 89' lang='lat' dir='ltr'><strong>uti</strong></span> 
     </span>
     <span class='ocr_line' id='line_1_49' title="bbox 143 4722 1314 4798; baseline 0 -22"><span class='ocrx_word' id='word_1_651' title='bbox 143 4723 221 4777; x_wconf 90' lang='lat' dir='ltr'><strong>enim</strong></span> <span class='ocrx_word' id='word_1_652' title='bbox 231 4724 379 4780; x_wconf 87' lang='lat' dir='ltr'><strong>illiberalia</strong></span> <span class='ocrx_word' id='word_1_653' title='bbox 392 4725 448 4793; x_wconf 89' lang='lat' dir='ltr'><strong>illa,</strong></span> <span class='ocrx_word' id='word_1_654' title='bbox 462 4731 490 4781; x_wconf 88' lang='lat' dir='ltr'><strong>et</strong></span> <span class='ocrx_word' id='word_1_655' title='bbox 499 4728 612 4783; x_wconf 89' lang='lat' dir='ltr'><strong>servilia</strong></span> <span class='ocrx_word' id='word_1_656' title='bbox 622 4729 696 4784; x_wconf 85' lang='lat' dir='ltr'><strong>furta</strong></span> <span class='ocrx_word' id='word_1_657' title='bbox 706 4730 814 4796; x_wconf 87' lang='lat' dir='ltr'><strong>tollere,</strong></span> <span class='ocrx_word' id='word_1_658' title='bbox 828 4733 857 4783; x_wconf 90' lang='lat' dir='ltr'><strong>et</strong></span> <span class='ocrx_word' id='word_1_659' title='bbox 866 4729 952 4784; x_wconf 87' lang='lat' dir='ltr'><strong>colla·</strong></span> <span class='ocrx_word' id='word_1_660' title='bbox 1003 4726 1079 4798; x_wconf 89' lang='lat' dir='ltr'><strong>apud</strong></span> <span class='ocrx_word' id='word_1_661' title='bbox 1096 4726 1172 4796; x_wconf 91' lang='lat' dir='ltr'><strong>ipsos</strong></span> <span class='ocrx_word' id='word_1_662' title='bbox 1186 4722 1314 4779; x_wconf 77' lang='lat' dir='ltr'><strong>audeat?</strong></span> 
     </span>
    </p>

    <p class='ocr_par' dir='ltr' id='par_1_3' title="bbox 142 4810 1820 5829">
     <span class='ocr_line' id='line_1_50' title="bbox 142 4810 1809 4894; baseline -0.004 -25"><span class='ocrx_word' id='word_1_663' title='bbox 142 4820 218 4872; x_wconf 87' lang='lat' dir='ltr'><strong>tores</strong></span> <span class='ocrx_word' id='word_1_664' title='bbox 228 4821 341 4873; x_wconf 87' lang='lat' dir='ltr'><strong>nostros</strong></span> <span class='ocrx_word' id='word_1_665' title='bbox 351 4819 435 4888; x_wconf 91' lang='lat' dir='ltr'><strong>tueri,</strong></span> <span class='ocrx_word' id='word_1_666' title='bbox 444 4836 480 4874; x_wconf 88' lang='lat' dir='ltr'><strong>no</strong></span> <span class='ocrx_word' id='word_1_667' title='bbox 493 4821 560 4891; x_wconf 90' lang='lat' dir='ltr'><strong>quid</strong></span> <span class='ocrx_word' id='word_1_668' title='bbox 573 4838 706 4892; x_wconf 90' lang='lat' dir='ltr'><strong>asperum</strong></span> <span class='ocrx_word' id='word_1_669' title='bbox 717 4839 733 4877; x_wconf 92' lang='lat' dir='ltr'><strong>a</strong></span> <span class='ocrx_word' id='word_1_670' title='bbox 743 4822 952 4894; x_wconf 89' lang='lat' dir='ltr'><strong>provinciarum</strong></span> <span class='ocrx_word' id='word_1_671' title='bbox 1038 4817 1237 4875; x_wconf 88' lang='lat' dir='ltr'><strong>luterdicimus</strong></span> <span class='ocrx_word' id='word_1_672' title='bbox 1247 4820 1343 4870; x_wconf 89' lang='lat' dir='ltr'><strong>autem</strong></span> <span class='ocrx_word' id='word_1_673' title='bbox 1355 4818 1384 4868; x_wconf 90' lang='lat' dir='ltr'><strong>et</strong></span> <span class='ocrx_word' id='word_1_674' title='bbox 1394 4810 1603 4885; x_wconf 86' lang='lat' dir='ltr'><strong>gloriosissimo</strong></span> <span class='ocrx_word' id='word_1_675' title='bbox 1612 4810 1809 4881; x_wconf 82' lang='lat' dir='ltr'><strong>perOrieutem</strong></span> 
     </span>
     <span class='ocr_line' id='line_1_51' title="bbox 143 4902 1810 4987; baseline -0.007 -22"><span class='ocrx_word' id='word_1_676' title='bbox 143 4911 372 4967; x_wconf 88' lang='lat' dir='ltr'><strong>moderatoribus</strong></span> <span class='ocrx_word' id='word_1_677' title='bbox 384 4913 540 4984; x_wconf 89' lang='lat' dir='ltr'><strong>patiantur,</strong></span> <span class='ocrx_word' id='word_1_678' title='bbox 557 4920 709 4986; x_wconf 89' lang='lat' dir='ltr'><strong>propterea</strong></span> <span class='ocrx_word' id='word_1_679' title='bbox 722 4917 810 4987; x_wconf 90' lang='lat' dir='ltr'><strong>gratis</strong></span> <span class='ocrx_word' id='word_1_680' title='bbox 825 4916 879 4971; x_wconf 89' lang='lat' dir='ltr'><strong>illis</strong></span> <span class='ocrx_word' id='word_1_681' title='bbox 891 4916 951 4970; x_wconf 85' lang='lat' dir='ltr'><strong>offr·</strong></span> <span class='ocrx_word' id='word_1_682' title='bbox 1003 4912 1140 4983; x_wconf 91' lang='lat' dir='ltr'><strong>magistro</strong></span> <span class='ocrx_word' id='word_1_683' title='bbox 1151 4903 1591 4975; x_wconf 87' lang='lat' dir='ltr'><strong>militum,etomnibusomnino</strong></span> <span class='ocrx_word' id='word_1_684' title='bbox 1600 4902 1810 4974; x_wconf 81' lang='lat' dir='ltr'><strong>magistratibus</strong></span> 
     </span>
     <span class='ocr_line' id='line_1_52' title="bbox 143 4994 1810 5080; baseline -0.005 -25"><span class='ocrx_word' id='word_1_685' title='bbox 143 5002 186 5056; x_wconf 91' lang='lat' dir='ltr'><strong>cia</strong></span> <span class='ocrx_word' id='word_1_686' title='bbox 203 5006 331 5061; x_wconf 88' lang='lat' dir='ltr'><strong>conferre</strong></span> <span class='ocrx_word' id='word_1_687' title='bbox 346 5007 516 5075; x_wconf 86' lang='lat' dir='ltr'><strong>studuimus,</strong></span> <span class='ocrx_word' id='word_1_688' title='bbox 527 5023 563 5062; x_wconf 89' lang='lat' dir='ltr'><strong>ne</strong></span> <span class='ocrx_word' id='word_1_689' title='bbox 574 5024 661 5079; x_wconf 88' lang='lat' dir='ltr'><strong>quam</strong></span> <span class='ocrx_word' id='word_1_690' title='bbox 676 5008 712 5062; x_wconf 89' lang='lat' dir='ltr'><strong>ad</strong></span> <span class='ocrx_word' id='word_1_691' title='bbox 727 5009 954 5080; x_wconf 89' lang='lat' dir='ltr'><strong>delinquendum</strong></span> <span class='ocrx_word' id='word_1_692' title='bbox 1005 5005 1119 5072; x_wconf 90' lang='lat' dir='ltr'><strong>nostris,</strong></span> <span class='ocrx_word' id='word_1_693' title='bbox 1130 5003 1218 5058; x_wconf 89' lang='lat' dir='ltr'><strong>nevel</strong></span> <span class='ocrx_word' id='word_1_694' title='bbox 1228 4998 1524 5065; x_wconf 86' lang='lat' dir='ltr'><strong>latrunculatores,vel</strong></span> <span class='ocrx_word' id='word_1_695' title='bbox 1534 4994 1810 5052; x_wconf 87' lang='lat' dir='ltr'><strong>violentiiseobiben-</strong></span> 
     </span>
     <span class='ocr_line' id='line_1_53' title="bbox 144 5087 1811 5172; baseline -0.005 -25"><span class='ocrx_word' id='word_1_696' title='bbox 144 5093 393 5170; x_wconf 88' lang='lat' dir='ltr'><strong>diripiendumque</strong></span> <span class='ocrx_word' id='word_1_697' title='bbox 415 5101 552 5171; x_wconf 86' lang='lat' dir='ltr'><strong>subditos,</strong></span> <span class='ocrx_word' id='word_1_698' title='bbox 567 5117 690 5172; x_wconf 90' lang='lat' dir='ltr'><strong>quorum</strong></span> <span class='ocrx_word' id='word_1_699' title='bbox 702 5102 794 5172; x_wconf 87' lang='lat' dir='ltr'><strong>gratia</strong></span> <span class='ocrx_word' id='word_1_700' title='bbox 811 5103 881 5157; x_wconf 90' lang='lat' dir='ltr'><strong>nihil</strong></span> <span class='ocrx_word' id='word_1_701' title='bbox 896 5119 955 5158; x_wconf 88' lang='lat' dir='ltr'><strong>non</strong></span> <span class='ocrx_word' id='word_1_702' title='bbox 1005 5099 1048 5154; x_wconf 91' lang='lat' dir='ltr'><strong>dis</strong></span> <span class='ocrx_word' id='word_1_703' title='bbox 1063 5097 1240 5170; x_wconf 75' lang='lat' dir='ltr'><strong>praepositos,</strong></span> <span class='ocrx_word' id='word_1_704' title='bbox 1252 5096 1296 5149; x_wconf 92' lang='lat' dir='ltr'><strong>vel</strong></span> <span class='ocrx_word' id='word_1_705' title='bbox 1314 5095 1517 5157; x_wconf 83' lang='lat' dir='ltr'><strong>exarmatores,</strong></span> <span class='ocrx_word' id='word_1_706' title='bbox 1528 5089 1572 5143; x_wconf 90' lang='lat' dir='ltr'><strong>vel</strong></span> <span class='ocrx_word' id='word_1_707' title='bbox 1586 5089 1735 5160; x_wconf 84' lang='lat' dir='ltr'><strong>ejusmodi</strong></span> <span class='ocrx_word' id='word_1_708' title='bbox 1751 5087 1811 5143; x_wconf 82' lang='lat' dir='ltr'><strong>alios</strong></span> 
     </span>
     <span class='ocr_line' id='line_1_54' title="bbox 144 5179 1813 5266; baseline -0.005 -25"><span class='ocrx_word' id='word_1_709' title='bbox 144 5188 247 5242; x_wconf 86' lang='lat' dir='ltr'><strong>laboris</strong></span> <span class='ocrx_word' id='word_1_710' title='bbox 256 5191 619 5261; x_wconf 85' lang='lat' dir='ltr'><strong>sustinemus,oecasiouem</strong></span> <span class='ocrx_word' id='word_1_711' title='bbox 627 5194 956 5266; x_wconf 87' lang='lat' dir='ltr'><strong>habeant,dedignantes</strong></span> <span class='ocrx_word' id='word_1_712' title='bbox 1005 5194 1034 5247; x_wconf 89' lang='lat' dir='ltr'><strong>in</strong></span> <span class='ocrx_word' id='word_1_713' title='bbox 1046 5190 1205 5264; x_wconf 85' lang='lat' dir='ltr'><strong>provincias</strong></span> <span class='ocrx_word' id='word_1_714' title='bbox 1213 5187 1356 5243; x_wconf 88' lang='lat' dir='ltr'><strong>emittant.</strong></span> <span class='ocrx_word' id='word_1_715' title='bbox 1367 5186 1460 5242; x_wconf 85' lang='lat' dir='ltr'><strong>Sciant</strong></span> <span class='ocrx_word' id='word_1_716' title='bbox 1470 5182 1559 5250; x_wconf 90' lang='lat' dir='ltr'><strong>enim,</strong></span> <span class='ocrx_word' id='word_1_717' title='bbox 1569 5183 1620 5253; x_wconf 91' lang='lat' dir='ltr'><strong>qui</strong></span> <span class='ocrx_word' id='word_1_718' title='bbox 1630 5183 1668 5237; x_wconf 89' lang='lat' dir='ltr'><strong>ad</strong></span> <span class='ocrx_word' id='word_1_719' title='bbox 1679 5183 1734 5238; x_wconf 92' lang='lat' dir='ltr'><strong>hoc</strong></span> <span class='ocrx_word' id='word_1_720' title='bbox 1743 5179 1813 5236; x_wconf 77' lang='lat' dir='ltr'><strong>insti</strong></span> 
     </span>
     <span class='ocr_line' id='line_1_55' title="bbox 145 5276 1815 5361; baseline -0.004 -27"><span class='ocrx_word' id='word_1_721' title='bbox 145 5279 250 5335; x_wconf 88' lang='lat' dir='ltr'><strong>imitari</strong></span> <span class='ocrx_word' id='word_1_722' title='bbox 262 5298 311 5336; x_wconf 89' lang='lat' dir='ltr'><strong>cos</strong></span> <span class='ocrx_word' id='word_1_723' title='bbox 323 5283 372 5354; x_wconf 90' lang='lat' dir='ltr'><strong>qui</strong></span> <span class='ocrx_word' id='word_1_724' title='bbox 383 5288 448 5342; x_wconf 90' lang='lat' dir='ltr'><strong>ante</strong></span> <span class='ocrx_word' id='word_1_725' title='bbox 457 5304 509 5342; x_wconf 91' lang='lat' dir='ltr'><strong>uos</strong></span> <span class='ocrx_word' id='word_1_726' title='bbox 520 5287 643 5361; x_wconf 88' lang='lat' dir='ltr'><strong>imperio</strong></span> <span class='ocrx_word' id='word_1_727' title='bbox 653 5289 836 5359; x_wconf 73' lang='lat' dir='ltr'><strong>praefuerant,</strong></span> <span class='ocrx_word' id='word_1_728' title='bbox 844 5288 892 5360; x_wconf 91' lang='lat' dir='ltr'><strong>qui</strong></span> <span class='ocrx_word' id='word_1_729' title='bbox 903 5305 955 5359; x_wconf 89' lang='lat' dir='ltr'><strong>pro</strong></span> <span class='ocrx_word' id='word_1_730' title='bbox 1004 5286 1046 5341; x_wconf 92' lang='lat' dir='ltr'><strong>tui</strong></span> <span class='ocrx_word' id='word_1_731' title='bbox 1064 5287 1127 5357; x_wconf 92' lang='lat' dir='ltr'><strong>post</strong></span> <span class='ocrx_word' id='word_1_732' title='bbox 1140 5285 1215 5339; x_wconf 91' lang='lat' dir='ltr'><strong>banc</strong></span> <span class='ocrx_word' id='word_1_733' title='bbox 1227 5285 1357 5336; x_wconf 88' lang='lat' dir='ltr'><strong>nostram</strong></span> <span class='ocrx_word' id='word_1_734' title='bbox 1375 5280 1471 5350; x_wconf 86' lang='lat' dir='ltr'><strong>legem</strong></span> <span class='ocrx_word' id='word_1_735' title='bbox 1486 5276 1737 5348; x_wconf 72' lang='lat' dir='ltr'><strong>presumpserint,</strong></span> <span class='ocrx_word' id='word_1_736' title='bbox 1753 5289 1815 5345; x_wconf 84' lang='lat' dir='ltr'><strong>quo</strong></span> 
     </span>
     <span class='ocr_line' id='line_1_56' title="bbox 144 5366 1814 5454; baseline -0.006 -25"><span class='ocrx_word' id='word_1_737' title='bbox 144 5374 274 5445; x_wconf 78' lang='lat' dir='ltr'><strong>pecuiniis</strong></span> <span class='ocrx_word' id='word_1_738' title='bbox 284 5376 639 5450; x_wconf 85' lang='lat' dir='ltr'><strong>conferentesoffreie,sibi</strong></span> <span class='ocrx_word' id='word_1_739' title='bbox 650 5382 718 5454; x_wconf 90' lang='lat' dir='ltr'><strong>ipsis</strong></span> <span class='ocrx_word' id='word_1_740' title='bbox 725 5381 801 5453; x_wconf 88' lang='lat' dir='ltr'><strong>juste</strong></span> <span class='ocrx_word' id='word_1_741' title='bbox 808 5380 957 5453; x_wconf 90' lang='lat' dir='ltr'><strong>increpan-</strong></span> <span class='ocrx_word' id='word_1_742' title='bbox 1006 5380 1084 5434; x_wconf 88' lang='lat' dir='ltr'><strong>niam</strong></span> <span class='ocrx_word' id='word_1_743' title='bbox 1103 5377 1209 5448; x_wconf 88' lang='lat' dir='ltr'><strong>captia</strong></span> <span class='ocrx_word' id='word_1_744' title='bbox 1224 5374 1328 5430; x_wconf 90' lang='lat' dir='ltr'><strong>nostris</strong></span> <span class='ocrx_word' id='word_1_745' title='bbox 1343 5371 1488 5444; x_wconf 91' lang='lat' dir='ltr'><strong>judicibus</strong></span> <span class='ocrx_word' id='word_1_746' title='bbox 1507 5368 1735 5440; x_wconf 78' lang='lat' dir='ltr'><strong>provinciarum,</strong></span> <span class='ocrx_word' id='word_1_747' title='bbox 1750 5366 1814 5422; x_wconf 89' lang='lat' dir='ltr'><strong>etin</strong></span> 
     </span>
     <span class='ocr_line' id='line_1_57' title="bbox 145 5461 1815 5546; baseline -0.005 -25"><span class='ocrx_word' id='word_1_748' title='bbox 145 5467 173 5521; x_wconf 91' lang='lat' dir='ltr'><strong>di</strong></span> <span class='ocrx_word' id='word_1_749' title='bbox 185 5486 233 5524; x_wconf 90' lang='lat' dir='ltr'><strong>eos</strong></span> <span class='ocrx_word' id='word_1_750' title='bbox 245 5469 294 5541; x_wconf 90' lang='lat' dir='ltr'><strong>qui</strong></span> <span class='ocrx_word' id='word_1_751' title='bbox 306 5468 410 5540; x_wconf 90' lang='lat' dir='ltr'><strong>injuste</strong></span> <span class='ocrx_word' id='word_1_752' title='bbox 421 5487 450 5525; x_wconf 90' lang='lat' dir='ltr'><strong>se</strong></span> <span class='ocrx_word' id='word_1_753' title='bbox 463 5471 492 5526; x_wconf 92' lang='lat' dir='ltr'><strong>in</strong></span> <span class='ocrx_word' id='word_1_754' title='bbox 503 5474 603 5529; x_wconf 75' lang='lat' dir='ltr'><strong>officiis</strong></span> <span class='ocrx_word' id='word_1_755' title='bbox 616 5475 755 5545; x_wconf 89' lang='lat' dir='ltr'><strong>gerebant</strong></span> <span class='ocrx_word' id='word_1_756' title='bbox 765 5475 876 5546; x_wconf 88' lang='lat' dir='ltr'><strong>copiam</strong></span> <span class='ocrx_word' id='word_1_757' title='bbox 887 5475 954 5529; x_wconf 88' lang='lat' dir='ltr'><strong>ade·</strong></span> <span class='ocrx_word' id='word_1_758' title='bbox 1006 5469 1337 5539; x_wconf 84' lang='lat' dir='ltr'><strong>vincularedigentur,et</strong></span> <span class='ocrx_word' id='word_1_759' title='bbox 1343 5481 1428 5521; x_wconf 91' lang='lat' dir='ltr'><strong>causa</strong></span> <span class='ocrx_word' id='word_1_760' title='bbox 1434 5462 1470 5518; x_wconf 88' lang='lat' dir='ltr'><strong>ad</strong></span> <span class='ocrx_word' id='word_1_761' title='bbox 1476 5478 1528 5516; x_wconf 87' lang='lat' dir='ltr'><strong>nos</strong></span> <span class='ocrx_word' id='word_1_762' title='bbox 1534 5461 1670 5516; x_wconf 84' lang='lat' dir='ltr'><strong>nuntiata</strong></span> <span class='ocrx_word' id='word_1_763' title='bbox 1679 5473 1815 5517; x_wconf 85' lang='lat' dir='ltr'><strong>summurn</strong></span> 
     </span>
     <span class='ocr_line' id='line_1_58' title="bbox 145 5550 1818 5640; baseline -0.007 -24"><span class='ocrx_word' id='word_1_764' title='bbox 145 5563 353 5635; x_wconf 84' lang='lat' dir='ltr'><strong>merant,digni</strong></span> <span class='ocrx_word' id='word_1_765' title='bbox 362 5564 490 5636; x_wconf 89' lang='lat' dir='ltr'><strong>profecto</strong></span> <span class='ocrx_word' id='word_1_766' title='bbox 499 5566 957 5640; x_wconf 84' lang='lat' dir='ltr'><strong>quibuspropterturpiteraecep</strong></span> <span class='ocrx_word' id='word_1_767' title='bbox 1007 5565 1116 5620; x_wconf 88' lang='lat' dir='ltr'><strong>anobis</strong></span> <span class='ocrx_word' id='word_1_768' title='bbox 1129 5562 1286 5635; x_wconf 92' lang='lat' dir='ltr'><strong>periculum</strong></span> <span class='ocrx_word' id='word_1_769' title='bbox 1297 5558 1492 5625; x_wconf 89' lang='lat' dir='ltr'><strong>sustinebunt;</strong></span> <span class='ocrx_word' id='word_1_770' title='bbox 1504 5559 1533 5610; x_wconf 89' lang='lat' dir='ltr'><strong>et</strong></span> <span class='ocrx_word' id='word_1_771' title='bbox 1542 5553 1592 5626; x_wconf 89' lang='lat' dir='ltr'><strong>qui</strong></span> <span class='ocrx_word' id='word_1_772' title='bbox 1602 5552 1774 5624; x_wconf 79' lang='lat' dir='ltr'><strong>hujusmodl</strong></span> <span class='ocrx_word' id='word_1_773' title='bbox 1782 5550 1818 5607; x_wconf 84' lang='lat' dir='ltr'><strong>eis</strong></span> 
     </span>
     <span class='ocr_line' id='line_1_59' title="bbox 145 5647 1819 5732; baseline -0.005 -23"><span class='ocrx_word' id='word_1_774' title='bbox 145 5659 202 5710; x_wconf 92' lang='lat' dir='ltr'><strong>tam</strong></span> <span class='ocrx_word' id='word_1_775' title='bbox 212 5657 372 5729; x_wconf 88' lang='lat' dir='ltr'><strong>proofliciis</strong></span> <span class='ocrx_word' id='word_1_776' title='bbox 380 5659 532 5728; x_wconf 87' lang='lat' dir='ltr'><strong>pecuniam</strong></span> <span class='ocrx_word' id='word_1_777' title='bbox 542 5659 635 5730; x_wconf 89' lang='lat' dir='ltr'><strong>capita</strong></span> <span class='ocrx_word' id='word_1_778' title='bbox 645 5662 864 5716; x_wconf 85' lang='lat' dir='ltr'><strong>obvolverentur</strong></span> <span class='ocrx_word' id='word_1_779' title='bbox 872 5661 957 5732; x_wconf 89' lang='lat' dir='ltr'><strong>pallio</strong></span> <span class='ocrx_word' id='word_1_780' title='bbox 1006 5663 1148 5731; x_wconf 79' lang='lat' dir='ltr'><strong>precepta</strong></span> <span class='ocrx_word' id='word_1_781' title='bbox 1158 5654 1339 5721; x_wconf 86' lang='lat' dir='ltr'><strong>tradiderint,</strong></span> <span class='ocrx_word' id='word_1_782' title='bbox 1354 5650 1474 5722; x_wconf 89' lang='lat' dir='ltr'><strong>triginta</strong></span> <span class='ocrx_word' id='word_1_783' title='bbox 1482 5647 1621 5703; x_wconf 85' lang='lat' dir='ltr'><strong>librarum</strong></span> <span class='ocrx_word' id='word_1_784' title='bbox 1634 5647 1700 5703; x_wconf 87' lang='lat' dir='ltr'><strong>auri</strong></span> <span class='ocrx_word' id='word_1_785' title='bbox 1711 5659 1819 5719; x_wconf 68' lang='lat' dir='ltr'><strong>pennam</strong></span> 
     </span>
     <span class='ocr_line' id='line_1_60' title="bbox 147 5740 1820 5829; baseline -0.004 -28"><span class='ocrx_word' id='word_1_786' title='bbox 147 5764 211 5803; x_wconf 87' lang='lat' dir='ltr'><strong>cum</strong></span> <span class='ocrx_word' id='word_1_787' title='bbox 224 5767 317 5823; x_wconf 87' lang='lat' dir='ltr'><strong>neque</strong></span> <span class='ocrx_word' id='word_1_788' title='bbox 330 5768 473 5807; x_wconf 85' lang='lat' dir='ltr'><strong>suoseare</strong></span> <span class='ocrx_word' id='word_1_789' title='bbox 488 5753 635 5808; x_wconf 85' lang='lat' dir='ltr'><strong>collatores</strong></span> <span class='ocrx_word' id='word_1_790' title='bbox 645 5753 680 5808; x_wconf 89' lang='lat' dir='ltr'><strong>ab</strong></span> <span class='ocrx_word' id='word_1_791' title='bbox 691 5753 826 5828; x_wconf 87' lang='lat' dir='ltr'><strong>improbis</strong></span> <span class='ocrx_word' id='word_1_792' title='bbox 831 5754 958 5829; x_wconf 79' lang='lat' dir='ltr'><strong>presidi·</strong></span> <span class='ocrx_word' id='word_1_793' title='bbox 1007 5750 1228 5822; x_wconf 86' lang='lat' dir='ltr'><strong>sustinebunt,et</strong></span> <span class='ocrx_word' id='word_1_794' title='bbox 1238 5748 1377 5822; x_wconf 75' lang='lat' dir='ltr'><strong>maJorem</strong></span> <span class='ocrx_word' id='word_1_795' title='bbox 1393 5744 1521 5818; x_wconf 87' lang='lat' dir='ltr'><strong>insuper,</strong></span> <span class='ocrx_word' id='word_1_796' title='bbox 1532 5740 1820 5799; x_wconf 79' lang='lat' dir='ltr'><strong>aeveuemeutioren</strong></span> 
     </span>
    </p>
   </div>
   <div class='ocr_carea' id='block_1_3' title="bbox 0 0 1975 6148">
    <p class='ocr_par' dir='ltr' id='par_1_4' title="bbox 0 0 1975 6148">
     <span class='ocr_line' id='line_1_61' title="bbox 0 0 1975 6148; baseline 0 0"><span class='ocrx_word' id='word_1_797' title='bbox 0 0 1975 6148; x_wconf 95' lang='lat' dir='ltr'><strong> </strong></span> 
     </span>
    </p>
   </div>
  </div>
 </body>
</html>
