3878 6150
157 284 208 340 'ld‘l
532 278 649 338 silleri
667 281 816 348 AUNlel,
836 280 1151 339 lurrsslouonsusls
1169 281 1329 351 EPlSCOPL
1349 281 1453 342 nrlsr.
1787 288 1836 344 itt

158 394 201 448 est
212 390 444 459 conservandum,
458 389 608 463 negligens
621 391 752 446 inventus
772 390 866 460 fuerit,
890 395 919 446 et
936 390 972 446 ob
982 406 1013 479 Α
1056 391 1198 449 itudorins
1211 393 1380 464 [audoveus]
1392 393 1539 466 presbyter
1549 393 1713 469 subscripsi.

157 485 211 540 hoe
224 486 370 541 observare
384 484 534 551 distulerit,
553 488 602 539 aut
616 500 663 539 eos
684 484 734 556 qui
755 484 850 556 ipsum
874 484 973 540 audire
1057 485 1203 541 bledardus
1215 486 1362 558 presbyter
1376 487 1538 559 subscripsi.

157 578 334 651 neglexerint
344 576 476 632 celeravit
484 580 534 631 aut
543 577 739 649 suppresserit,
759 581 787 631 et
798 577 828 631 in
840 576 972 632 notitiam
1058 578 1208 635 Baderieus
1222 580 1370 652 presbyter
1381 580 1543 654 subscripsi.

158 671 281 743 episcopi
292 687 350 725 non
365 670 535 742 deposuerit,
559 686 633 726 anno
650 688 667 726 a
683 670 823 726 consortio
840 670 972 740 fratrum,
1057 673 1189 745 syagrius
1199 673 1346 746 presbyter
1360 673 1522 747 subscripsi.

158 765 202 820 rel
216 765 251 821 sb
264 763 392 818 omnium
407 763 631 820 Christianorum
651 763 851 821 communione
871 764 974 820 habea·
1059 766 1222 822 Friobaudis
1235 767 1384 840 presbyter
1395 767 1557 840 subscripsi.

158 863 206 913 tur
217 861 378 914 extraneus.
1058 860 1193 916 Eomiuus
1206 848 1354 933 presbyter
1364 861 1525 934 subscripsi.

421 951 713 1009 SUBSCRIPTIONES.
1058 953 1182 1009 Eliadius
1195 954 1344 1028 presbyter
1356 954 1517 1027 subscripsi.

192 1045 388 1101 Aunacharius
401 1045 431 1102 in
446 1045 494 1102 Dei
506 1047 622 1102 nomine
637 1045 784 1118 episcopus
802 1044 975 1103 constitutio·
1058 1048 1274 1104 Theodemodus
1289 1047 1437 1121 presbyter
1449 1049 1612 1123 subscripsi.

158 1156 225 1197 nem
237 1141 310 1197 hanc
322 1139 493 1213 [confirmari
507 1139 545 1214 st]
560 1139 722 1211 subscripsi.
1059 1141 1217 1199 bunodus
1231 1141 1377 1214 presbyter
1388 1141 1550 1214 subscripsi.

192 1234 363 1291 Viuobaudis
377 1232 585 1308 [winebaudus]
603 1233 687 1289 abbas
697 1233 849 1306 subscripsi
1059 1234 1201 1290 Leonastis
1213 1234 1360 1307 presbyter
1374 1234 1537 1306 subscripsi.

194 1328 354 1384 Bandonius
367 1327 551 1402 [Bandoveus]
564 1328 651 1383 abbas
664 1326 824 1399 subscripsi.
1059 1329 1208 1385 lledardus
1221 1328 1368 1401 presbyter
1380 1327 1531 1403 subscripsi
1541 1343 1594 1402 per
1605 1327 1760 1386 &conum
1772 1328 1836 1386 Leu—

194 1422 346 1478 Francolus
360 1420 549 1494 [rrmulfus]
567 1421 653 1477 abbas
667 1419 828 1493 subscripsi.
1024 1421 1185 1494 degisilum.

193 1516 329 1571 Caesarius
342 1515 427 1571 abbas
440 1515 601 1587 subscripsi.
1059 1515 1167 1571 Ennius
1181 1514 1328 1587 presbyter
1339 1514 1500 1588 subscripsi.

123 1632 137 1655 κ
194 1609 372 1667 Desideratus
387 1609 472 1665 abbns
486 1609 648 1681 subscripsi.
1007 1626 1009 1630 ·
1059 1608 1205 1664 Filmatius
1217 1608 1366 1681 presbyter
1378 1608 1541 1682 subscripsi.

195 1701 338 1758 Amandus
347 1702 432 1758 abbas
449 1702 611 1773 subscripsi.
1059 1701 1223 1759 Nonnovius
1236 1702 1383 1774 presbyter
1395 1702 1556 1775 subscripsi.

195 1796 338 1868 Tegredus
350 1795 435 1850 abbas
449 1796 611 1868 subscripsi.
984 1777 1013 1850 Β
1060 1796 1223 1852 Ballomeris
1237 1796 1386 1869 presbyter
1396 1795 1558 1868 subscripsi.

195 1889 314 1962 Vigilins
326 1889 473 1961 presbyter
488 1889 650 1962 subscripsi.
1059 1889 1261 1946 Romecharius
1272 1889 1420 1962 presbyter
1431 1889 1593 1962 subscripsi.

194 1986 346 2058 Gregorius
361 1987 508 2059 presbyter
520 1986 622 2061 [abbas]
638 1987 798 2060 subscripsi.
1058 1983 1207 2040 bledardus
1218 1982 1365 2054 presbyter
1377 1983 1537 2055 subscripsi.

191 2078 326 2141 &usius
340 2081 489 2152 presbyter
502 2081 664 2154 subscripsi.
838 2117 843 2132 .-
1062 2076 1161 2133 sudila
1170 2076 1316 2148 presbyter
1328 2076 1489 2149 subscripsi.

195 2174 320 2230 Arrianus
335 2172 473 2247 [sununs]
492 2174 640 2246 presbyter
652 2172 813 2247 subscripsi.
1061 2169 1197 2226 Genulfus
1210 2169 1359 2242 presbyter
1372 2169 1533 2243 subscripsi.

196 2267 361 2339 Saupandus
372 2268 519 2339 presbyter
529 2267 693 2341 subscripsi.
1061 2263 1193 2335 syagrius
1207 2262 1354 2335 presbyter
1366 2262 1544 2335 subscripsi..

194 2360 365 2416 Tbeodulfus
380 2361 529 2433 presbyter
540 2361 703 2433 subscripsi.
1062 2355 1207 2413 Sindulius
1218 2356 1368 2429 presbyter
1379 2357 1540 2429 subscripsi

195 2453 326 2509 Ruricius
337 2455 484 2526 presbyter
496 2455 659 2526 subscripsi.
838 2468 841 2478 ’
1061 2449 1230 2506 Vinobaudis
1244 2450 1392 2523 presbyter
1402 2449 1575 2524 subscripsi}

196 2546 347 2602 Niobaudis
359 2546 506 2619 presbyter
519 2546 681 2619 subscripsi.
1061 2543 1194 2600 Barbarie
1206 2543 1340 2601 maenus
1354 2543 1517 2616 subscripsi.

195 2640 334 2696 Antonius
345 2640 490 2717 presbyter
502 2640 664 2712 subscripsi.
1061 2637 1255 2709 leudegisilus
1269 2637 1402 2693 diaeonus
1414 2654 1466 2711 pro
1480 2637 1613 2695 bledardo
1621 2638 1778 2714 subscripsi

196 2734 332 2790 Sevardus
346 2734 494 2806 presbyter
508 2733 671 2805 subscripsi.
1061 2734 1093 2787 ln
1108 2732 1159 2786 hnc
1172 2732 1274 2800 synodo
1287 2734 1401 2800 suerum
1422 2735 1578 2802 congregati
1601 2735 1743 2806 episcopus
1759 2750 1821 2798 mu.

195 2827 273 2882 Addo
286 2827 433 2899 presbyter
442 2826 604 2897 subscripsi.
1026 2825 1136 2880 abbates
1146 2829 1255 2895 septen,
1266 2827 1418 2895 presbyteri
1438 2827 1553 2896 ΐήςίπεα
1573 2831 1703 2897 quntum,
1725 2829 1820 2892 disseri¹

194 2919 336 2976 Sindullus
351 2921 498 2993 presbyter
513 2919 677 2992 subscripsi.
1025 2920 1075 2989 qui
1087 2920 1117 2973 in
1129 2919 1186 2974 viee
1195 2919 1650 2990 presbyterorumsubscrspseruat,
1662 2925 1716 2978 tres
1725 2927 1819 2978 tantun.

159 3084 1816 3144 υ

517 3261 659 3329 SANCTI
680 3263 858 3342 sustuli,
882 3263 1260 3332 AUTISSIODORENSIS
1280 3264 1476 3343 urlscorl,

236 3420 634 3539 EPISTOLA
682 3428 784 3536 AD
832 3427 1329 3539 STEPHANUM
1374 3428 1756 3540 ABBATEM

705 3618 774 3700 (Ec
796 3619 962 3698 Bollane,
981 3619 1094 3702 prima
1115 3619 1168 3683 die
1189 3619 1300 3695 Maii.)

502 3783 584 3830 Hunc
606 3783 774 3831 HORTATUR
795 3785 835 3831 UT
855 3783 955 3831 v1rslu
977 3783 1088 3830 SANC’H
1109 3783 1266 3831 susroms
1287 3783 1489 3831 conscribar.
1600 3792 1604 3798 ⁴

195 4026 381 4083 Dilectissimo
400 4032 485 4102 atque
507 4031 700 4087 amantissimo
721 4037 750 4087 et
770 4031 881 4087 interno
902 4031 1014 4120 mihiC
1026 4031 1142 4103 quidam
1154 4034 1250 4088 autem
1264 4031 1394 4088 numeris
1414 4049 1443 4089 se
1464 4032 1643 4105 rhythmisve
1660 4049 1692 4088 ac
1712 4029 1808 4087 anun

158 4121 270 4176 vinculo
282 4120 427 4178 charitatis
439 4139 567 4181 eonnero
580 4125 722 4197 Stephano
737 4125 912 4197 presbytero,
922 4128 977 4181 rtu-
1026 4125 1305 4182 versuumdelectari
1319 4125 1454 4182 fatentur.
1468 4127 1552 4197 Ergo,
1574 4131 1609 4182 ut
1627 4121 1809 4181 omniomnis

158 4218 254 4273 narius
267 4219 357 4291 gratia
370 4220 418 4276 liei
433 4221 590 4296 episcopus,
607 4223 637 4277 in
653 4223 774 4278 Domino
788 4225 926 4279 aternam
935 4239 977 4279 sa-
1026 4235 1214 4290 oecurrerem,
1240 4224 1269 4276 et
1296 4219 1391 4275 nullus
1424 4235 1475 4274 suo
1498 4218 1639 4275 desiderio
1652 4219 1807 4281 fraudantur,

158 4312 260 4368 lutern.
1025 4312 1130 4384 placuit
1151 4312 1223 4368 mibi
1246 4317 1280 4367 ut
1304 4313 1375 4368 vitas
1398 4311 1628 4368 beatissimorum
1649 4313 1808 4369 comessura

194 4407 353 4463 Tuaenobis
366 4408 502 4464 doctrinas
512 4409 674 4481 multisjam
689 4409 890 4483 experimentis
903 4427 977 4467 eom·
1026 4407 1164 4478 quasdam
1182 4406 1254 4478 pede
1273 4406 1362 4462 libero
1390 4406 1582 4477 describeres,
1611 4408 1744 4479 quasdam
1762 4416 1807 4457 uu

158 4499 275 4572 probata
300 4502 452 4573 prudentia
482 4504 619 4576 compulit
649 4521 710 4575 nos,
739 4504 893 4576 qnamdam
921 4504 977 4559 tuis
1025 4500 1089 4571 lege
1105 4499 1223 4555 metrica
1241 4498 1391 4571 impeditas
1412 4499 1577 4572 digereres:
1606 4500 1643 4555 ob
1668 4516 1747 4572 quam
1767 4509 1807 4551 reu

158 4592 285 4648 humeris
304 4593 488 4667 imperiosam
506 4613 697 4671 superponere
716 4598 907 4668 sarcinulam,
927 4597 977 4653 sed
1026 4593 1142 4649 obsecro
1157 4592 1267 4648 unitam
1278 4592 1352 4648 mihi
1373 4597 1431 4649 ture
1454 4593 1612 4650 dilectionis
1632 4587 1809 4658 amicitiani*i

158 4701 222 4741 eam
234 4702 296 4757 quas
306 4687 357 4743 tibi
370 4705 427 4745 uon
448 4690 485 4746 sit
496 4692 600 4759 oneris,
614 4692 663 4747 sed
684 4691 819 4761 bonoris3
842 4707 894 4747 nee
913 4707 977 4764 qua
1025 4685 1181 4742 beatissimi
1195 4686 1325 4742 Germani
1338 4686 1463 4759 episcopi
1474 4686 1561 4742 vitam
1575 4687 1608 4743 in
1628 4702 1753 4744 versuum
1764 4695 1809 4755 qu·

160 4779 294 4834 deorsum
309 4779 411 4853 iniquo
433 4784 558 4854 pondere
581 4790 702 4855 premat,
729 4785 778 4841 sed
801 4800 865 4856 quse
882 4785 977 4856 potius
1026 4779 1145 4849 litatem,
1156 4784 1331 4836 commutare
1343 4796 1400 4835 non
1416 4778 1547 4851 desistss5
1568 4782 1659 4837 saneti
1679 4798 1739 4837 sero
1752 4779 1809 4833 lus·

55 4897 60 4903 ·
159 4869 262 4925 coelum
273 4886 363 4942 usque
373 4872 511 4927 sustollat.
522 4873 675 4945 Cognitum
688 4873 741 4929 libi
750 4877 801 4943 est,
812 4873 976 4930 charissime
1027 4873 1094 4929 toris
1108 4873 1233 4944 prosaica
1248 4873 1441 4930 modulatione
1465 4873 1624 4943 describas;
1648 4879 1683 4932 ut
1699 4875 1811 4932 sectatus

159 4961 255 5034 frater,
270 4966 298 5019 et
313 4980 378 5036 quae
393 4964 429 5020 sit
448 4966 642 5022 humanarum
663 4966 804 5022 mentium
820 4966 977 5034 diversitas,
1027 4967 1186 5038 apostolieae
1212 4967 1422 5039 predicationis
1442 4966 1549 5038 effecti,
1587 4970 1726 5026 omnibus
1744 4958 1810 5022 onus

160 5057 189 5108 et
211 5057 454 5127 quemadmodum
473 5058 503 5114 in
534 5059 627 5115 studia
648 5060 788 5115 contraria
807 5077 865 5115 non
886 5060 978 5116 solum
1028 5059 1196 5127 efficiamur,
1219 5066 1248 5115 et
1266 5061 1337 5116 nulli
1358 5061 1514 5133 qiudquam
1541 5060 1709 5131 debeamus,
1730 5057 1772 5117 nisi
1789 5052 1810 5105 ⁰¹

161 5146 246 5205 inane
258 5150 370 5223 vulgus,
387 5168 485 5208 rerum
499 5153 585 5209 etiam
598 5153 727 5209 universa
741 5153 886 5210 scindatur
894 5154 977 5210 nobi·
1028 5154 1149 5210 invicem
1161 5154 1322 5227 diligamns.
1338 5154 1430 5211 Indivi
1441 5154 1604 5212 duammihi
1617 5158 1768 5213 charitatem
1777 5159 1808 5199 tt·

160 5241 237 5298 litas.
250 5245 284 5300 Et
297 5245 414 5317 quidam
427 5247 542 5320 quidem
557 5247 685 5321 prosaico
704 5247 881 5304 oblectantur
894 5248 976 5320 stylo,
1028 5251 1117 5304 stram
1129 5247 1224 5304 dirius
1236 5248 1374 5304 custodiat
1384 5248 1483 5321 pietas,
1496 5249 1668 5307 venerabilis
1679 5250 1761 5306 irater·
