3878 6150
146 281 212 336 1043
718 278 844 336 satelli
864 281 958 335 SEth
977 280 1254 336 stl'l'tt'ttu'ltltttt.
1760 283 1827 341 tilii

144 387 292 447 ctesiastici
312 388 418 462 gradus
431 387 571 457 nriiiister,
586 394 636 445 ent
653 391 778 446 ecclesiae
797 392 957 447 diaconissa
967 400 997 475 Α
1007 393 1076 445 mim
1087 391 1287 461 providebimus
1300 395 1433 460 quotenus
1445 395 1502 448 siue
1512 393 1672 448 collatorum
1684 395 1829 464 dt'epcudio

145 484 957 556 sinetestamentitabulisetlegitimisdecedatsuccesso-
1006 485 1056 557 pai
1083 486 1165 539 etiam
1191 487 1220 538 iu
1245 487 1392 555 protriuciis
1425 489 1582 554 omnisestu.
1610 487 1674 542 Dat.
1703 503 1738 542 xv
1764 488 1826 543 lial.

144 582 233 650 ribus,
256 584 358 639 horum
383 583 521 639 successio
547 584 583 639 ad
611 583 763 639 ecclesiam
787 584 958 641 dclertorin
1007 576 1106 647 April,
1122 576 1379 645 COssSlflssl-lss·‚d1¹·
1404 578 1534 635 Justinia·
1550 581 1602 636 PP.
1618 583 1706 652 Aug„
1723 580 1827 637 Busille

145 692 233 750 quam
249 678 322 732 torte
335 677 459 732 ordinati
473 679 597 733 inerant.

180 772 268 826 Porro
287 770 422 840 jubemus
440 788 476 826 nc
497 771 649 843 qnisquam
666 772 828 839 hereticus,
848 773 892 827 vel
907 788 959 843 per

146 863 376 933 conductionem,
398 865 441 920 vel
459 865 682 937 emphyteusim,
703 868 746 921 vel
763 866 955 937 emptionem,

146 960 195 1011 eut
204 974 374 1029 quocunque
383 958 438 1013 nlio
446 958 533 1014 modo
544 959 755 1014 resimmohiles
763 977 779 1013 a
787 975 958 1030 quacunque

145 1051 264 1105 ecclesia
283 1055 333 1106 aut
354 1052 509 1107 venerabili
529 1052 616 1108 domo
632 1053 736 1124 capiat.
753 1052 782 1107 Si
800 1053 869 1124 quid
892 1069 959 1108 vero

145 1144 287 1214 ejusmodi
297 1145 391 1200 delicti
399 1145 557 1201 admissum
566 1146 661 1214 luerit,
671 1146 821 1202 haereticus
830 1146 958 1218 quidem,

146 1237 170 1292 si
185 1238 251 1309 qnid
268 1256 320 1310 per
334 1239 410 1294 hane
422 1256 538 1294 causam
555 1240 710 1311 prebuerit
722 1240 845 1295 amittet.
859 1239 958 1294 lstius·

146 1331 303 1388 modivero
319 1349 364 1387 res
378 1333 531 1388 venerabili
546 1333 647 1388 domui
662 1351 679 1389 a
692 1349 749 1404 qua
762 1338 791 1387 et
805 1334 878 1388 datae
894 1336 960 1388 sunt

145 1423 335 1481 vindicantor.
346 1426 530 1497 Dispensator
540 1425 747 1481 autemdomus
756 1427 803 1498 qui
812 1426 959 1497 hujusmo

146 1517 368 1574 direshmretico
379 1519 528 1581 debritin
544 1520 706 1574 universum
719 1518 959 1590 adispensatione

147 1616 318 1678 removetor,
331 1617 360 1667 et
370 1613 398 1667 in
414 1613 622 1668 monasterium
638 1613 797 1683 conjicitor,
809 1617 837 1667 et
846 1629 898 1684 per
908 1629 960 1667 an·

147 1723 216 1760 num
231 1723 345 1760 unmna
358 1711 456 1761 sancta
469 1707 672 1762 commuuione
685 1706 959 1777 segregator,ntqui

145 1800 322 1855 Christianos
331 1800 471 1855 haereticis
479 1799 641 1854 tradiderit.
649 1802 685 1854 et
693 1800 716 1854 si
728 1799 904 1855 orthodoxus
912 1799 961 1870 qui

146 1893 356 1964 possessionem
377 1894 464 1948 habet
479 1894 508 1948 in
524 1909 581 1964 qua
601 1897 700 1948 sancta
720 1893 757 1947 sit
775 1893 903 1960 ecclesia,
917 1893 961 1947 vel

146 1987 478 2058 peremphyteusim,vel
490 1987 725 2055 conductionem,
734 1987 779 2042 vel
789 2003 961 2058 quocunque

146 2081 403 2136 administrationis
418 2096 525 2151 genere
539 2098 573 2136 ea
586 2081 664 2147 data,
676 2080 769 2152 ipsam
782 2080 960 2145 alienaverit,

147 2178 195 2229 aut
207 2174 356 2245 reliquerit
367 2173 478 2242 iudico,
491 2177 541 2228 aut
551 2173 694 2242 haeretico,
709 2173 960 2240 autSamaritano‚

147 2272 197 2323 ecit
211 2269 319 2334 Grmco,
328 2271 378 2322 ant
389 2268 579 2334 blonlunistm,
594 2270 643 2322 ant
655 2267 772 2334 briano,
783 2271 963 2322 sacrosancta

147 2361 209 2431 ejus
224 2361 354 2433 oppiduli
368 2361 489 2417 ecclesia
503 2362 608 2416 horum
626 2360 787 2417 dominium
807 2361 960 2415 vindicato.

148 2454 177 2511 si
192 2455 255 2526 quis
269 2457 365 2510 autem
381 2455 593 2523 hereticorum,
606 2455 709 2526 quibus
719 2470 963 2510 connumeramus

147 2548 235 2603 etiam
247 2549 439 2616 Nestorianos,
451 2553 480 2605 et
492 2549 661 2620 Acephalos,
678 2551 708 2603 ct
722 2548 961 2620 Eutychianistas,

147 2642 313 2713 speluncam
338 2641 412 2696 ausit
425 2641 492 2696 fidei
515 2658 573 2696 sum
595 2640 784 2708 exaedificare,
802 2644 851 2695 aut
870 2640 962 2697 ludaei

148 2752 252 2790 trovam
269 2734 322 2790 sibi
343 2751 522 2807 synagogam
538 2738 692 2799 exstruere,
714 2738 812 2789 sancta
832 2734 961 2789 locorum

147 2828 962 2884 ecclesiaeasfabricassuodominiovindicato.Ceterum

145 2922 169 2976 si
193 2922 257 2992 quis
279 2938 331 2992 per
346 2921 570 2994 emphyteusim,
592 2926 643 2977 aut
663 2921 894 2987 conductionem,
913 2923 963 2975 aut

148 3031 320 3087 quocunqne
339 3015 396 3069 alio
410 3015 668 3070 administrationis
682 3031 790 3086 genere
805 3013 962 3085 possessio·

148 3124 305 3163 vremsuam
315 3107 480 3175 hujusmodi
488 3124 619 3178 personae
628 3107 893 3178 dederit‚siquidem
902 3124 963 3178 pos

148 3201 281 3255 sessionis
291 3200 424 3256 dominns
434 3200 511 3255 novit
521 3200 598 3272 quod
610 3200 745 3255 heretico
757 3201 832 3256 hanc
843 3200 963 3256 commi·

147 3294 226 3361 serit,
243 3310 345 3348 omnes
359 3293 467 3349 reditus
477 3293 552 3349 illius
564 3293 703 3365 temporis
718 3293 796 3364 quod
806 3294 964 3349 contractui

147 3387 275 3454 accessit,
297 3388 416 3442 eeclesia
434 3387 556 3442 civitatis
575 3387 627 3441 sub
644 3404 702 3459 qna
714 3387 855 3458 possessio
871 3387 965 3458 posita

149 3485 192 3536 cst
206 3481 339 3536 vindicet.
349 3480 376 3536 Si
387 3498 454 3536 vevo
468 3481 656 3553 possessionis
666 3481 803 3536 dominus
813 3481 965 3552 ignorabat

149 3574 227 3645 quod
243 3574 396 3629 haereticus
412 3579 487 3629 esset
501 3575 581 3644 cujus
594 3574 661 3629 lidei
678 3575 752 3628 hanc
769 3573 962 3642 commiserat,

148 3667 209 3738 ipse
222 3667 340 3738 quidem
353 3667 388 3721 ob
403 3667 597 3738 ignorantiam
612 3666 756 3723 indemnis
768 3671 963 3735 conservetur,

149 3760 374 3815 haereticusvero
389 3760 547 3832 inutraque
560 3777 625 3815 casu
641 3766 670 3816 et
682 3760 906 3831 possessionibus
916 3760 965 3832 eji-

151 3853 253 3918 ciatur,
270 3857 300 3907 et
314 3853 473 3908 substantia
487 3854 549 3923 ejus
563 3853 712 3908 addicatur
721 3855 799 3909 sssco.

186 3946 261 4001 Sane
276 3946 503 4017 orphanotrophi
512 3950 638 4002 tutorum
653 3929 856 4002 etcuratorum
868 3948 964 4003 locum

151 4038 315 4094 obtinento:
328 4038 368 4093 ita
379 4042 490 4106 tamen,
504 4043 534 4095 ut
549 4038 584 4094 de
596 4039 680 4094 rebus
692 4057 756 4112 quoe
772 4040 808 4095 ad
820 4041 963 4112 orphano·

147 4130 261 4203 trophia
276 4133 319 4186 vel
335 4132 518 4204 proprietatis
524 4133 590 4202 jure
607 4133 644 4187 ad
657 4133 734 4204 ipsos
747 4134 891 4204 orphanos
904 4151 966 4205 per·

148 4220 251 4288 tinent,
264 4221 351 4276 etiam
367 4221 428 4276 sine
442 4220 629 4276 satisdatione
645 4221 773 4277 actiones
783 4223 927 4278 intentent
937 4226 966 4278 et

150 4314 302 4386 excipiant.
319 4316 374 4369 llos
389 4332 456 4370 vero
472 4333 536 4387 quie
547 4315 583 4370 ad
594 4316 759 4388 quempiam
775 4317 849 4372 lorte
863 4317 966 4388 orpha·

150 4424 253 4464 norum
270 4408 414 4479 pertinere
425 4408 589 4479 eoirtigcrit,
602 4410 830 4481 orphanotrophi
844 4427 966 4481 praescn-

1008 685 1168 726 mmmm

1272 743 1429 798 NOVELLh
1446 744 1562 799 Cllllllll.

1124 835 1249 893 Edictum
1266 837 1299 891 de
1311 837 1374 906 pde,
1389 835 1707 909 Gomtontinopolitcuis.

1046 928 1221 1001 Praecipuum
1232 946 1441 1009 summumque
1450 930 1582 985 omnibus
1596 932 1767 988 hominibus
1779 934 1829 990 bo

1009 1038 1078 1076 rrum
1094 1039 1154 1077 esse
1168 1023 1312 1079 credimus
1323 1026 1430 1078 rectam
1440 1038 1514 1078 verce
1528 1028 1557 1078 ot
1567 1024 1830 1097 irreprehensibilis

1008 1115 1177 1171 Christianae
1193 1116 1260 1171 fidei
1271 1116 1495 1184 consessionem,
1510 1117 1539 1171 in
1553 1118 1606 1173 hoc
1618 1122 1649 1173 nt
1661 1136 1715 1192 per
1727 1120 1830 1176 omnia

1010 1209 1072 1282 ipsa
1087 1209 1226 1264 valentior
1241 1209 1389 1280 reddatur,
1405 1214 1434 1266 et
1446 1227 1547 1265 omnes
1557 1211 1680 1268 habitati
1697 1214 1777 1268 orbis
1787 1231 1838 1283 reg

1009 1301 1184 1374 ligiosissimi
1208 1303 1370 1358 sacerdotes
1383 1304 1421 1358 ad
1442 1304 1624 1360 concordiam
1642 1306 1828 1378 copulentur,

1010 1399 1040 1452 et
1063 1413 1121 1451 uno
1140 1413 1190 1452 ore
1210 1401 1317 1452 rectam
1341 1396 1570 1452 Christianorum
1587 1399 1783 1470 profiteantur
1797 1417 1829 1456 ac

1009 1489 1169 1562 predicent
1180 1489 1277 1560 tidem,
1299 1495 1327 1545 et
1340 1490 1437 1545 omnis
1452 1489 1487 1545 ab
1500 1491 1642 1546 hereticis
1662 1494 1829 1565 excogitata

1010 1582 1154 1637 adimatur
1168 1583 1287 1638 occasio.
1306 1582 1336 1637 ld
1356 1583 1435 1656 quod
1449 1601 1483 1638 cx
1497 1584 1675 1640 orationihus
1697 1585 1784 1641 simul
1800 1590 1829 1641 et

1011 1675 1110 1731 odietis
1121 1693 1138 1730 a
1148 1676 1231 1731 nobis
1244 1675 1356 1732 diverso
1371 1682 1502 1748 tempore
1517 1677 1684 1750 perscriptis
1698 1679 1824 1734 ostendi-

971 1771 1067 1842 Btur.
1091 1769 1145 1824 Sed
1169 1768 1239 1840 quia
1261 1769 1404 1838 haeretici,
1424 1770 1492 1826 dnm
1508 1788 1602 1843 neque
1621 1772 1673 1826 Dei
1692 1772 1828 1828 timorem

1011 1865 1107 1917 mente
1120 1862 1295 1934 concipiunt,
1311 1880 1404 1936 noque
1419 1881 1471 1935 per
1481 1864 1579 1935 legum
1589 1865 1777 1945 severitatem
1790 1866 1830 1920 in·

1011 1954 1178 2010 terminatas
1187 1955 1351 2010 istiusmodi
1360 1956 1528 2011 hominibus
1538 1973 1638 2029 poenus
1649 1961 1789 2029 reputant
1799 1959 1827 2014 in

1010 2047 1153 2116 animo,et
1166 2049 1321 2105 nonnullos
1332 2066 1346 2103 c
1356 2049 1577 2121 simplicioribus
1591 2050 1753 2123 decipiunt,
1761 2069 1830 2124 prm·

1011 2145 1176 2197 termonem
1187 2145 1292 2198 sarrctm
1306 2143 1357 2198 uei
1367 2142 1515 2198 catholicoe
1524 2146 1553 2198 et
1567 2144 1732 2216 apostolicae
1743 2147 1829 2200 eccle

1011 2234 1061 2290 sim
1084 2235 1278 2291 conventicula
1304 2239 1391 2307 atque
1415 2235 1589 2308 baptismata
1611 2238 1686 2293 clam
1700 2239 1828 2294 concele-

1010 2328 1105 2396 brant,
1119 2328 1199 2400 pium
1215 2328 1345 2385 arbitrati
1366 2346 1463 2384 eunius
1484 2347 1536 2402 per
1548 2348 1679 2402 praesens
1698 2336 1828 2387 nostrum

1012 2421 1138 2477 edictum
1159 2423 1231 2476 tales
1254 2421 1410 2490 cohortari,
1425 2427 1457 2477 ut
1470 2426 1499 2477 et
1510 2422 1564 2495 ipsi
1578 2422 1613 2477 ab
1630 2424 1770 2480 haeretica
1784 2425 1828 2480 dc·

1012 2514 1117 2570 ciscant
1128 2515 1254 2583 vesania,
1268 2532 1363 2587 neque
1372 2516 1495 2572 aliorum
1509 2515 1620 2572 animas
1633 2534 1687 2589 per
1697 2518 1828 2574 tmudem

1012 2608 1157 2664 deducant
1171 2608 1201 2663 in
1224 2608 1383 2678 interitum,
1401 2610 1450 2664 sed
1469 2610 1564 2683 potins
1578 2610 1615 2665 ad
1637 2614 1769 2666 sanctam
1783 2612 1829 2667 oei

1011 2704 1161 2756 accurrant
1177 2701 1337 2769 ecclesiam,
1349 2701 1379 2757 in
1392 2719 1448 2774 qua
1457 2702 1529 2758 nihil
1543 2703 1694 2776 antiquius
1709 2705 1830 2760 habetur

1012 2795 1098 2850 rectis
1113 2794 1305 2869 dogmatibus,
1321 2800 1349 2850 et
1364 2813 1465 2851 omnes
1480 2797 1605 2852 haereses
1618 2815 1687 2853 cmn
1702 2799 1828 2871 ipsarum

1013 2888 1133 2944 ducibus
1151 2888 1345 2961 percelluntur
1359 2889 1553 2946 anathemate.
1578 2891 1655 2956 Quin
1683 2891 1829 2948 universos

1012 2983 1145 3038 volumus
1159 2998 1331 3054 cognoscere
1342 2983 1420 3055 quod
1435 2983 1459 3037 si
1474 2982 1628 3040 decaetero
1643 2984 1826 3040 inveniantur

1013 3075 1101 3148 aliqui
1112 3076 1160 3148 qui
1173 3076 1335 3148 improbato
1346 3093 1426 3132 more
1440 3076 1480 3132 ita
1496 3078 1700 3134 conventicula
1708 3079 1827 3152 agitave-

1013 3169 1081 3240 rint,
1093 3170 1190 3225 autad
1203 3186 1236 3224 ea
1248 3170 1447 3238 convenerint,
1457 3171 1581 3243 amplius
1591 3189 1644 3228 eos
1657 3190 1718 3228 non
1732 3174 1828 3228 tolera·

1013 3262 1119 3330 bimus,
1137 3263 1187 3318 sed
1208 3268 1268 3318 tam
1287 3263 1389 3318 domos
1405 3262 1433 3318 in
1450 3263 1553 3335 quibus
1565 3265 1624 3320 tale
1638 3265 1711 3337 quid
1723 3267 1826 3338 peccati

1014 3359 1208 3429 perpetratum
1216 3356 1412 3411 ineritsanctee
1421 3356 1590 3412 addicemus
1599 3358 1740 3428 ecclesiae,
1747 3376 1825 3432 quam

1013 3448 1048 3505 iis
1078 3449 1128 3521 qni
1154 3449 1192 3505 ita
1216 3465 1350 3521 perverso
1374 3466 1456 3505 more
1480 3451 1682 3507 conventicula
1709 3453 1823 3525 egerint,

1013 3543 1121 3615 quiquo
1134 3542 1171 3597 ad
1185 3560 1234 3598 eos
1257 3543 1454 3612 convenerint,
1477 3543 1722 3600 constitutionum
1736 3561 1824 3618 poenas

1015 3636 1148 3692 omnihus
1169 3635 1269 3691 infami
1283 3635 1377 3691 modis
1389 3636 1565 3708 jubebimus.
1582 3637 1648 3694 Dat.
1666 3639 1744 3696 Prid.
1760 3641 1823 3694 Non.

1013 3730 1113 3802 April,
1129 3728 1359 3802 constantinop„
1373 3730 1422 3786 dn.
1435 3731 1597 3786 iustiniano
1613 3732 1667 3787 PP.
1684 3736 1770 3806 Aug,
1784 3733 1824 3787 Ba·

1015 3823 1077 3879 silio
1092 3840 1118 3878 v.
1135 3841 1158 3878 c.
1174 3840 1250 3878 cons.

1268 3938 1426 3995 NOVELLA
1438 3941 1570 3997 Clllllllll.

1055 4035 1092 4088 lie
1106 4033 1243 4088 monacbis
1255 4039 1280 4088 et
1293 4035 1423 4101 ascetriis,
1439 4038 1567 4089 eteorum
1580 4039 1795 4092 conuersatione.

1051 4127 1210 4197 imperator
1227 4125 1402 4182 lastinianus
1415 4128 1559 4198 Augustus
1579 4128 1689 4184 loanni
1705 4129 1824 4186 beatissi-

1016 4234 1065 4273 mo
1080 4218 1305 4291 archiepiscopo.

1051 4311 1182 4367 Solitaria
1196 4312 1253 4368 vite
1265 4317 1350 4385 atque
1365 4313 1394 4368 in
1409 4330 1444 4369 ea
1455 4316 1669 4386 contemplatio
1686 4335 1735 4372 res
1753 4320 1825 4390 plane

1016 4422 1094 4460 sacra
1107 4408 1159 4486 est,
1169 4409 1198 4460 et
1207 4423 1271 4477 ques
1282 4408 1381 4478 suapte
1392 4410 1497 4462 natura
1507 4407 1622 4464 animas
1634 4409 1674 4464 ad
1682 4411 1776 4468 Deum
1788 4411 1828 4466 ad

149 4501 224 4555 tibus
237 4501 386 4557 'tabulariis
402 4503 531 4573 publicis,
544 4502 631 4557 etsub
645 4507 774 4559 actorum
784 4504 963 4574 publicorum
973 4505 1003 4578 1)
1015 4498 1108 4566 ducat,
1124 4515 1217 4569 noque
1233 4498 1267 4553 iis
1281 4502 1393 4562 tantum
1412 4499 1462 4571 qui
1476 4516 1542 4555 eam
1560 4501 1700 4558 incolunt
1712 4522 1827 4561 eommo-

149 4594 340 4658 eoniccticne,
364 4601 422 4650 tam
446 4596 475 4651 in
492 4596 571 4665 regia
586 4595 701 4653 civitate
715 4597 794 4669 apud
809 4597 964 4665 magistros

149 4705 251 4743 census
262 4706 349 4759 qnam
366 4688 394 4742 in
409 4688 562 4760 provinciis
572 4689 648 4760 apud
659 4706 759 4745 earum
770 4690 905 4763 presides
916 4695 966 4746 aut

149 4783 277 4838 locorum
289 4781 455 4835 defensores
466 4781 611 4853 capiunto,
623 4788 651 4838 ct
660 4783 798 4853 orphanis
809 4788 962 4851 reservato,

147 4880 197 4930 ant
210 4875 279 4929 alias
296 4875 385 4929 resin
404 4875 519 4931 illarum
537 4877 632 4930 locum
648 4880 848 4948 comparanto.
863 4877 920 4932 Sed
936 4881 965 4932 et

147 4968 314 5022 tutelaribus
329 4984 361 5022 nc
386 4968 537 5023 curatoriis
559 4968 717 5024 rationibus
737 4974 821 5025 sunto
838 4970 961 5025 obnoxii.

147 5061 963 5135 Conservnrinutemjuhemusvenerabiliophanotropho-

147 5153 235 5222 regiae
248 5154 334 5220 urhis,
342 5159 371 5208 et
381 5155 486 5210 xenoni
495 5159 599 5211 sanctae
610 5156 754 5210 memorius
763 5156 960 5228 Sampsorum,

148 5253 176 5300 ct
190 5245 304 5318 hisquae
315 5248 376 5318 ejus
387 5248 594 5320 dispensationi
608 5250 729 5305 scilisunt
738 5250 868 5305 oratoriis
877 5257 962 5322 atque

147 5340 343 5410 xenodochiis,
354 5346 404 5397 aut
416 5343 479 5398 aliis
490 5343 701 5399 venerabilibus
714 5343 848 5399 domibus
863 5345 962 5399 ornnia

147 5433 306 5505 privilegia,
318 5452 382 5507 quoe
392 5436 509 5508 quidem
521 5443 694 5494 socrosancta
705 5422 795 5506 mmm
807 5436 961 5493 Constanti-

145 5529 306 5596 nopolitano
327 5529 408 5584 liutet
424 5530 544 5584 ecclesio.
566 5530 630 5596 Qua
643 5534 728 5600 icitur
737 5547 789 5602 per
804 5536 962 5601 presentem

146 5620 230 5688 lepcm
239 5624 267 5674 in
279 5627 437 5692 perpetuum
450 5623 599 5677 valiturum
612 5630 707 5680 nostra
719 5627 814 5680 sumsit
822 5626 960 5696 tranquil-

138 5712 216 5772 litas,
229 5717 279 5767 tun
286 5714 416 5770 celsitudo
430 5715 525 5770 edictis
538 5715 691 5771 solemniter·
705 5719 734 5770 in
746 5718 796 5772 buc
811 5721 887 5785 repta
898 5719 962 5774 urbe

117 5809 288 5879 propositis,
299 5809 341 5865 ud
350 5813 472 5870 eundum
483 5810 594 5871 sladem
604 5811 748 5885 presumite
763 5813 898 5869 lentitiam.
911 5814 963 5869 Nos

1015 4592 1072 4658 det,
1087 4591 1137 4647 sed
1155 4591 1242 4647 etiam
1259 4592 1394 4648 omnibus
1409 4592 1471 4647 aliis
1492 4593 1621 4664 puritate
1643 4613 1701 4652 sua
1721 4605 1751 4654 et
1762 4597 1828 4670 apud

1014 4685 1105 4740 Deum
1115 4684 1348 4756 interpellatione
1359 4689 1574 4758 competentem
1586 4688 1624 4743 de
1637 4706 1670 4744 se
1684 4692 1827 4746 utilitatem

1014 4779 1150 4850 prebeat.
1165 4778 1245 4834 Unde
1258 4782 1288 4834 ct
1304 4779 1372 4834 olim
1389 4795 1424 4834 ea
1438 4796 1483 4834 res
1498 4779 1731 4852 imperatoribus
1743 4784 1827 4839 studio

1014 4871 1213 4938 luithabita,et
1222 4889 1275 4928 nos
1285 4889 1343 4928 nou
1352 4889 1436 4944 pauca
1445 4872 1481 4927 de
1491 4873 1676 4945 dignitateet
1685 4877 1827 4933 honestate

1014 4981 1115 5019 eorum
1129 4965 1239 5037 legibus
1249 4966 1388 5039 complexi
1398 4982 1507 5020 sumus.
1523 4966 1687 5038 Sequimur
1700 4971 1776 5026 enirn
1789 4988 1826 5024 sa·

1014 5074 1077 5113 cros
1093 5058 1121 5112 in
1133 5059 1186 5114 hoc
1200 5076 1326 5115 canones
1340 5062 1368 5114 et
1383 5064 1496 5115 sanctos
1506 5061 1607 5116 Patres
1621 5063 1675 5133 qui
1687 5065 1749 5119 haec
1761 5079 1827 5119 com·

1014 5151 1359 5225 prehenderuntlegibus,
1369 5153 1608 5225 quandoquidem
1624 5155 1765 5213 nihilnon
1774 5173 1826 5229 per·

1013 5245 1090 5301 vium
1101 5246 1138 5300 ad
1148 5246 1362 5317 inquisitionem
1372 5246 1515 5317 majestati
1522 5247 1616 5303 existit
1624 5248 1825 5322 imperatorie,

1014 5356 1076 5411 quie
1089 5356 1276 5395 communem
1296 5341 1325 5395 in
1338 5357 1439 5395 emises
1454 5341 1588 5397 homines
1600 5342 1825 5400 moderationem

1014 5436 1042 5488 et
1057 5433 1248 5507 principatum
1259 5451 1275 5488 a
1288 5435 1345 5489 Deo
1360 5433 1490 5505 percipit.
1503 5437 1543 5489 hc
1554 5435 1824 5509 descripsimusqui-

1013 5528 1079 5585 dem
1086 5530 1147 5601 jam
1163 5531 1397 5586 constitutionem
1413 5548 1478 5602 quie
1491 5532 1552 5588 vult
1565 5539 1598 5588 ut
1608 5535 1760 5604 monachi,
1773 5532 1823 5589 elsi

1011 5639 1116 5694 magno
1126 5624 1313 5679 continentur
1322 5642 1455 5692 numero,
1463 5625 1628 5683 secundum
1640 5628 1770 5685 formam
1780 5643 1824 5682 cce

1012 5716 1164 5772 nobiorum
1178 5717 1221 5789 (ut
1234 5719 1425 5790 appellantiin
1437 5736 1597 5776 coriimuuo
1607 5720 1702 5779 vitam
1716 5721 1823 5793 degant.

1011 5812 1238 5891 uequepropries
1244 5812 1369 5870 babeam
1373 5812 1674 5889 possessionemque
1680 5830 1825 5891 opesaecv
