3884 6150
205 274 257 331 239

599 218 828 328 APPExfflstD
846 271 957 327 urum
975 272 1094 330 saucii
1112 275 1262 334 GERMANI
1281 275 1495 338 ramsteins.

1838 292 1892 344 auu

205 386 346 439 nostrum.
368 379 421 446 Qui
439 384 482 435 cst
501 380 584 435 Filius
610 384 675 434 tuus
701 378 875 450 unigenitus,
898 385 1166 469 manensActiuue
1184 387 1281 454 levari,
1297 388 1423 460 quicum
1437 391 1499 445 haee
1516 391 1593 447 dona
1610 394 1771 463 contulerit,
1788 400 1893 453 cuncta

205 476 236 530 in
251 475 343 546 gloria
354 478 413 542 tua,
430 475 459 529 in
474 490 529 545 quo
542 471 739 544 jejunantium
757 471 828 531 fides
842 472 936 540 alitur,
957 490 1021 546 spes

206 569 380 643 provehitur,
392 567 495 621 caritas
506 565 666 621 roboratur.
674 568 735 637 lpse
750 566 875 621 estenim
885 566 970 621 Panis
981 567 1019 621 vi·

205 681 256 718 rus
264 669 292 718 et
301 679 392 729 verus,
400 660 448 732 qui
456 659 490 714 de
502 660 571 714 caelo
582 659 896 729 descendit,ethabitat
907 678 1022 733 semper

204 758 235 813 iu
251 757 338 821 cmlo;
356 753 403 825 qui
418 757 460 807 est
475 753 635 808 substantia
651 753 829 822 eternitatis,
846 756 875 808 et
890 771 955 810 esea
965 755 1020 809 rir-

206 850 281 905 tutis.
306 848 430 901 Verbum
455 847 533 901 enirn
555 851 647 916 tuum,
671 864 723 918 per
747 848 824 918 quod
848 849 924 902 iacta
956 851 1022 902 sunt

206 943 314 1008 orsinia,
328 957 386 996 nou
396 941 489 996 solum
503 941 699 996 humanarum
713 941 867 1008 mentium,
883 941 933 996 sed
945 941 1021 1013 ipso·

204 1053 269 1091 rum
285 1051 400 1106 quoque
413 1034 496 1106 panis
511 1037 554 1088 est
566 1035 747 1105 angelorum.
762 1034 850 1105 Hujus
863 1034 948 1089 Panis
971 1035 1022 1089 ali-

206 1132 304 1185 mento
316 1127 417 1183 bloises
436 1131 502 1182 tuus
517 1128 641 1182 famulus
660 1128 853 1199 quadraginta
879 1127 978 1182 diebus
994 1132 1023 1183 et

206 1222 335 1280 noctibus
343 1222 437 1291 legem
450 1220 616 1291 suscipiens,
624 1220 775 1292 jejunavit,
786 1224 839 1275 eta
850 1221 1020 1289 carnalibus,

205 1318 284 1384 cibis,
299 1319 330 1370 ut
340 1319 396 1369 tuse
409 1313 555 1369 suavitatis
573 1313 706 1385 capacior
726 1317 810 1381 esset,
827 1315 974 1381 abstinuit,
987 1315 1022 1369 de

206 1411 359 1466 verbotuo
379 1408 485 1462 vivens
504 1408 590 1478 Cujus
610 1412 638 1462 et
653 1407 837 1462 dulcedinem
860 1408 976 1463 videbat
992 1409 1023 1462 in

205 1504 315 1578 spiritu,
330 1505 359 1556 et
373 1503 465 1557 lucem
484 1501 642 1573 accipiebat
662 1501 692 1556 in
706 1503 795 1557 vultu.
819 1501 900 1557 Unde
919 1502 996 1556 neci
1013 1534 1023 1542 -

207 1614 285 1652 mem
298 1594 424 1666 corporis
434 1595 533 1661 sensit,
544 1597 574 1649 et
584 1599 765 1649 terrenarum
776 1599 819 1648 est
829 1595 933 1649 oblitus
943 1611 1020 1650 esca·

205 1707 280 1754 rum,
293 1689 360 1762 quia
375 1688 455 1742 ilium
467 1691 496 1740 et
509 1687 608 1757 gloriae
624 1691 679 1742 tuse
695 1687 870 1743 clarificabat
878 1692 1020 1759 aspectus,

1072 480 1154 534 nobis
1169 480 1251 535 utilia
1270 497 1328 536 non
1350 484 1480 554 negabis.
1501 486 1555 540 Per
1576 486 1733 544 Dominum
1758 493 1890 546 nostrum

1070 574 1167 628 lesum
1183 575 1337 630 Christum.

1314 671 1507 724 Consummstio
1522 673 1608 725 misses
1621 677 1645 725 b.

1107 748 1248 805 Virtutum
1275 752 1433 809 celestium
1463 755 1546 824 Deus,
1576 756 1623 828 qui
1649 758 1732 828 plura
1759 762 1892 830 praestas,

1072 859 1159 913 quam
1172 844 1297 914 petimus
1312 851 1361 901 aut
1376 864 1532 916 meremur,
1550 849 1653 918 tribue,
1667 867 1844 922 quaesumus,
1860 857 1893 909 ut

1072 939 1121 991 tua
1135 937 1217 992 nobis
1230 938 1426 996 misericordia
1441 943 1616 1012 conteratur,
1629 945 1706 1015 quud
1722 949 1891 1002 nostrorum

1073 1048 1131 1085 uon
1148 1031 1234 1086 habet
1249 1033 1352 1088 fiducia
1375 1035 1556 1092 meritorum.
1575 1038 1629 1092 Per
1648 1039 1805 1095 Dominum
1829 1059 1893 1096 nos·

1072 1127 1148 1179 trum
1159 1127 1256 1180 Jesum
1269 1126 1424 1183 Christum.

1159 1218 1307 1270 Benedictio
1318 1222 1407 1285 popuii
1419 1222 1446 1272 in
1455 1222 1557 1274 initium
1571 1224 1804 1291 Quadrugiusimae.

1106 1299 1894 1380 Adcustodiamgregistui,animarumPastor,quider-

1074 1393 1146 1448 mire
1158 1394 1259 1462 nescis,
1268 1394 1395 1465 invigila.
1403 1398 1506 1452 Arnen.
1514 1400 1548 1452 Et
1559 1416 1594 1453 ne
1606 1401 1755 1456 nocturnis
1769 1404 1892 1458 terrori·

1073 1487 1887 1559 busiatigetur‚invisibilieumadtactusanetiilcadmen.

1073 1581 1892 1662 Fragiiemsolida,contritumeleva,invalidumqueeon-

1072 1676 1166 1743 iirma,
1194 1675 1301 1747 pietate
1327 1679 1427 1743 alleva,
1453 1679 1572 1734 caritate
1603 1681 1725 1753 edifica,
1759 1685 1892 1740 castitate

207 1789 244 1848 et,
259 1782 395 1838 influente
409 1780 525 1851 Spiritu,
542 1779 593 1834 Dei
607 1797 702 1835 sermo
717 1781 861 1853 pascebat.
877 1783 956 1837 Hunc
970 1783 1020 1836 Pa·
1031 1778 1058 1849 Β
1071 1769 1189 1837 munda,
1204 1770 1345 1841 sapientia
1364 1772 1514 1840 inlumina,
1534 1773 1720 1832 miseratione
1741 1795 1890 1834 conserva.

207 1895 285 1944 nem,
299 1875 432 1942 Domine,
451 1872 532 1928 nobis
550 1891 602 1946 per
621 1875 674 1929 hos
693 1874 886 1949 quadraginta
904 1875 965 1929 dics
985 1875 1025 1947 (in

207 1971 309 2043 quibus
324 1967 420 2036 hodie,
434 1967 710 2049 Quadraginsimalis
730 1966 959 2023 macerationem
974 1969 1023 2023 ab·

206 2063 349 2120 stirientiae
359 2061 538 2128 inchoantes,
552 2060 740 2133 ingredimur)
751 2061 914 2116 ministrare
926 2062 1025 2133 digne-

205 2159 254 2224 ris,
277 2173 364 2228 quem
383 2158 413 2209 ut
433 2154 564 2208 sitiamus
583 2153 782 2208 indesinenter
791 2155 923 2209 hortaris.
938 2155 1024 2226 Cujus

207 2266 293 2306 earne
306 2267 323 2304 a
336 2253 364 2303 le
378 2249 441 2319 ipso
452 2247 630 2303 sanctificata
648 2246 718 2302 dum
738 2249 892 2320 pascimur,
909 2249 1026 2304 robora-

208 2360 274 2399 mur
283 2346 312 2397 et
325 2341 475 2412 sanguiue,
488 2340 557 2395 dum
569 2341 670 2396 haustu
683 2340 1025 2414 sitieutc1·potamur,ab-

207 2437 324 2504 luimur,
334 2452 386 2506 per
394 2434 537 2490 Christum
550 2434 705 2489 Dominum
714 2437 1022 2507 nostrumPerquem.

518 2533 578 2583 Post
593 2534 711 2583 Saucius.

244 2619 413 2675 Benedictus
434 2616 482 2690 qui
507 2619 636 2673 venitin
661 2618 779 2674 nomine
806 2618 931 2685 Domini,
948 2619 1024 2673 Deus

207 2714 392 2770 scientiarum
416 2712 565 2780 Dominus,
590 2713 639 2783 qui
666 2716 782 2784 praestat
804 2712 1023 2768 adinventiones

207 2826 281 2876 suas,
293 2810 322 2862 et
330 2805 456 2878 disponit
466 2806 564 2861 omnia
576 2806 716 2872 suaviter;
733 2805 782 2877 qui
795 2807 925 2862 ascendit
938 2822 1024 2877 super

207 2918 349 2969 occasum,
365 2899 505 2955 Dominus
521 2916 628 2955 nomeu
644 2904 686 2954 est
702 2899 752 2954 iili.
775 2901 823 2955 llic
836 2900 921 2955 Panis
944 2900 1023 2954 rivus

206 2999 235 3051 et
246 3011 339 3062 verus,
351 2994 401 3065 qui
416 2993 451 3047 de
465 2994 533 3048 coelo
549 2992 707 3059 descendit,
721 2996 752 3047 ut
765 2992 848 3048 daret
861 3011 940 3049 escas
958 3010 1021 3049 esu-

206 3088 354 3155 rientium,
371 3086 460 3140 immo
482 3084 588 3156 etipse
607 3089 682 3140 esset
702 3102 768 3140 esea
780 3085 935 3142 viventium
951 3104 957 3142 :
973 3088 1023 3142 fiat

209 3182 290 3237 nobis
302 3181 332 3236 in
353 3196 438 3251 pane,
456 3195 512 3250 quo
537 3179 624 3233 corda
642 3180 803 3247 firmantur,
822 3185 853 3234 ut
876 3180 905 3235 in
919 3181 1022 3236 virtute

207 3276 291 3332 Panis
306 3274 390 3346 liujus
402 3290 454 3346 per
468 3273 521 3328 hos
534 3273 726 3344 quadraginta
739 3273 809 3342 dies,
824 3275 885 3329 sine
898 3275 1020 3347 impedi-

207 3373 307 3426 mento
318 3367 411 3424 caruis
422 3370 451 3422 et
460 3366 607 3438 sanguinis
612 3367 746 3439 jejunare
757 3369 912 3437 valeamus,
928 3369 1022 3440 ipsum

207 3480 314 3537 panem
328 3463 477 3529 habentes,
492 3461 539 3532 qui
556 3477 697 3533 pauperes
711 3461 800 3534 pascit
813 3462 935 3533 panibus
952 3480 958 3517 :
973 3462 1022 3534 qui

206 3559 292 3630 tluysi
316 3561 345 3612 et
360 3556 446 3612 Helius
465 3572 517 3627 pcr
538 3555 729 3627 quadraginta
747 3556 809 3611 dies
825 3557 1022 3628 jejunantibus

207 3650 303 3727 230
315 3649 587 3721 Quadraginsimam
599 3649 756 3716 dedicarit;
770 3650 875 3705 deinde
890 3651 979 3705 etiam
992 3651 1021 3705 in

208 3763 259 3801 suo
275 3745 334 3815 ipse
345 3743 467 3814 jejunio,
482 3742 620 3799 eumdem
637 3743 720 3798 nobis
735 3760 890 3799 numerum
909 3745 1020 3799 dierum

204 3838 308 3910 jejunii
324 3836 518 3892 sollemnitate
531 3835 667 3907 signavit,
681 3840 711 3890 ut
723 3837 801 3907 quod
814 3837 874 3909 ipse
883 3839 1023 3894 Dominus

111 3988 115 3993 ,
206 3932 237 3987 in
256 3930 344 3986 nostri
364 3929 490 4001 eorporis
506 3929 675 3984 infumitate
691 3947 742 4001 pro
765 3932 848 3986 nobis
866 3933 976 4004 jugiter
992 3933 1021 3988 in

208 4043 241 4082 rr.
254 4025 354 4080 diebus
366 4022 495 4094 explevit,
508 4021 537 4076 id
550 4039 603 4077 nos
616 4023 658 4077 vel
674 4024 839 4080 minutatim
853 4027 956 4081 eodem
972 4044 1022 4082 nu-

208 4136 290 4176 mero
304 4116 417 4174 dierum
443 4117 551 4173 calculo
578 4115 730 4173 distributa
752 4119 943 4189 observantiae
960 4138 1020 4177 ves-

207 4211 350 4289 pertinis·
363 4210 568 4268 refectionibus
581 4210 747 4266 studeamus
763 4211 879 4270 imitari.
893 4216 956 4270 Per.

495 4310 557 4361 Post
571 4307 733 4374 mysterium.

241 4400 365 4471 Accepta
378 4394 430 4451 tibi
440 4391 485 4465 sit,
499 4395 631 4463 Domine,
644 4398 749 4451 nostra
764 4395 924 4454 devotionis
941 4399 1022 4457 obis·

207 4494 259 4560 tio,
273 4508 337 4564 quae
353 4494 382 4546 et
388 4489 533 4562 jejunium
552 4491 694 4559 nostrum,
714 4493 742 4545 te
758 4495 907 4563 operante,
920 4492 1022 4549 sancti·

207 4586 283 4652 licet,
298 4586 328 4639 et
339 4583 549 4654 indulgentiam
562 4583 646 4640 nobis
658 4585 715 4639 tuse
728 4586 931 4642 consolationis
947 4587 1020 4644 obti-

208 4680 286 4734 neat.
297 4677 352 4731 Per
367 4690 443 4731 eum.

410 4769 631 4825 insecutionem
649 4773 819 4830 Dominicsm.

244 4859 307 4917 Nou
327 4853 527 4928 agnoscentes,
541 4854 674 4924 Domine,
691 4858 838 4925 meritum,
854 4858 903 4914 sed
919 4873 1023 4930 praee

208 4959 302 5028 ptum,
316 4949 384 5024 quis
395 4947 498 5020 jubere
512 4946 647 5019 dignatus
662 4966 702 5018 es,
717 4952 858 5007 audemus
875 4952 980 5009 dicere.

416 5046 476 5098 Post
488 5045 631 5097 orationem
644 5047 815 5100 Dominicsm.

244 5130 361 5197 Adesto,
372 5126 506 5196 Domine,
517 5126 649 5183 fidelibus
661 5127 727 5198 tuis,
739 5132 769 5185 et
781 5146 853 5202 quos
863 5131 1022 5188 coelestibus

209 5221 333 5281 instituis
348 5218 550 5289 Sacramenta,
566 5221 716 5277 aterrenis
729 5237 865 5278 conserva
878 5224 1020 5295 periculis,

209 5317 339 5376 Salvatm
354 5312 466 5370 mundi.

479 5394 540 5445 Post
552 5392 750 5448 Eucharistiem.

243 5477 385 5544 Concede,
399 5475 532 5543 Domine,
548 5491 722 5547 quesumus,
736 5492 851 5532 morum
865 5492 918 5532 uos
931 5492 1023 5534 eorre-

243 5606 256 5636 ¹
271 5600 425 5660 Notissima
439 5600 556 5654 Petrum
567 5603 732 5656 nostrorum
745 5601 781 5656 ad
792 5617 942 5674 vesperam
949 5601 1022 5675 jeju·

209 5675 267 5745 nia,
283 5672 334 5731 sed
343 5676 453 5729 tamem
464 5670 508 5726 rei
521 5669 559 5725 sd
572 5670 764 5727 humDitatem
776 5676 905 5729 nostram
919 5676 948 5730 et
968 5690 1020 5750 pu-

209 5747 311 5805 dorem
323 5741 461 5801 rotunde.
750 5811 755 5824 .
788 5812 793 5824 .
960 5813 966 5828 ι

244 5817 259 5860 b
272 5813 425 5876 peculiaris
435 5813 490 5872 hcc
503 5810 550 5872 die
563 5812 665 5887 oratio,
680 5813 771 5889 quain
786 5829 816 5870 m
828 5815 1022 5889 superioribus

1075 1864 1326 1919 Amen.Pros1eiat
1344 1865 1410 1919 fidei
1428 1867 1559 1937 vigilanti
1574 1870 1681 1924 amoris
1694 1871 1736 1926 tui
1757 1889 1891 1943 persece-

1074 1957 1177 2025 rautia,
1189 1973 1304 2012 morum
1316 1960 1518 2030 temperantia,
1528 1962 1732 2019 misericordia
1740 1967 1893 2037 providen-

1074 2051 1124 2119 tia,
1141 2054 1256 2106 actuum
1270 2051 1429 2124 disciplina.
1440 2056 1544 2110 Amen.
1557 2057 1592 2111 Ut
1604 2073 1795 2129 perconeessa
1810 2061 1894 2116 mise·

1074 2145 1194 2199 rationis
1202 2146 1390 2217 induigentia,
1401 2164 1459 2203 non
1466 2149 1583 2220 abjicias
1594 2168 1660 2206 eum
1668 2154 1893 2224 apromissionis

1074 2242 1130 2293 tuse
1143 2240 1369 2310 magnificentia,
1385 2242 1435 2296 sed
1449 2243 1589 2314 perducas
1605 2245 1641 2299 ad
1663 2246 1790 2315 veniam,
1806 2265 1892 2321 quem

1074 2331 1120 2387 irie
1131 2332 1181 2387 tibi
1190 2334 1333 2406 adoptasti
1342 2352 1394 2406 per
1401 2337 1647 2407 gratiamstmen.
1655 2343 1710 2396 Per
1722 2342 1891 2399 Dominum.

1299 2443 1372 2497 xxii.
1386 2460 1449 2500 iren
1464 2461 1543 2503 mssa
1558 2464 1666 2504 reruru.

1109 2536 1200 2612 231
1225 2539 1415 2612 Omnipotens
1435 2544 1608 2615 sempiterne
1633 2548 1717 2614 Deus,
1736 2547 1787 2619 qui
1812 2547 1892 2603 nobis

1073 2632 1103 2685 in
1124 2633 1322 2688 observatione
1338 2635 1441 2706 jejunii
1462 2641 1492 2693 et
1509 2639 1761 2712 eleemosynarum
1782 2642 1891 2697 semine

1073 2726 1193 2798 posuisti
1212 2731 1376 2784 nostrorum
1395 2732 1525 2787 remedia
1545 2738 1738 2805 peccatorum,
1755 2736 1891 2805 concede,

1073 2837 1247 2891 quesumus,
1271 2840 1323 2877 nus
1343 2840 1430 2895 opere
1451 2826 1559 2882 mentis
1577 2833 1606 2883 et
1627 2830 1755 2901 corporis
1779 2847 1894 2902 semper

1073 2914 1123 2968 tibi
1137 2931 1199 2969 esse
1214 2915 1340 2971 devotos.
1360 2918 1442 2982 Quod
1455 2919 1515 2991 ipse
1530 2926 1677 2993 praestare.

1351 3016 1476 3067 collectio
1484 3019 1609 3083 sequitur.

1107 3094 1181 3148 Deus
1195 3094 1330 3150 humanas
1340 3097 1438 3151 salutis
1450 3104 1594 3171 operator,
1607 3101 1643 3156 da
1657 3103 1741 3158 nobis
1757 3120 1890 3159 exercere

1069 3187 1181 3259 jejunia
1191 3194 1393 3259 congruenter,
1405 3193 1509 3264 quibus
1519 3197 1623 3252 nostre
1632 3197 1801 3253 substantie
1816 3215 1892 3255 sem-

1072 3282 1185 3355 piterna
1199 3283 1329 3339 remedia
1338 3286 1496 3356 providisti.

1315 3382 1441 3433 collectio
1455 3387 1514 3448 post
1524 3385 1640 3437 nemius.

1108 3464 1191 3529 Deus,
1208 3462 1256 3533 qui
1271 3479 1330 3517 non
1344 3465 1456 3519 tantum
1471 3482 1523 3520 nos
1538 3484 1555 3522 a
1569 3468 1732 3524 carnalibus
1746 3470 1828 3541 cibis,
1843 3470 1892 3526 sed

1072 3557 1108 3612 ab
1123 3556 1210 3627 ipsius
1223 3556 1328 3612 anime
1343 3558 1434 3612 noxiis
1449 3558 1688 3618 delectationibus
1702 3564 1837 3637 praecipis
1847 3567 1889 3637 je·

1069 3650 1183 3723 junare,
1211 3651 1250 3705 sic
1285 3651 1377 3720 nobis,
1414 3669 1587 3724 quesumus,
1609 3656 1799 3729 indulgentius
1838 3664 1891 3715 tuse

1072 3745 1168 3817 praebe
1182 3744 1350 3813 subsidium,
1365 3749 1397 3800 ut
1405 3746 1565 3818 jejunando
1577 3750 1612 3804 ab
1622 3751 1739 3808 inlicitis
1749 3754 1892 3826 contagiis

1072 3840 1109 3894 ad
1122 3857 1247 3911 superna
1260 3856 1431 3905 crescamus,
1444 3845 1473 3896 et
1484 3843 1603 3899 nomina
1617 3861 1679 3917 quse
1691 3848 1815 3904 recitata
1829 3854 1892 3905 suut

1073 3934 1100 3988 in
1116 3933 1219 3989 calesti
1233 3933 1339 4005 pagiua
1355 3935 1496 3990 conscribi
1509 3938 1671 4010 praecipias.
1685 3942 1749 3997 Per.

1336 4033 1463 4084 collectio
1477 4033 1509 4084 ad
1521 4049 1623 4098 pacem.

1107 4112 1238 4168 Concede
1260 4111 1352 4181 nobis,
1369 4114 1554 4186 omnipotens
1569 4118 1652 4187 Deus,
1671 4122 1703 4174 ut
1718 4136 1773 4192 per
1795 4139 1892 4179 annua

1073 4205 1352 4278 Quadraginsirnalis
1365 4209 1500 4264 exercitia
1511 4213 1695 4282 sacramenti,
1711 4215 1792 4271 etad
1806 4217 1891 4274 iutel-

1072 4300 1220 4372 ligendum
1240 4301 1342 4357 Christi
1364 4303 1547 4374 prossciamus
1563 4322 1711 4377 arcanum,
1727 4312 1757 4365 et
1772 4310 1893 4368 affectus

1072 4395 1134 4466 ejus
1160 4395 1248 4467 digna
1271 4397 1488 4453 conversatione
1511 4403 1664 4470 sectemur,
1690 4406 1721 4457 ut
1746 4405 1894 4463 sinceram

1072 4490 1154 4545 nobis
1169 4506 1270 4561 pacem
1283 4490 1401 4545 tribuas.
1418 4493 1472 4547 Per
1480 4493 1637 4550 Dominum
1648 4499 1782 4554 nostrum
1795 4502 1893 4557 Jesum

1072 4583 1227 4640 Christum.

1352 4655 1497 4708 Immolatio
1514 4658 1607 4711 misse.

1107 4734 1178 4790 Vere
1196 4735 1318 4807 dignum
1336 4739 1365 4791 et
1377 4737 1490 4807 justum
1514 4745 1557 4796 est
1581 4759 1634 4797 nos
1653 4742 1706 4799 tibi
1723 4760 1846 4819 semper
1864 4752 1894 4804 et

1072 4826 1177 4899 ubique
1192 4829 1298 4901 gratias
1313 4846 1410 4901 agere,
1426 4832 1548 4889 Domine
1569 4839 1676 4904 sancte,
1696 4838 1784 4894 Pater
1802 4843 1893 4898 omni·

1072 4925 1184 4993 potens,
1208 4925 1315 4978 aterne
1344 4925 1428 4993 Deus,
1451 4925 1504 4982 tibi
1526 4928 1705 4985 sanctificare
1730 4931 1889 5005 ieiunium,

1073 5014 1150 5086 quod
1165 5032 1217 5072 uos
1232 5016 1267 5070 ab
1278 5016 1361 5073 initio
1372 5019 1468 5075 seculi
1479 5036 1593 5078 servare
1608 5023 1739 5080 docuisti.
1753 5027 1890 5101 Magnam

1072 5108 1150 5163 enim
1169 5108 1199 5164 in
1216 5110 1271 5165 hoc
1289 5127 1410 5167 munero
1430 5114 1558 5186 corporis
1581 5117 1705 5188 gratiam
1731 5122 1890 5181 contulisti.

1073 5201 1155 5268 Quod
1167 5202 1190 5257 si
1202 5202 1250 5258 ills
1264 5204 1384 5261 humaui
1399 5208 1515 5278 generis
1529 5213 1623 5266 mater
1636 5211 1825 5272 interdictam
1838 5218 1890 5273 sibi

1072 5294 1205 5351 arborem
1217 5296 1396 5367 custodisset,
1411 5301 1441 5355 et
1455 5300 1706 5360 immortalitatem
1722 5309 1891 5366 retinuisset

1071 5391 1101 5444 et
1113 5387 1248 5460 patriam.
1259 5389 1316 5446 Sed
1329 5397 1479 5464 peccatum
1491 5395 1592 5451 matris
1605 5396 1742 5471 entique,
1755 5403 1836 5475 quod
1850 5406 1893 5460 iu·

1072 5479 1232 5553 licitaiigni
1246 5482 1325 5540 vetiti
1347 5487 1533 5558 usurpatione
1556 5491 1710 5563 commisit,
1734 5494 1767 5551 in
1784 5499 1891 5554 nostris

1070 5604 1165 5660 missis
1179 5622 1238 5663 nou
1250 5607 1382 5680 habetur,
1397 5616 1592 5687 preterquam
1604 5616 1635 5672 in
1644 5617 1733 5674 missa
1748 5619 1786 5676 de
1795 5621 1890 5679 Natali

1071 5675 1197 5733 Domini.
1218 5679 1331 5736 Similes
1353 5681 1384 5737 iu
1405 5683 1478 5741 testo
1501 5686 1592 5743 sancti
1613 5689 1734 5746 ioannis
1762 5708 1888 5768 evange-

1070 5745 1152 5817 liste,
1173 5751 1202 5804 et
1224 5749 1254 5805 iu
1276 5751 1509 5828 circumcisione,
1532 5774 1627 5831 supra,
1656 5760 1833 5826 nomime
1860 5765 1889 5825 iu

1071 5817 1159 5877 missa
1167 5821 1201 5878 76
1214 5824 1245 5878 et
1255 5824 1450 5897 sequentibus.
