3884 6150
198 305 231 357 ro
997 295 1082 354 tnta.
1589 290 1593 299 '
1842 299 1876 352 so

197 413 285 469 sentia
298 410 437 484 spirituali
460 410 598 467 desiderio
611 408 746 476 sitientes,
761 407 832 462 sicut
849 405 970 461 cultores
983 410 1011 461 et
1021 420 1051 490 Α
1061 406 1219 477 sustinebit,
1235 423 1321 479 qnam
1335 423 1394 461 sum
1407 402 1566 477 cupiditatis
1583 404 1769 461 consuluisset
1785 404 1874 460 aridi-

195 507 351 578 psculiares
371 505 421 560 filii
434 505 492 574 ilci,
511 501 731 558 ambientissime
748 517 796 556 ros
812 501 905 556 virere
925 505 1009 571 atque
1059 501 1119 558 tati.
1140 502 1200 573 lpse
1218 501 1309 556 Jndex
1328 503 1451 555 aeternus
1469 516 1546 555 nunc
1565 500 1685 571 judicat,
1706 501 1875 570 perpetuam

196 600 333 671 prolicere
351 599 380 653 in
400 597 530 652 omnibus
548 596 594 666 pie
614 599 754 667 optamus.
775 594 828 651 Sed
848 595 1010 667 quicunque
1055 595 1235 668 judiciariam
1256 594 1380 666 possidet
1398 597 1568 665 potestatem
1582 610 1589 648 :
1604 610 1662 648 non
1681 591 1876 662 corrumpitur

197 693 344 748 hominem
353 692 382 746 in
390 691 483 744 anima
491 687 592 760 diligit,
607 689 629 742 si
641 689 736 744 miuus
748 688 835 744 oculis
852 686 1010 742 carnalibus
1058 689 1194 763 praemiis,
1208 693 1257 743 aut
1269 687 1367 759 aspicit
1380 686 1415 741 ad
1427 692 1492 741 vota
1503 686 1668 758 impiorum,
1683 686 1732 740 sed
1745 684 1874 740 couside-

198 804 263 843 eum
281 786 355 841 valet
376 782 491 848 intueri,
513 797 577 852 qum
598 782 632 836 ad
648 781 750 837 animae
770 786 798 837 ct
819 780 942 854 corporis
965 779 1009 834 vel
1058 787 1102 838 rat
1112 781 1295 854 cogitationes
1307 780 1445 846 cordium,
1457 784 1485 835 et
1498 779 1597 835 reddet
1610 779 1764 851 unicuique
1777 793 1877 833 secun-

196 875 410 953 prosporitatem
420 874 565 946 pertinent
574 878 602 930 ct
613 875 744 944 salutem,
755 874 925 930 omnimodis
937 874 1010 929 litte·
1059 875 1128 931 dum
1139 891 1224 947 opera
1239 891 1299 930 sna.
1317 874 1468 928 luhonesta
1485 872 1600 928 victoria
1617 877 1659 927 est
1678 871 1797 927 fratrem
1809 871 1875 925 vin·

196 971 269 1026 rario
282 967 373 1024 olllcio
387 967 499 1024 reticeri
512 984 569 1022 non
578 967 670 1023 debet.
681 968 764 1041 Vulgi
778 968 863 1023 verba
874 968 1010 1023 iterantes
1059 986 1132 1038 cere,
1146 968 1312 1025 domesticas
1326 967 1424 1022 domos
1436 966 1587 1021 humiliare
1600 971 1629 1021 et
1640 966 1845 1037 possessionem
1859 982 1877 1019 a

196 1080 260 1136 quae
273 1081 324 1118 nos
337 1063 460 1117 maxime
472 1064 588 1130 terrent,
602 1065 701 1116 restrae
719 1062 817 1133 pietati
831 1062 860 1116 in
878 1061 1009 1117 notitiam
1057 1062 1222 1135 parentibus
1235 1064 1426 1116 constructam
1441 1064 1577 1115 evertere.
1591 1060 1694 1115 Contra
1707 1058 1875 1130 semetipsos

195 1156 375 1229 deponimus,
397 1173 461 1228 quae
484 1157 523 1211 ita
546 1157 717 1226 disseminat,
744 1155 940 1228 eloquentium
960 1171 1009 1209 ora
1057 1160 1187 1227 pugnant
1204 1170 1341 1227 suamque
1357 1154 1520 1209 felicitatem
1543 1153 1732 1208 exterminant
1747 1169 1754 1206 :
1769 1152 1804 1206 de
1825 1167 1877 1205 sua

195 1251 392 1320 detrahuntur,
410 1250 490 1321 quasi
507 1255 599 1304 restro
617 1254 690 1318 voto,
710 1248 825 1304 consilio
846 1253 874 1303 et
894 1247 1010 1318 instiga-
1058 1249 1215 1321 perditione
1236 1248 1340 1320 gaudet
1355 1246 1513 1302 accelerans
1532 1245 1672 1301 inimicus.
1690 1247 1750 1311 Qua
1768 1244 1823 1298 tide
1847 1247 1878 1298 et

194 1346 270 1401 tione
283 1343 418 1397 Dominus
432 1343 648 1414 gloriosissimus
663 1342 820 1414 sigibertus
834 1358 882 1397 rex
896 1346 955 1396 tam
967 1357 1009 1395 ar·
1059 1359 1093 1398 ex
1106 1343 1212 1410 animo,
1225 1358 1281 1414 qna
1295 1341 1443 1396 devotione
1461 1341 1521 1394 bac
1540 1339 1690 1394 scribimus
1702 1339 1759 1393 beo
1771 1336 1876 1392 sufficit

195 1439 250 1494 due
264 1439 337 1492 hanc
347 1436 413 1490 velit
425 1437 543 1508 perdere
552 1436 707 1508 regionem.
720 1435 780 1490 Non
790 1439 938 1506 propterea
949 1435 1009 1488 baec
1058 1452 1149 1506 nosse,
1164 1441 1198 1491 ut
1208 1435 1286 1490 vobis
1301 1435 1374 1488 bona
1393 1434 1488 1488 futura
1504 1432 1679 1505 preparetis,
1694 1436 1723 1486 et
1737 1448 1788 1485 nos
1808 1446 1876 1485 cum

196 1532 325 1600 dicimus,
345 1529 424 1601 quasi
441 1546 457 1584 a
476 1531 557 1584 nobis
574 1529 725 1584 credatur:
744 1529 791 1584 sed
808 1528 1007 1600 supplicamus.
1059 1530 1115 1584 lleo
1127 1529 1267 1584 absolutos
1279 1527 1392 1583 cssevel
1404 1525 1554 1598 paululum
1566 1526 1728 1581 sentiamus.
1741 1524 1794 1579 Sed
1808 1524 1876 1595 quia

195 1624 317 1680 utnulla
334 1622 440 1678 occasio
458 1623 600 1678 tribuatur
621 1621 741 1692 dicendi,
760 1622 836 1676 uude
853 1621 930 1676 robis
949 1624 1009 1675 tam
1059 1623 1248 1679 sacerdotibus
1261 1626 1438 1695 praeceptum
1453 1626 1494 1676 est
1515 1637 1522 1674 z
1540 1623 1574 1676 Ut
1587 1620 1651 1675 tuba
1670 1618 1763 1674 realta
1786 1632 1875 1672 nomm

195 1718 352 1774 maximum
371 1720 400 1771 et
412 1716 602 1787 periculosum
619 1717 772 1786 generetur
790 1714 1007 1787 blasphemium.
1059 1720 1134 1771 tuom
1148 1721 1174 1772 et
1187 1718 1321 1771 annuatia
1328 1716 1428 1786 popolo
1440 1730 1497 1770 meo
1506 1729 1587 1785 opera
1596 1728 1702 1779 aarum
1715 1728 1793 1784 ergo,
1803 1710 1874 1783 piis-

196 1812 273 1867 Licct
285 1811 345 1865 haec
358 1810 435 1883 regio
444 1810 504 1880 jam
519 1810 640 1864 caruisse
653 1809 826 1876 felicitatem,
838 1812 866 1863 et
876 1806 1009 1880 perditio
1019 1795 1047 1866 Β
1058 1810 1131 1864 sima
1145 1810 1269 1879 domina,
1283 1808 1432 1880 intelligite
1445 1808 1614 1880 mysterium
1627 1812 1654 1862 et
1670 1813 1763 1862 cavete
1777 1820 1874 1861 exem-

196 1906 240 1960 nis
251 1908 356 1959 nostrae
370 1903 569 1958 concludamus
588 1902 742 1958 terminum
758 1920 765 1956 ι
780 1903 830 1958 scd
846 1902 880 1957 dc
902 1901 1010 1957 miseri·
1058 1903 1149 1975 plum.
1158 1906 1188 1958 ln
1200 1902 1340 1976 principio
1353 1902 1463 1958 duobus
1473 1902 1608 1959 fratribus
1661 1905 1721 1956 erat
1733 1899 1873 1954 mundus:

196 1998 289 2055 cordia
303 2013 361 2052 non
373 1996 591 2068 desperabamus
602 1996 706 2066 divino,
720 1996 812 2051 adhuc
824 1996 940 2051 ultionis
952 2011 1010 2049 sus
1058 2013 1133 2051 unus
1146 2013 1181 2052 ex
1195 1997 1263 2068 ipsis
1275 1998 1341 2052 Cain
1354 1995 1542 2051 fratricidium
1556 1994 1729 2067 perpetravit
1740 1998 1769 2049 et
1783 2008 1876 2064 usque

195 2091 338 2165 pendendi
363 2106 491 2159 manum,
516 2090 586 2144 dum
612 2089 815 2144 emendationis
847 2092 1010 2160 expectatur
1059 2089 1561 2163 septuplumpunitiouissententiam
1571 2089 1702 2160 suscepit.
1712 2076 1878 2159 losephfra·

196 2184 365 2253 remedium,
375 2183 399 2237 si
408 2199 466 2238 non
475 2182 668 2238 dominaretur
674 2181 805 2252 intentio,
816 2198 880 2255 qum
888 2186 1010 2237 mortem
1059 2188 1115 2239 tres
1129 2185 1172 2238 sui
1187 2200 1238 2256 per
1247 2183 1382 2239 iuvidiam
1391 2182 1589 2250 vendiderunt,
1600 2186 1627 2237 et
1636 2186 1733 2253 postea
1746 2181 1877 2237 servituti

196 2280 330 2349 operatur
335 2293 344 2346 ;
355 2269 494 2348 cupiditas
502 2292 566 2347 quae
576 2275 655 2330 radix
663 2280 705 2330 est
714 2275 842 2330 omnium
851 2275 1008 2343 malorum,
1059 2277 1147 2348 ipsius
1161 2278 1304 2349 subjugati
1316 2282 1392 2332 sunt.
1407 2275 1470 2331 Saul
1483 2280 1611 2330 sanctum
1631 2275 1716 2330 David
1734 2291 1786 2347 per
1801 2274 1875 2330 iuri·

195 2371 341 2426 iracundia
359 2385 424 2441 quse
445 2386 560 2424 sensum
581 2369 673 2424 aufert
695 2368 864 2440 prudentiae.
886 2368 1010 2425 Salvator
1059 2370 1135 2425 diam
1149 2370 1292 2427 nitebatur
1303 2370 1439 2439 occidere,
1454 2369 1513 2441 ipse
1527 2372 1623 2441 postea
1635 2369 1665 2424 in
1678 2385 1743 2424 eum
1762 2369 1875 2424 miseri·

195 2469 292 2519 noster
306 2462 482 2535 perspiciens
496 2479 554 2517 suae
566 2462 705 2534 passionis
723 2462 873 2517 imminere
886 2466 1008 2532 tempus,
1059 2465 1183 2519 cordiam
1197 2465 1332 2520 exercuit.
1343 2464 1463 2519 absalon
1476 2465 1593 2519 fratrem
1604 2462 1753 2532 interfecit,
1763 2468 1876 2535 patrem

196 2558 289 2612 dixit:
307 2560 355 2613 Va
368 2558 470 2611 bomini
485 2571 535 2628 per
553 2571 631 2626 quem
650 2556 809 2611 scandalum
826 2558 909 2615 uenit.
930 2555 1010 2620 Quod
1060 2573 1177 2630 cregno
1190 2559 1278 2613 voluit
1295 2574 1449 2624 removere,
1465 2562 1494 2612 et
1507 2558 1618 2627 qualem
1638 2557 1760 2628 suscepit
1774 2556 1876 2612 interi·

87 2701 89 2705 ,
195 2667 243 2706 ore
254 2649 370 2722 proprio
383 2649 537 2705 detestatus
546 2652 598 2719 cst,
610 2649 791 2721 impunenon
801 2665 881 2720 posse
894 2665 1009 2705 manere
1059 2650 1877 2723 tumnullihabeturiucognitum.PrrecipuequoqueDavid

194 2744 347 2813 credimus,
375 2742 506 2797 omnibus
532 2743 686 2798 clamamus
711 2759 809 2798 omnes
831 2742 1009 2797 conscientia
1059 2746 1198 2818 propheta
1210 2746 1321 2801 dicente
1335 2764 1342 2800 ε
1359 2747 1491 2813 Quoniam
1503 2746 1680 2814 quinequiter
1692 2749 1777 2814 agunt
1788 2748 1878 2799 exter·

194 2854 253 2892 suae
269 2837 452 2910 cogitationes
471 2840 499 2891 et
518 2837 641 2892 actiones
660 2836 838 2891 considerent
855 2841 883 2891 et
895 2839 1010 2891 caveant
1058 2841 1250 2907 nicodemum
1264 2842 1312 2911 qui
1322 2854 1385 2894 vero
1398 2843 1552 2910 adspectant
1561 2840 1712 2906 Dominum,
1726 2840 1780 2909 ipsi
1793 2838 1878 2893 blere-

193 2945 230 2985 ne
243 2947 308 2985 cum
327 2930 399 2984 Jnda
416 2929 559 3001 proditore
580 2929 665 3000 hujus
686 2929 927 2984 condemnationis
948 2945 1008 2984 sor·
1058 2935 1186 2989 ditabunt
1198 2938 1308 2989 terram.
1323 2932 1472 3003 Apostolus
1486 2932 1608 2987 clamat:
1624 2933 1677 3000 Qui
1688 2932 1745 2986 odit
1757 2934 1877 3000 fratrem

194 3022 303 3077 tiantur
312 3021 463 3093 judicium.
475 3022 531 3077 [teo
541 3022 644 3076 sufficit
655 3037 747 3091 nosse,
759 3022 1008 3093 optabamautpro
1057 3042 1145 3092 snam,
1163 3027 1297 3083 homicida
1312 3030 1359 3089 est,
1377 3031 1403 3082 et
1419 3029 1448 3081 ia
1467 3008 1582 3081 tenebris
1598 3025 1730 3090 ambulat,
1749 3031 1775 3081 et
1791 3029 1878 3083 aeaut

193 3115 262 3187 ipsis
274 3115 358 3184 mori,
375 3119 407 3170 ut
419 3115 458 3169 illi
471 3115 597 3170 viverent
608 3118 657 3170 aut
669 3120 734 3170 ante
747 3132 847 3171 corum
860 3116 1008 3173 interitum
1058 3122 1210 3193 quocadat.
1220 3121 1345 3176 Salvator
1356 3119 1505 3175 denuntiat
1514 3137 1521 3174 τ
1530 3122 1610 3175 Beati
1616 3122 1734 3191 pacifici
1745 3123 1876 3190 ciconiam

194 3224 363 3281 quocunque
376 3224 441 3263 casu
454 3209 541 3263 vitam
553 3208 645 3279 finire,
659 3213 692 3263 ut
702 3225 754 3263 nec
770 3225 880 3279 eorum,
896 3227 948 3265 nec
962 3226 1007 3265 re·
1019 3160 1046 3235 C
1057 3217 1110 3286 titii
1125 3217 1175 3270 Dei
1195 3214 1371 3270 vocabuntur.
1393 3217 1488 3270 Pacem
1505 3229 1591 3268 meam
1612 3214 1646 3268 do
1671 3213 1755 3276 vedu,
1780 3230 1876 3284 pacem

196 3303 287 3376 gionis
312 3319 492 3359 cerneremus
513 3302 670 3357 interitum.
695 3302 748 3358 Sed
768 3304 840 3358 alter
863 3304 898 3358 ab
920 3303 1008 3358 altero
1058 3324 1145 3364 meam
1157 3308 1279 3378 relinquo
1290 3308 1373 3362 nobb.
1388 3307 1440 3362 Ubi
1453 3310 1495 3362 est
1508 3324 1563 3379 pax
1579 3306 1750 3376 stellantes,
1766 3307 1876 3363 ibidem

196 3397 375 3454 excusatione
395 3396 494 3467 utitur,
514 3401 543 3451 et
563 3397 658 3451 nullus
678 3412 714 3451 ex
737 3396 804 3468 ipsis
825 3400 891 3452 ante
914 3396 1009 3452 oculos
1058 3407 1101 3457 est
1120 3402 1168 3458 Dei
1186 3401 1286 3473 pietas.
1301 3400 1433 3473 Legimus
1446 3417 1497 3472 per
1509 3401 1610 3456 Esther
1623 3401 1753 3473 reginam
1767 3402 1876 3472 populo

196 3492 245 3548 llei
255 3492 335 3564 ponit
345 3489 503 3562 judicium,
514 3506 607 3562 neque
619 3489 727 3562 aliquid
737 3491 786 3545 Dei
796 3494 919 3546 reservat
930 3495 1010 3564 pote·
1057 3494 1141 3551 fuisse
1159 3511 1318 3550 concessam
1338 3494 1466 3550 salutem.
1484 3495 1514 3549 ln
1532 3495 1584 3549 hac
1603 3499 1681 3566 parte
1702 3500 1730 3550 ct
1750 3498 1876 3551 vestram

195 3586 258 3641 stati
268 3585 527 3656 judicandum,nec
537 3584 652 3639 credent
661 3601 690 3640 se
700 3585 761 3656 jam
776 3585 827 3640 sub
837 3585 885 3640 [lei
897 3585 1007 3642 notitia.
1058 3589 1196 3646 ostendite
1212 3588 1404 3661 prudentiam,
1428 3592 1457 3642 et
1474 3587 1539 3643 fidoi
1559 3592 1659 3643 restra
1678 3588 1875 3644 salubritatem

194 3679 265 3743 Quia
278 3695 295 3732 a
310 3677 389 3732 nullo
405 3676 497 3731 audiri
515 3692 670 3747 meremur,
685 3678 763 3732 vobis
782 3682 810 3733 et
821 3679 885 3735 ideo
898 3679 1007 3752 suppli·
1057 3688 1141 3756 atque
1155 3682 1368 3756 perlectionem,
1381 3686 1453 3737 utet
1467 3681 1614 3737 dominum
1627 3696 1725 3753 regem
1738 3698 1754 3735 a
1770 3681 1874 3738 Deire

195 3786 292 3826 camus
306 3787 313 3825 ε
329 3770 395 3841 quia
408 3769 432 3823 si
445 3769 487 3823 illi
498 3785 621 3840 regnum
633 3770 818 3842 perdiderint,
830 3788 881 3827 nec
895 3789 943 3827 ros
957 3789 1008 3828 nec
1057 3777 1159 3833 vocetis
1176 3775 1282 3832 offensa
1295 3781 1322 3832 ct
1335 3775 1473 3848 populum
1490 3793 1507 3830 a
1525 3778 1605 3848 parte
1620 3792 1670 3829 sua
1682 3774 1775 3830 virere
1790 3775 1875 3833 liceat

194 3862 342 3919 filiivestri
356 3876 494 3940 magnum
506 3861 682 3933 possidebitis
695 3862 885 3936 triumphum.
901 3865 943 3919 Ad
955 3865 1008 3920 hoc
1057 3871 1185 3943 quietum
1203 3870 1292 3925 donec
1306 3869 1396 3925 ludex
1414 3873 1537 3924 aeternus
1550 3874 1713 3925 consuetam
1733 3869 1875 3925 discernat

194 3973 243 4012 ros
256 3957 317 4011 hare
330 3955 409 4027 regio
427 3954 580 4027 suscepisse
600 3955 768 4027 gratuletur,
782 3960 815 4010 ut
832 3973 884 4030 per
901 3974 949 4012 vos
963 3975 1007 4012 sa-
1053 3963 1204 4034 Jnstitiam.
1213 3963 1283 4028 Ouia
1291 3962 1498 4017 evidentissime
1509 3962 1640 4017 omnibus
1648 3967 1734 4035 patet,
1749 3963 1799 4034 qui
1809 3963 1874 4018 cha·

194 4051 284 4107 tutem
297 4066 356 4105 non
366 4048 513 4104 interitum
526 4049 671 4120 percipere
684 4049 822 4106 videatur.
839 4052 869 4106 tn
884 4053 937 4109 hoc
955 4070 1007 4126 po·
1057 4056 1170 4112 ritatem
1193 4057 1349 4113 fraternam
1374 4057 1519 4129 postponit
1541 4057 1660 4128 despicit
1688 4056 1872 4125 consortium,

195 4144 255 4219 puli
277 4142 451 4215 restinguitis
464 4143 549 4198 verba
571 4143 594 4197 si
611 4143 744 4215 mitigatis
764 4143 900 4216 turonem,
915 4148 938 4201 si
960 4149 1009 4204 llei
1057 4149 1874 4223 nonacquiescitveritatiOmnesprophetaecontraipsum

195 4239 285 4297 tacitis
303 4240 464 4311 exspectare
479 4236 631 4308 judicium.
653 4238 684 4292 ln
701 4238 817 4294 veritate
835 4254 966 4312 suggero,
986 4244 1009 4298 si
1057 4243 1222 4316 loquuntur,
1233 4260 1332 4299 omnes
1340 4244 1457 4316 apostoli
1467 4243 1560 4316 ipsum
1570 4245 1753 4313 detestantur,
1763 4248 1791 4298 et
1800 4244 1875 4297 Deus

195 4332 435 4390 meamhumilem
443 4348 500 4386 non
511 4331 651 4403 despicitis
660 4331 904 4403 supplicationem,
916 4335 1009 4392 adhuc
1058 4338 1236 4409 omnipotens
1248 4336 1307 4410 ipse
1320 4338 1396 4409 quod
1410 4337 1554 4393 constituit
1562 4337 1710 4409 judicabit.
1725 4335 1875 4403 Praemissa

196 4427 362 4482 devotorum
384 4430 543 4481 nestrorum
563 4425 718 4497 mactemus
738 4426 924 4498 plenitudine.
940 4431 1007 4485 Pro·
1058 4431 1223 4487 salutatione
1242 4430 1375 4503 obsequia
1392 4431 1595 4503 supplicamus,
1613 4437 1647 4486 ut
1664 4431 1781 4487 latorem
1802 4446 1875 4502 pra·

196 4522 293 4593 pterea
305 4519 365 4573 haec
376 4518 474 4574 dolens
486 4519 587 4590 scribo,
599 4520 665 4592 quia
677 4520 757 4576 video
772 4521 894 4593 qualiter
905 4524 1006 4594 praei·
1017 4534 1047 4610 Ι)
1058 4525 1191 4595 sentium,
1204 4541 1316 4581 serrum
1331 4531 1455 4581 restrum
1466 4525 1679 4597 Gundulpbum,
1694 4523 1874 4580 commenda·

196 4613 326 4685 pitantur
339 4614 368 4665 ct
380 4627 462 4681 reges
481 4616 510 4665 et
527 4613 635 4684 populi,
655 4618 686 4670 nt
698 4615 748 4669 Dei
759 4615 905 4672 incurrant
918 4616 1007 4673 offen·
1058 4622 1120 4674 turn
1133 4619 1268 4687 habeatis,
1278 4624 1305 4674 et
1319 4638 1383 4693 quae
1395 4638 1447 4694 per
1461 4623 1594 4678 eumdem
1605 4620 1690 4676 verbo
1704 4617 1874 4674 mandamus

196 4722 268 4763 sam.
283 4705 323 4759 lta
335 4703 457 4775 legimus
474 4721 480 4758 :
501 4705 655 4775 Quuuuque
670 4709 700 4761 iu
714 4709 818 4764 bracltit
835 4713 880 4765 sui
894 4714 1008 4778 fortitu·
1058 4711 1163 4784 absque
1180 4713 1357 4771 hesitatione
1375 4716 1522 4772 credentes
1542 4713 1693 4786 recipiatis,
1710 4716 1739 4768 et
1752 4711 1873 4782 implere

197 4799 260 4855 diae
276 4800 407 4870 speravit,
420 4801 501 4852 antec
513 4798 692 4864 confusionem
704 4816 786 4869 quam
797 4804 937 4860 victoriam
948 4821 1010 4877 pro-
1058 4822 1116 4862 non
1129 4806 1289 4878 despiciatis
1307 4812 1336 4863 et
1356 4809 1516 4880 elaboretis,
1536 4808 1658 4881 qualiter
1674 4808 1709 4863 de
1721 4810 1814 4861 vestra
1827 4821 1872 4859 sa-

196 4896 305 4950 merait.
328 4890 494 4962 Quicunque
511 4889 681 4946 adminiculo
697 4892 789 4964 gentis
808 4895 862 4950 sibi
880 4898 1009 4969 adjurari
1059 4903 1118 4958 lule
1132 4900 1215 4956 nobis
1237 4902 1339 4974 gaudia
1354 4904 1526 4976 praeparetis.
1544 4903 1616 4958 illud
1633 4901 1757 4975 petimus
1770 4904 1804 4955 ut
1821 4914 1875 4972 per

197 5003 279 5060 posse
288 4984 413 5051 confidit,
422 4988 504 5039 antea
512 4983 671 5057 periculum
682 4987 781 5041 mortis
790 5005 877 5061 quam
889 4993 1009 5050 salutem
1059 5001 1158 5053 restrae
1183 4996 1294 5068 pietatis
1318 4997 1488 5071 rescriptum
1501 5014 1543 5055 ex
1567 4996 1699 5053 omnibus
1720 4992 1875 5068 jucundari

196 5077 1011 5160 promeruit.Quicunqueproptsrcopiamaurietargenti
1059 5104 1229 5149 mereamur.

199 5171 815 5253 elevaturinsuperbiam,anteadesclationis
825 5179 1008 5255 opprobrium
