<?xml version="1.0" encoding="UTF-8"?>
<!DOCTYPE html PUBLIC "-//W3C//DTD XHTML 1.0 Transitional//EN"
    "http://www.w3.org/TR/xhtml1/DTD/xhtml1-transitional.dtd">
<html xmlns="http://www.w3.org/1999/xhtml" xml:lang="en" lang="en">
 <head>
  <title>
</title>
<meta http-equiv="Content-Type" content="text/html;charset=utf-8" />
  <meta name='ocr-system' content='tesseract 3.04.00' />
  <meta name='ocr-capabilities' content='ocr_page ocr_carea ocr_par ocr_line ocrx_word'/>
</head>
<body>
  <div class='ocr_page' id='page_1' title='image "./patrologiaecurs00migngoog/patrologiaecurs00migngoog_0392.png"; bbox 0 0 3884 6150; ppageno 0'>
   <div class='ocr_carea' id='block_1_1' title="bbox 124 290 1810 354">
    <p class='ocr_par' dir='ltr' id='par_1_1' title="bbox 124 290 1810 354">
     <span class='ocr_line' id='line_1_1' title="bbox 124 290 1810 354; baseline 0.004 -6"><span class='ocrx_word' id='word_1_1' title='bbox 124 294 177 348; x_wconf 80' lang='grc'>773</span> <span class='ocrx_word' id='word_1_2' title='bbox 825 290 973 350; x_wconf 72' lang='lat' dir='ltr'>SANCTUS</span> <span class='ocrx_word' id='word_1_3' title='bbox 991 292 1133 352; x_wconf 76' lang='lat' dir='ltr'>talarus.</span> <span class='ocrx_word' id='word_1_4' title='bbox 1759 298 1810 354; x_wconf 72' lang='lat'>774</span> 
     </span>
    </p>
   </div>
   <div class='ocr_carea' id='block_1_2' title="bbox 123 398 1829 3480">
    <p class='ocr_par' dir='ltr' id='par_1_2' title="bbox 123 398 1813 943">
     <span class='ocr_line' id='line_1_2' title="bbox 124 398 1810 488; baseline 0.003 -33"><span class='ocrx_word' id='word_1_5' title='bbox 124 399 274 457; x_wconf 85' lang='lat' dir='ltr'>Christum</span> <span class='ocrx_word' id='word_1_6' title='bbox 284 398 490 474; x_wconf 73' lang='lat' dir='ltr'>quaerentibus,</span> <span class='ocrx_word' id='word_1_7' title='bbox 502 402 695 457; x_wconf 87' lang='lat' dir='ltr'>monstratura</span> <span class='ocrx_word' id='word_1_8' title='bbox 704 401 846 473; x_wconf 89' lang='lat' dir='ltr'>perduxit.</span> <span class='ocrx_word' id='word_1_9' title='bbox 857 403 946 474; x_wconf 84' lang='lat' dir='ltr'>Expe-</span> <span class='ocrx_word' id='word_1_10' title='bbox 955 402 1078 488; x_wconf 64' lang='lat' dir='ltr'>Aeliam</span> <span class='ocrx_word' id='word_1_11' title='bbox 1093 405 1167 459; x_wconf 86' lang='lat' dir='ltr'>viam</span> <span class='ocrx_word' id='word_1_12' title='bbox 1180 405 1215 460; x_wconf 84' lang='lat' dir='ltr'>ad</span> <span class='ocrx_word' id='word_1_13' title='bbox 1234 404 1380 477; x_wconf 78' lang='lat' dir='ltr'>regionem</span> <span class='ocrx_word' id='word_1_14' title='bbox 1395 402 1539 475; x_wconf 82' lang='lat' dir='ltr'>propriam</span> <span class='ocrx_word' id='word_1_15' title='bbox 1560 407 1730 473; x_wconf 82' lang='lat' dir='ltr'>remearent,</span> <span class='ocrx_word' id='word_1_16' title='bbox 1749 405 1810 460; x_wconf 82' lang='lat' dir='ltr'>hoec</span> 
     </span>
     <span class='ocr_line' id='line_1_3' title="bbox 123 494 1810 571; baseline 0.003 -23"><span class='ocrx_word' id='word_1_17' title='bbox 123 494 197 550; x_wconf 87' lang='lat' dir='ltr'>titur</span> <span class='ocrx_word' id='word_1_18' title='bbox 209 496 262 550; x_wconf 91' lang='lat' dir='ltr'>suh</span> <span class='ocrx_word' id='word_1_19' title='bbox 276 495 379 551; x_wconf 91' lang='lat' dir='ltr'>humili</span> <span class='ocrx_word' id='word_1_20' title='bbox 390 495 505 567; x_wconf 89' lang='lat' dir='ltr'>tugurio</span> <span class='ocrx_word' id='word_1_21' title='bbox 510 511 595 568; x_wconf 69' lang='lat' dir='ltr'>,sacra</span> <span class='ocrx_word' id='word_1_22' title='bbox 607 495 748 551; x_wconf 71' lang='lat' dir='ltr'><strong>nativitas.</strong></span> <span class='ocrx_word' id='word_1_23' title='bbox 763 497 902 551; x_wconf 73' lang='lat' dir='ltr'>adoratur</span> <span class='ocrx_word' id='word_1_24' title='bbox 915 496 944 550; x_wconf 94' lang='lat' dir='ltr'>in</span> <span class='ocrx_word' id='word_1_25' title='bbox 995 498 1080 552; x_wconf 86' lang='lat' dir='ltr'>etiam</span> <span class='ocrx_word' id='word_1_26' title='bbox 1102 498 1183 554; x_wconf 90' lang='lat' dir='ltr'>nobis</span> <span class='ocrx_word' id='word_1_27' title='bbox 1204 498 1369 571; x_wconf 82' lang='lat' dir='ltr'>spiritaliter</span> <span class='ocrx_word' id='word_1_28' title='bbox 1389 497 1602 569; x_wconf 81' lang='lat' dir='ltr'>praecipiuntur.</span> <span class='ocrx_word' id='word_1_29' title='bbox 1617 499 1650 553; x_wconf 89' lang='lat' dir='ltr'>Et</span> <span class='ocrx_word' id='word_1_30' title='bbox 1662 514 1713 569; x_wconf 99' lang='grc' dir='ltr'>ρετ</span> <span class='ocrx_word' id='word_1_31' title='bbox 1725 497 1810 553; x_wconf 89' lang='lat' dir='ltr'>aliam</span> 
     </span>
     <span class='ocr_line' id='line_1_4' title="bbox 123 578 1813 663; baseline 0.003 -21"><span class='ocrx_word' id='word_1_32' title='bbox 123 590 240 660; x_wconf 86' lang='lat' dir='ltr'>pannis,</span> <span class='ocrx_word' id='word_1_33' title='bbox 254 589 284 644; x_wconf 94' lang='lat' dir='ltr'>id</span> <span class='ocrx_word' id='word_1_34' title='bbox 298 593 350 657; x_wconf 90' lang='lat' dir='ltr'>est,</span> <span class='ocrx_word' id='word_1_35' title='bbox 361 589 412 644; x_wconf 92' lang='lat' dir='ltr'>sub</span> <span class='ocrx_word' id='word_1_36' title='bbox 426 578 548 644; x_wconf 74' lang='lat' dir='ltr'>tection&#39;e</span> <span class='ocrx_word' id='word_1_37' title='bbox 562 589 750 661; x_wconf 87' lang='lat' dir='ltr'>corruptionis</span> <span class='ocrx_word' id='word_1_38' title='bbox 763 589 945 645; x_wconf 80' lang='lat' dir='ltr'>humauaein·</span> <span class='ocrx_word' id='word_1_39' title='bbox 995 591 1079 662; x_wconf 81' lang='lat' dir='ltr'>riam,</span> <span class='ocrx_word' id='word_1_40' title='bbox 1095 593 1123 647; x_wconf 94' lang='lat' dir='ltr'>id</span> <span class='ocrx_word' id='word_1_41' title='bbox 1139 596 1191 657; x_wconf 90' lang='lat' dir='ltr'>est,</span> <span class='ocrx_word' id='word_1_42' title='bbox 1204 608 1256 663; x_wconf 90' lang='lat' dir='ltr'>per</span> <span class='ocrx_word' id='word_1_43' title='bbox 1268 592 1353 647; x_wconf 90' lang='lat' dir='ltr'>aliam</span> <span class='ocrx_word' id='word_1_44' title='bbox 1375 591 1616 647; x_wconf 82' lang='lat' dir='ltr'>conversationem</span> <span class='ocrx_word' id='word_1_45' title='bbox 1636 597 1813 647; x_wconf 82' lang='lat' dir='ltr'>revertamur</span> 
     </span>
     <span class='ocr_line' id='line_1_5' title="bbox 124 683 1812 757; baseline 0.002 -21"><span class='ocrx_word' id='word_1_46' title='bbox 124 683 224 737; x_wconf 77' lang='lat' dir='ltr'>voluta</span> <span class='ocrx_word' id='word_1_47' title='bbox 238 683 369 754; x_wconf 87' lang='lat' dir='ltr'>majestas</span> <span class='ocrx_word' id='word_1_48' title='bbox 382 684 532 740; x_wconf 85' lang='lat' dir='ltr'>revelatur.</span> <span class='ocrx_word' id='word_1_49' title='bbox 549 684 681 739; x_wconf 89' lang='lat' dir='ltr'>innuitur</span> <span class='ocrx_word' id='word_1_50' title='bbox 693 684 829 756; x_wconf 86' lang='lat' dir='ltr'>mysterio</span> <span class='ocrx_word' id='word_1_51' title='bbox 843 683 946 738; x_wconf 80' lang='lat' dir='ltr'>divinae</span> <span class='ocrx_word' id='word_1_52' title='bbox 995 685 1031 740; x_wconf 88' lang='lat' dir='ltr'>ad</span> <span class='ocrx_word' id='word_1_53' title='bbox 1044 685 1176 756; x_wconf 87' lang='lat' dir='ltr'>patriam.</span> <span class='ocrx_word' id='word_1_54' title='bbox 1192 686 1272 740; x_wconf 83' lang='lat' dir='ltr'>Forte</span> <span class='ocrx_word' id='word_1_55' title='bbox 1286 686 1387 757; x_wconf 89' lang='lat' dir='ltr'>aliquis</span> <span class='ocrx_word' id='word_1_56' title='bbox 1406 684 1526 756; x_wconf 81' lang='lat' dir='ltr'>requirit</span> <span class='ocrx_word' id='word_1_57' title='bbox 1544 685 1686 756; x_wconf 89' lang='lat' dir='ltr'>quomodo</span> <span class='ocrx_word' id='word_1_58' title='bbox 1703 685 1731 739; x_wconf 95' lang='lat' dir='ltr'>id</span> <span class='ocrx_word' id='word_1_59' title='bbox 1750 685 1812 740; x_wconf 89' lang='lat' dir='ltr'>fieri</span> 
     </span>
     <span class='ocr_line' id='line_1_6' title="bbox 124 774 1813 850; baseline 0.001 -20"><span class='ocrx_word' id='word_1_60' title='bbox 124 774 332 831; x_wconf 78' lang='lat' dir='ltr'>misericordiae</span> <span class='ocrx_word' id='word_1_61' title='bbox 349 776 528 848; x_wconf 79' lang='lat' dir='ltr'>magnitudo,</span> <span class='ocrx_word' id='word_1_62' title='bbox 553 777 583 832; x_wconf 91' lang='lat' dir='ltr'>in</span> <span class='ocrx_word' id='word_1_63' title='bbox 598 794 632 833; x_wconf 92' lang='grc' dir='ltr'>εο</span> <span class='ocrx_word' id='word_1_64' title='bbox 654 777 730 849; x_wconf 87' lang='lat' dir='ltr'>quod</span> <span class='ocrx_word' id='word_1_65' title='bbox 750 777 786 832; x_wconf 87' lang='lat' dir='ltr'>ad</span> <span class='ocrx_word' id='word_1_66' title='bbox 803 777 948 833; x_wconf 80' lang='lat' dir='ltr'>Christum</span> <span class='ocrx_word' id='word_1_67' title='bbox 995 777 1104 850; x_wconf 80' lang='lat' dir='ltr'>possiti</span> <span class='ocrx_word' id='word_1_68' title='bbox 1117 778 1169 843; x_wconf 80' lang='lat' dir='ltr'>Qui</span> <span class='ocrx_word' id='word_1_69' title='bbox 1192 778 1245 834; x_wconf 86' lang='lat' dir='ltr'>hoc</span> <span class='ocrx_word' id='word_1_70' title='bbox 1266 778 1336 834; x_wconf 89' lang='lat' dir='ltr'>scire</span> <span class='ocrx_word' id='word_1_71' title='bbox 1360 777 1508 847; x_wconf 90' lang='lat' dir='ltr'>desiderat,</span> <span class='ocrx_word' id='word_1_72' title='bbox 1529 778 1625 832; x_wconf 90' lang='lat' dir='ltr'>audiat</span> <span class='ocrx_word' id='word_1_73' title='bbox 1642 777 1813 848; x_wconf 90' lang='lat' dir='ltr'>prophetam</span> 
     </span>
     <span class='ocr_line' id='line_1_7' title="bbox 124 870 1812 943; baseline 0.002 -20"><span class='ocrx_word' id='word_1_74' title='bbox 124 870 255 940; x_wconf 87' lang='lat' dir='ltr'>primum</span> <span class='ocrx_word' id='word_1_75' title='bbox 267 870 422 943; x_wconf 82' lang='lat' dir='ltr'>AEthiopes,</span> <span class='ocrx_word' id='word_1_76' title='bbox 438 870 467 926; x_wconf 94' lang='lat' dir='ltr'>id</span> <span class='ocrx_word' id='word_1_77' title='bbox 481 876 532 940; x_wconf 89' lang='lat' dir='ltr'>est,</span> <span class='ocrx_word' id='word_1_78' title='bbox 546 875 654 943; x_wconf 79' lang='lat' dir='ltr'>gentes,</span> <span class='ocrx_word' id='word_1_79' title='bbox 669 871 882 943; x_wconf 90' lang='lat' dir='ltr'>ingrediuntur.</span> <span class='ocrx_word' id='word_1_80' title='bbox 996 871 1156 927; x_wconf 85' lang='lat' dir='ltr'>dicentem:</span> <span class='ocrx_word' id='word_1_81' title='bbox 1171 875 1278 928; x_wconf 71' lang='lat' dir='ltr'>hieme</span> <span class='ocrx_word' id='word_1_82' title='bbox 1292 873 1402 934; x_wconf 85' lang='lat' dir='ltr'>emoto,</span> <span class='ocrx_word' id='word_1_83' title='bbox 1416 875 1463 940; x_wconf 77' lang='lat' dir='ltr'>suc</span> <span class='ocrx_word' id='word_1_84' title='bbox 1475 872 1581 935; x_wconf 82' lang='lat' dir='ltr'>borum,</span> <span class='ocrx_word' id='word_1_85' title='bbox 1591 874 1698 942; x_wconf 79' lang='lat' dir='ltr'>inquire</span> <span class='ocrx_word' id='word_1_86' title='bbox 1706 887 1812 941; x_wconf 81' lang='lat' dir='ltr'>pacem,</span> 
     </span>
    </p>

    <p class='ocr_par' dir='ltr' id='par_1_3' title="bbox 126 964 1829 3292">
     <span class='ocr_line' id='line_1_8' title="bbox 166 964 1815 1038; baseline 0.002 -21"><span class='ocrx_word' id='word_1_87' title='bbox 166 965 274 1018; x_wconf 81' lang='lat' dir='ltr'>Interea</span> <span class='ocrx_word' id='word_1_88' title='bbox 288 964 370 1019; x_wconf 88' lang='lat' dir='ltr'>beata</span> <span class='ocrx_word' id='word_1_89' title='bbox 382 964 548 1036; x_wconf 86' lang='lat' dir='ltr'>perductam</span> <span class='ocrx_word' id='word_1_90' title='bbox 563 980 592 1020; x_wconf 87' lang='lat' dir='ltr'>se</span> <span class='ocrx_word' id='word_1_91' title='bbox 606 965 642 1020; x_wconf 91' lang='lat' dir='ltr'>ad</span> <span class='ocrx_word' id='word_1_92' title='bbox 655 981 734 1019; x_wconf 87' lang='lat' dir='ltr'>sacra</span> <span class='ocrx_word' id='word_1_93' title='bbox 746 964 884 1019; x_wconf 89' lang='lat' dir='ltr'>cunabula</span> <span class='ocrx_word' id='word_1_94' title='bbox 904 979 946 1018; x_wconf 89' lang='lat' dir='ltr'>ra·</span> <span class='ocrx_word' id='word_1_95' title='bbox 998 970 1024 1020; x_wconf 89' lang='lat' dir='ltr'>et</span> <span class='ocrx_word' id='word_1_96' title='bbox 1036 981 1145 1035; x_wconf 82' lang='lat' dir='ltr'>sequere</span> <span class='ocrx_word' id='word_1_97' title='bbox 1159 982 1218 1021; x_wconf 87' lang='lat' dir='ltr'>eum</span> <span class='ocrx_word' id='word_1_98' title='bbox 1233 967 1343 1038; x_wconf 79' lang='lat' dir='ltr'>(Psotm.</span> <span class='ocrx_word' id='word_1_99' title='bbox 1359 967 1463 1037; x_wconf 84' lang='lat' dir='ltr'>xxxin).</span> <span class='ocrx_word' id='word_1_100' title='bbox 1478 967 1535 1020; x_wconf 83' lang='lat' dir='ltr'>iioc</span> <span class='ocrx_word' id='word_1_101' title='bbox 1548 965 1625 1021; x_wconf 89' lang='lat' dir='ltr'>enim</span> <span class='ocrx_word' id='word_1_102' title='bbox 1645 966 1744 1021; x_wconf 90' lang='lat' dir='ltr'>ordine</span> <span class='ocrx_word' id='word_1_103' title='bbox 1762 983 1815 1038; x_wconf 90' lang='lat' dir='ltr'>per</span> 
     </span>
     <span class='ocr_line' id='line_1_9' title="bbox 126 1056 1483 1131; baseline 0.002 -20"><span class='ocrx_word' id='word_1_104' title='bbox 126 1056 176 1112; x_wconf 91' lang='lat' dir='ltr'>dio</span> <span class='ocrx_word' id='word_1_105' title='bbox 189 1057 311 1129; x_wconf 87' lang='lat' dir='ltr'>desuper</span> <span class='ocrx_word' id='word_1_106' title='bbox 323 1062 465 1126; x_wconf 91' lang='lat' dir='ltr'>currente,</span> <span class='ocrx_word' id='word_1_107' title='bbox 486 1058 608 1114; x_wconf 89' lang='lat' dir='ltr'>miratur</span> <span class='ocrx_word' id='word_1_108' title='bbox 628 1063 755 1113; x_wconf 87' lang='lat' dir='ltr'>extrema</span> <span class='ocrx_word' id='word_1_109' title='bbox 773 1073 853 1129; x_wconf 88' lang='lat' dir='ltr'>gens,</span> <span class='ocrx_word' id='word_1_110' title='bbox 872 1056 947 1112; x_wconf 94' lang='lat' dir='ltr'>bono</span> <span class='ocrx_word' id='word_1_111' title='bbox 997 1058 1168 1114; x_wconf 85' lang='lat' dir='ltr'>aliamviam</span> <span class='ocrx_word' id='word_1_112' title='bbox 1181 1059 1291 1115; x_wconf 88' lang='lat' dir='ltr'>reditur</span> <span class='ocrx_word' id='word_1_113' title='bbox 1304 1060 1340 1115; x_wconf 89' lang='lat' dir='ltr'>ad</span> <span class='ocrx_word' id='word_1_114' title='bbox 1352 1058 1483 1131; x_wconf 85' lang='lat' dir='ltr'>patriam.</span> 
     </span>
     <span class='ocr_line' id='line_1_10' title="bbox 126 1150 1813 1226; baseline 0.003 -23"><span class='ocrx_word' id='word_1_115' title='bbox 126 1150 464 1222; x_wconf 85' lang='lat' dir='ltr'>publicoprimafuritnr.</span> <span class='ocrx_word' id='word_1_116' title='bbox 474 1152 710 1223; x_wconf 80' lang='lat' dir='ltr'>Quamstupenda</span> <span class='ocrx_word' id='word_1_117' title='bbox 719 1150 861 1223; x_wconf 79' lang='lat' dir='ltr'>dignatio!</span> <span class='ocrx_word' id='word_1_118' title='bbox 875 1152 950 1205; x_wconf 89' lang='lat' dir='ltr'>inter</span> <span class='ocrx_word' id='word_1_119' title='bbox 1032 1153 1103 1207; x_wconf 87' lang='lat' dir='ltr'>Nam</span> <span class='ocrx_word' id='word_1_120' title='bbox 1118 1153 1184 1224; x_wconf 90' lang='lat' dir='ltr'>quia</span> <span class='ocrx_word' id='word_1_121' title='bbox 1194 1170 1246 1226; x_wconf 90' lang='lat' dir='ltr'>per</span> <span class='ocrx_word' id='word_1_122' title='bbox 1258 1153 1421 1225; x_wconf 88' lang='lat' dir='ltr'>superbiam</span> <span class='ocrx_word' id='word_1_123' title='bbox 1435 1151 1587 1208; x_wconf 87' lang='lat' dir='ltr'>cecidimus</span> <span class='ocrx_word' id='word_1_124' title='bbox 1606 1152 1636 1207; x_wconf 91' lang='lat' dir='ltr'>in</span> <span class='ocrx_word' id='word_1_125' title='bbox 1663 1153 1813 1223; x_wconf 90' lang='lat' dir='ltr'>mundum,</span> 
     </span>
     <span class='ocr_line' id='line_1_11' title="bbox 127 1244 1812 1318; baseline 0.001 -20"><span class='ocrx_word' id='word_1_126' title='bbox 127 1244 278 1315; x_wconf 83' lang='lat' dir='ltr'>amplexus</span> <span class='ocrx_word' id='word_1_127' title='bbox 288 1245 432 1316; x_wconf 88' lang='lat' dir='ltr'>genitricis</span> <span class='ocrx_word' id='word_1_128' title='bbox 438 1244 601 1314; x_wconf 90' lang='lat' dir='ltr'>includitur,</span> <span class='ocrx_word' id='word_1_129' title='bbox 613 1245 662 1317; x_wconf 91' lang='lat' dir='ltr'>qui</span> <span class='ocrx_word' id='word_1_130' title='bbox 675 1245 778 1300; x_wconf 87' lang='lat' dir='ltr'>coelum</span> <span class='ocrx_word' id='word_1_131' title='bbox 786 1250 950 1316; x_wconf 87' lang='lat' dir='ltr'>terramque</span> <span class='ocrx_word' id='word_1_132' title='bbox 998 1249 1110 1316; x_wconf 88' lang='lat' dir='ltr'>oportet</span> <span class='ocrx_word' id='word_1_133' title='bbox 1118 1251 1151 1301; x_wconf 93' lang='lat' dir='ltr'>ut</span> <span class='ocrx_word' id='word_1_134' title='bbox 1162 1263 1214 1318; x_wconf 89' lang='lat' dir='ltr'>per</span> <span class='ocrx_word' id='word_1_135' title='bbox 1224 1246 1417 1302; x_wconf 79' lang='lat' dir='ltr'>humilitatem</span> <span class='ocrx_word' id='word_1_136' title='bbox 1430 1247 1579 1302; x_wconf 90' lang='lat' dir='ltr'>redeamus</span> <span class='ocrx_word' id='word_1_137' title='bbox 1593 1245 1627 1300; x_wconf 91' lang='lat' dir='ltr'>ad</span> <span class='ocrx_word' id='word_1_138' title='bbox 1641 1247 1812 1318; x_wconf 88' lang='lat' dir='ltr'>paradisum.</span> 
     </span>
     <span class='ocr_line' id='line_1_12' title="bbox 128 1337 1816 1419; baseline 0.002 -27"><span class='ocrx_word' id='word_1_139' title='bbox 128 1338 337 1409; x_wconf 87' lang='lat' dir='ltr'>complectitur.</span> <span class='ocrx_word' id='word_1_140' title='bbox 352 1340 383 1394; x_wconf 92' lang='lat' dir='ltr'>ln</span> <span class='ocrx_word' id='word_1_141' title='bbox 396 1339 460 1394; x_wconf 90' lang='lat' dir='ltr'>sinu</span> <span class='ocrx_word' id='word_1_142' title='bbox 473 1339 573 1395; x_wconf 91' lang='lat' dir='ltr'>matris</span> <span class='ocrx_word' id='word_1_143' title='bbox 583 1337 661 1406; x_wconf 88' lang='lat' dir='ltr'>latet,</span> <span class='ocrx_word' id='word_1_144' title='bbox 671 1339 849 1412; x_wconf 88' lang='lat' dir='ltr'>quiregnum</span> <span class='ocrx_word' id='word_1_145' title='bbox 862 1338 950 1393; x_wconf 86' lang='lat' dir='ltr'>Patris</span> <span class='ocrx_word' id='word_1_146' title='bbox 998 1341 1053 1395; x_wconf 91' lang='lat' dir='ltr'>Per</span> <span class='ocrx_word' id='word_1_147' title='bbox 1065 1339 1248 1419; x_wconf 80' lang='lat' dir='ltr'>cupiditatem</span> <span class='ocrx_word' id='word_1_148' title='bbox 1262 1341 1297 1396; x_wconf 89' lang='lat' dir='ltr'>ad</span> <span class='ocrx_word' id='word_1_149' title='bbox 1318 1340 1466 1396; x_wconf 78' lang='lat' dir='ltr'>servitium</span> <span class='ocrx_word' id='word_1_150' title='bbox 1485 1339 1590 1394; x_wconf 90' lang='lat' dir='ltr'>diaboli</span> <span class='ocrx_word' id='word_1_151' title='bbox 1612 1340 1749 1409; x_wconf 80' lang='lat' dir='ltr'>venimus,</span> <span class='ocrx_word' id='word_1_152' title='bbox 1764 1357 1816 1412; x_wconf 92' lang='lat' dir='ltr'>per</span> 
     </span>
     <span class='ocr_line' id='line_1_13' title="bbox 130 1430 1817 1504; baseline 0.001 -18"><span class='ocrx_word' id='word_1_153' title='bbox 130 1430 252 1486; x_wconf 82' lang='lat' dir='ltr'>e&#39;xcedit.</span> <span class='ocrx_word' id='word_1_154' title='bbox 272 1433 325 1487; x_wconf 87' lang='lat' dir='ltr'>Per</span> <span class='ocrx_word' id='word_1_155' title='bbox 340 1432 459 1504; x_wconf 81' lang='lat' dir='ltr'>simplex</span> <span class='ocrx_word' id='word_1_156' title='bbox 475 1432 601 1488; x_wconf 86' lang='lat' dir='ltr'>cilicium</span> <span class='ocrx_word' id='word_1_157' title='bbox 614 1431 739 1504; x_wconf 82' lang='lat' dir='ltr'>spiritale</span> <span class='ocrx_word' id='word_1_158' title='bbox 752 1432 949 1488; x_wconf 86' lang='lat' dir='ltr'>revelaturar-</span> <span class='ocrx_word' id='word_1_159' title='bbox 999 1433 1221 1490; x_wconf 89' lang='lat' dir='ltr'>misericordiam</span> <span class='ocrx_word' id='word_1_160' title='bbox 1230 1434 1265 1489; x_wconf 90' lang='lat' dir='ltr'>ad</span> <span class='ocrx_word' id='word_1_161' title='bbox 1276 1433 1418 1489; x_wconf 88' lang='lat' dir='ltr'>Christum</span> <span class='ocrx_word' id='word_1_162' title='bbox 1428 1433 1579 1488; x_wconf 86' lang='lat' dir='ltr'>Dominum</span> <span class='ocrx_word' id='word_1_163' title='bbox 1592 1434 1748 1488; x_wconf 88' lang='lat' dir='ltr'>redeamus.</span> <span class='ocrx_word' id='word_1_164' title='bbox 1764 1434 1817 1488; x_wconf 87' lang='lat' dir='ltr'>Per</span> 
     </span>
     <span class='ocr_line' id='line_1_14' title="bbox 130 1525 1818 1600; baseline 0.001 -21"><span class='ocrx_word' id='word_1_165' title='bbox 130 1540 246 1579; x_wconf 88' lang='lat' dir='ltr'>canum.</span> <span class='ocrx_word' id='word_1_166' title='bbox 266 1526 430 1580; x_wconf 85' lang='lat' dir='ltr'>Humanitas</span> <span class='ocrx_word' id='word_1_167' title='bbox 452 1526 588 1595; x_wconf 90' lang='lat' dir='ltr'>cernitur,</span> <span class='ocrx_word' id='word_1_168' title='bbox 611 1529 640 1580; x_wconf 88' lang='lat' dir='ltr'>et</span> <span class='ocrx_word' id='word_1_169' title='bbox 660 1525 789 1581; x_wconf 84' lang='lat' dir='ltr'>divinitas</span> <span class='ocrx_word' id='word_1_170' title='bbox 807 1526 951 1584; x_wconf 90' lang='lat' dir='ltr'>adoratur.</span> <span class='ocrx_word' id='word_1_171' title='bbox 1000 1527 1182 1599; x_wconf 86' lang='lat' dir='ltr'>voluptatem,</span> <span class='ocrx_word' id='word_1_172' title='bbox 1195 1531 1280 1600; x_wconf 90' lang='lat' dir='ltr'>atque</span> <span class='ocrx_word' id='word_1_173' title='bbox 1293 1528 1438 1583; x_wconf 84' lang='lat' dir='ltr'>luxuriam</span> <span class='ocrx_word' id='word_1_174' title='bbox 1448 1527 1632 1582; x_wconf 88' lang='lat' dir='ltr'>durissimum</span> <span class='ocrx_word' id='word_1_175' title='bbox 1642 1528 1747 1599; x_wconf 88' lang='lat' dir='ltr'>jugum</span> <span class='ocrx_word' id='word_1_176' title='bbox 1760 1526 1818 1582; x_wconf 90' lang='lat' dir='ltr'>dia-</span> 
     </span>
     <span class='ocr_line' id='line_1_15' title="bbox 132 1618 1817 1694; baseline 0.002 -21"><span class='ocrx_word' id='word_1_177' title='bbox 132 1618 276 1674; x_wconf 85' lang='lat' dir='ltr'>Exhibent</span> <span class='ocrx_word' id='word_1_178' title='bbox 286 1635 399 1688; x_wconf 81' lang='lat' dir='ltr'>aurum,</span> <span class='ocrx_word' id='word_1_179' title='bbox 411 1619 476 1674; x_wconf 91' lang='lat' dir='ltr'>thus</span> <span class='ocrx_word' id='word_1_180' title='bbox 490 1625 517 1675; x_wconf 92' lang='lat' dir='ltr'>et</span> <span class='ocrx_word' id='word_1_181' title='bbox 530 1619 685 1691; x_wconf 88' lang='lat' dir='ltr'>myrrham.</span> <span class='ocrx_word' id='word_1_182' title='bbox 698 1619 799 1674; x_wconf 89' lang='lat' dir='ltr'>Plusin</span> <span class='ocrx_word' id='word_1_183' title='bbox 809 1620 951 1690; x_wconf 87' lang='lat' dir='ltr'>mysteriis</span> <span class='ocrx_word' id='word_1_184' title='bbox 1000 1621 1058 1675; x_wconf 93' lang='lat' dir='ltr'>boli</span> <span class='ocrx_word' id='word_1_185' title='bbox 1071 1621 1266 1692; x_wconf 88' lang='lat' dir='ltr'>sustinuimus,</span> <span class='ocrx_word' id='word_1_186' title='bbox 1280 1638 1332 1694; x_wconf 90' lang='grc' dir='ltr'>ρετ</span> <span class='ocrx_word' id='word_1_187' title='bbox 1344 1622 1521 1690; x_wconf 89' lang='lat' dir='ltr'>charitatem,</span> <span class='ocrx_word' id='word_1_188' title='bbox 1535 1626 1619 1693; x_wconf 88' lang='lat' dir='ltr'>atque</span> <span class='ocrx_word' id='word_1_189' title='bbox 1628 1621 1769 1692; x_wconf 88' lang='lat' dir='ltr'>justitiam</span> <span class='ocrx_word' id='word_1_190' title='bbox 1779 1621 1817 1676; x_wconf 96' lang='lat' dir='ltr'>le-</span> 
     </span>
     <span class='ocr_line' id='line_1_16' title="bbox 131 1712 1816 1787; baseline 0.002 -20"><span class='ocrx_word' id='word_1_191' title='bbox 131 1728 222 1785; x_wconf 86' lang='lat' dir='ltr'>quam</span> <span class='ocrx_word' id='word_1_192' title='bbox 239 1712 270 1766; x_wconf 93' lang='lat' dir='ltr'>in</span> <span class='ocrx_word' id='word_1_193' title='bbox 285 1713 461 1768; x_wconf 87' lang='lat' dir='ltr'>conscientiis</span> <span class='ocrx_word' id='word_1_194' title='bbox 476 1712 634 1783; x_wconf 82' lang='lat' dir='ltr'>offerentes,</span> <span class='ocrx_word' id='word_1_195' title='bbox 649 1713 679 1768; x_wconf 93' lang='lat' dir='ltr'>in</span> <span class='ocrx_word' id='word_1_196' title='bbox 691 1713 753 1768; x_wconf 87' lang='lat' dir='ltr'>euri</span> <span class='ocrx_word' id='word_1_197' title='bbox 765 1730 895 1784; x_wconf 89' lang='lat' dir='ltr'>munere,</span> <span class='ocrx_word' id='word_1_198' title='bbox 910 1728 952 1768; x_wconf 91' lang='lat' dir='ltr'>re·</span> <span class='ocrx_word' id='word_1_199' title='bbox 1001 1714 1148 1787; x_wconf 74' lang='lat' dir='ltr'>sejugum</span> <span class='ocrx_word' id='word_1_200' title='bbox 1160 1714 1264 1770; x_wconf 87' lang='lat' dir='ltr'>Christi</span> <span class='ocrx_word' id='word_1_201' title='bbox 1282 1715 1424 1787; x_wconf 88' lang='lat' dir='ltr'>suscipere</span> <span class='ocrx_word' id='word_1_202' title='bbox 1436 1714 1612 1770; x_wconf 82' lang='lat' dir='ltr'>festinemus.</span> <span class='ocrx_word' id='word_1_203' title='bbox 1633 1714 1756 1770; x_wconf 82' lang='lat' dir='ltr'>Pervius</span> <span class='ocrx_word' id='word_1_204' title='bbox 1773 1714 1816 1770; x_wconf 89' lang='lat' dir='ltr'>in-</span> 
     </span>
     <span class='ocr_line' id='line_1_17' title="bbox 134 1783 1818 1881; baseline 0.002 -22"><span class='ocrx_word' id='word_1_205' title='bbox 134 1805 181 1878; x_wconf 91' lang='lat' dir='ltr'>gia</span> <span class='ocrx_word' id='word_1_206' title='bbox 204 1804 338 1877; x_wconf 87' lang='lat' dir='ltr'>dignitas,</span> <span class='ocrx_word' id='word_1_207' title='bbox 355 1807 385 1860; x_wconf 92' lang='lat' dir='ltr'>in</span> <span class='ocrx_word' id='word_1_208' title='bbox 404 1806 497 1861; x_wconf 90' lang='lat' dir='ltr'>thuris</span> <span class='ocrx_word' id='word_1_209' title='bbox 511 1822 625 1878; x_wconf 76' lang='lat' dir='ltr'>vapore,</span> <span class='ocrx_word' id='word_1_210' title='bbox 644 1805 740 1861; x_wconf 85' lang='lat' dir='ltr'>divina</span> <span class='ocrx_word' id='word_1_211' title='bbox 759 1806 900 1878; x_wconf 84' lang='lat' dir='ltr'>majestas.</span> <span class='ocrx_word' id='word_1_212' title='bbox 920 1783 990 1862; x_wconf 84' lang='lat' dir='ltr'>1nB</span> <span class='ocrx_word' id='word_1_213' title='bbox 1001 1807 1141 1864; x_wconf 82' lang='lat' dir='ltr'>fidelitatis</span> <span class='ocrx_word' id='word_1_214' title='bbox 1149 1813 1233 1880; x_wconf 83' lang='lat' dir='ltr'>atque</span> <span class='ocrx_word' id='word_1_215' title='bbox 1240 1809 1373 1881; x_wconf 86' lang='lat' dir='ltr'>nequitiae</span> <span class='ocrx_word' id='word_1_216' title='bbox 1380 1807 1644 1864; x_wconf 85' lang='lat' dir='ltr'>diaholoinieliciter</span> <span class='ocrx_word' id='word_1_217' title='bbox 1653 1808 1818 1877; x_wconf 87' lang='lat' dir='ltr'>servientes,</span> 
     </span>
     <span class='ocr_line' id='line_1_18' title="bbox 133 1899 1820 1974; baseline 0.001 -19"><span class='ocrx_word' id='word_1_218' title='bbox 133 1899 261 1972; x_wconf 79' lang='lat' dir='ltr'>myrrhae</span> <span class='ocrx_word' id='word_1_219' title='bbox 276 1900 367 1971; x_wconf 89' lang='lat' dir='ltr'>specie</span> <span class='ocrx_word' id='word_1_220' title='bbox 383 1899 542 1972; x_wconf 92' lang='lat' dir='ltr'>sepelienda</span> <span class='ocrx_word' id='word_1_221' title='bbox 555 1900 764 1956; x_wconf 89' lang='lat' dir='ltr'>demonstratur</span> <span class='ocrx_word' id='word_1_222' title='bbox 777 1900 951 1955; x_wconf 86' lang='lat' dir='ltr'>humanitus.</span> <span class='ocrx_word' id='word_1_223' title='bbox 1002 1901 1037 1957; x_wconf 87' lang='lat' dir='ltr'>ab</span> <span class='ocrx_word' id='word_1_224' title='bbox 1049 1902 1216 1974; x_wconf 90' lang='lat' dir='ltr'>angelorum</span> <span class='ocrx_word' id='word_1_225' title='bbox 1225 1903 1357 1958; x_wconf 90' lang='lat' dir='ltr'>societate</span> <span class='ocrx_word' id='word_1_226' title='bbox 1367 1902 1556 1972; x_wconf 89' lang='lat' dir='ltr'>discessimus,</span> <span class='ocrx_word' id='word_1_227' title='bbox 1567 1902 1820 1973; x_wconf 84' lang='lat' dir='ltr'>perviasbonitatis</span> 
     </span>
     <span class='ocr_line' id='line_1_19' title="bbox 135 1993 1818 2068; baseline 0 -18"><span class='ocrx_word' id='word_1_228' title='bbox 135 1994 174 2050; x_wconf 68' lang='lat' dir='ltr'>dc</span> <span class='ocrx_word' id='word_1_229' title='bbox 189 1995 229 2048; x_wconf 90' lang='lat' dir='ltr'>sic</span> <span class='ocrx_word' id='word_1_230' title='bbox 240 1993 406 2048; x_wconf 78' lang='lat' dir='ltr'>&#39;trinitatem</span> <span class='ocrx_word' id='word_1_231' title='bbox 420 1993 568 2049; x_wconf 90' lang='lat' dir='ltr'>oblationis</span> <span class='ocrx_word' id='word_1_232' title='bbox 582 2009 720 2049; x_wconf 89' lang='lat' dir='ltr'>numerus</span> <span class='ocrx_word' id='word_1_233' title='bbox 734 1993 871 2066; x_wconf 89' lang='lat' dir='ltr'>loquitur,</span> <span class='ocrx_word' id='word_1_234' title='bbox 886 1993 952 2048; x_wconf 92' lang='lat' dir='ltr'>nni·</span> <span class='ocrx_word' id='word_1_235' title='bbox 1002 2012 1035 2050; x_wconf 91' lang='lat' dir='ltr'>ac</span> <span class='ocrx_word' id='word_1_236' title='bbox 1047 1994 1112 2050; x_wconf 90' lang='lat' dir='ltr'>fidei</span> <span class='ocrx_word' id='word_1_237' title='bbox 1120 1996 1211 2051; x_wconf 89' lang='lat' dir='ltr'>redire</span> <span class='ocrx_word' id='word_1_238' title='bbox 1223 1996 1260 2051; x_wconf 90' lang='lat' dir='ltr'>ad</span> <span class='ocrx_word' id='word_1_239' title='bbox 1272 1996 1427 2068; x_wconf 90' lang='lat' dir='ltr'>principale</span> <span class='ocrx_word' id='word_1_240' title='bbox 1451 1996 1623 2052; x_wconf 90' lang='lat' dir='ltr'>studeamus.</span> <span class='ocrx_word' id='word_1_241' title='bbox 1647 1995 1675 2051; x_wconf 91' lang='lat' dir='ltr'>Si</span> <span class='ocrx_word' id='word_1_242' title='bbox 1698 1996 1751 2050; x_wconf 88' lang='lat' dir='ltr'>hoc</span> <span class='ocrx_word' id='word_1_243' title='bbox 1771 2012 1818 2050; x_wconf 89' lang='lat' dir='ltr'>or-</span> 
     </span>
     <span class='ocr_line' id='line_1_20' title="bbox 133 2086 1820 2165; baseline 0.002 -22"><span class='ocrx_word' id='word_1_244' title='bbox 133 2092 225 2143; x_wconf 89' lang='lat' dir='ltr'>tatem</span> <span class='ocrx_word' id='word_1_245' title='bbox 239 2087 349 2142; x_wconf 85' lang='lat' dir='ltr'>devotio</span> <span class='ocrx_word' id='word_1_246' title='bbox 363 2103 420 2142; x_wconf 92' lang='lat' dir='ltr'>nna</span> <span class='ocrx_word' id='word_1_247' title='bbox 435 2091 554 2143; x_wconf 87' lang='lat' dir='ltr'>testetur</span> <span class='ocrx_word' id='word_1_248' title='bbox 561 2105 570 2157; x_wconf 92' lang='lat'>;</span> <span class='ocrx_word' id='word_1_249' title='bbox 583 2104 616 2143; x_wconf 91' lang='lat' dir='ltr'>ac</span> <span class='ocrx_word' id='word_1_250' title='bbox 627 2103 679 2159; x_wconf 94' lang='grc' dir='ltr'>ρετ</span> <span class='ocrx_word' id='word_1_251' title='bbox 692 2087 757 2158; x_wconf 90' lang='lat' dir='ltr'>hoc,</span> <span class='ocrx_word' id='word_1_252' title='bbox 771 2086 851 2160; x_wconf 83' lang='lat' dir='ltr'>vigili</span> <span class='ocrx_word' id='word_1_253' title='bbox 863 2087 955 2142; x_wconf 91' lang='lat' dir='ltr'>iuten·</span> <span class='ocrx_word' id='word_1_254' title='bbox 1004 2092 1070 2148; x_wconf 89' lang='lat' dir='ltr'>dine</span> <span class='ocrx_word' id='word_1_255' title='bbox 1085 2093 1143 2147; x_wconf 90' lang='lat' dir='ltr'>vias</span> <span class='ocrx_word' id='word_1_256' title='bbox 1158 2093 1319 2148; x_wconf 86' lang='lat' dir='ltr'>mortiferas</span> <span class='ocrx_word' id='word_1_257' title='bbox 1328 2093 1531 2165; x_wconf 89' lang='lat' dir='ltr'>relinquentes,</span> <span class='ocrx_word' id='word_1_258' title='bbox 1558 2093 1616 2149; x_wconf 84' lang='lat' dir='ltr'>vias</span> <span class='ocrx_word' id='word_1_259' title='bbox 1639 2093 1704 2148; x_wconf 73' lang='lat' dir='ltr'>vitae</span> <span class='ocrx_word' id='word_1_260' title='bbox 1723 2097 1820 2148; x_wconf 85' lang='lat' dir='ltr'>tenere</span> 
     </span>
     <span class='ocr_line' id='line_1_21' title="bbox 134 2180 1819 2259; baseline 0.003 -23"><span class='ocrx_word' id='word_1_261' title='bbox 134 2180 213 2237; x_wconf 74' lang='lat' dir='ltr'>bone</span> <span class='ocrx_word' id='word_1_262' title='bbox 227 2180 319 2235; x_wconf 89' lang='lat' dir='ltr'>cordis</span> <span class='ocrx_word' id='word_1_263' title='bbox 334 2180 436 2236; x_wconf 88' lang='lat' dir='ltr'>coelum</span> <span class='ocrx_word' id='word_1_264' title='bbox 451 2181 614 2236; x_wconf 87' lang='lat' dir='ltr'>studeamus</span> <span class='ocrx_word' id='word_1_265' title='bbox 627 2181 763 2252; x_wconf 91' lang='lat' dir='ltr'>aspicere,</span> <span class='ocrx_word' id='word_1_266' title='bbox 774 2180 797 2235; x_wconf 89' lang='lat' dir='ltr'>si</span> <span class='ocrx_word' id='word_1_267' title='bbox 812 2181 849 2236; x_wconf 94' lang='lat' dir='ltr'>ad</span> <span class='ocrx_word' id='word_1_268' title='bbox 872 2180 953 2237; x_wconf 90' lang='lat' dir='ltr'>Chri·</span> <span class='ocrx_word' id='word_1_269' title='bbox 1004 2186 1188 2255; x_wconf 78' lang='lat' dir='ltr'>voluerimus,</span> <span class='ocrx_word' id='word_1_270' title='bbox 1203 2187 1238 2242; x_wconf 90' lang='lat' dir='ltr'>de</span> <span class='ocrx_word' id='word_1_271' title='bbox 1251 2188 1364 2243; x_wconf 87' lang='lat' dir='ltr'>sinistra</span> <span class='ocrx_word' id='word_1_272' title='bbox 1377 2188 1505 2242; x_wconf 87' lang='lat' dir='ltr'>translati</span> <span class='ocrx_word' id='word_1_273' title='bbox 1516 2188 1553 2243; x_wconf 90' lang='lat' dir='ltr'>ad</span> <span class='ocrx_word' id='word_1_274' title='bbox 1569 2188 1707 2258; x_wconf 82' lang='lat' dir='ltr'>dextram,</span> <span class='ocrx_word' id='word_1_275' title='bbox 1718 2204 1819 2259; x_wconf 90' lang='lat' dir='ltr'>mago·</span> 
     </span>
     <span class='ocr_line' id='line_1_22' title="bbox 127 2274 1819 2354; baseline 0.002 -22"><span class='ocrx_word' id='word_1_276' title='bbox 127 2279 212 2347; x_wconf 70' lang='lat' dir='ltr'>atum</span> <span class='ocrx_word' id='word_1_277' title='bbox 225 2274 355 2345; x_wconf 84' lang='lat' dir='ltr'>cupimus</span> <span class='ocrx_word' id='word_1_278' title='bbox 367 2275 525 2346; x_wconf 78' lang='lat' dir='ltr'>pervenire·</span> <span class='ocrx_word' id='word_1_279' title='bbox 542 2275 649 2347; x_wconf 79' lang='lat' dir='ltr'>Dirigat</span> <span class='ocrx_word' id='word_1_280' title='bbox 666 2275 746 2329; x_wconf 78' lang='lat' dir='ltr'>nobis</span> <span class='ocrx_word' id='word_1_281' title='bbox 768 2274 884 2330; x_wconf 74' lang='lat' dir='ltr'>semitas</span> <span class='ocrx_word' id='word_1_282' title='bbox 903 2274 955 2330; x_wconf 77' lang='lat' dir='ltr'>viae</span> <span class='ocrx_word' id='word_1_283' title='bbox 1004 2297 1070 2336; x_wconf 89' lang='lat' dir='ltr'>rum</span> <span class='ocrx_word' id='word_1_284' title='bbox 1081 2280 1185 2336; x_wconf 90' lang='lat' dir='ltr'>itinera</span> <span class='ocrx_word' id='word_1_285' title='bbox 1206 2282 1327 2337; x_wconf 85' lang='lat' dir='ltr'>fideliter</span> <span class='ocrx_word' id='word_1_286' title='bbox 1345 2299 1376 2336; x_wconf 91' lang='lat' dir='ltr'>ac</span> <span class='ocrx_word' id='word_1_287' title='bbox 1397 2281 1517 2337; x_wconf 76' lang='lat' dir='ltr'>feliciter</span> <span class='ocrx_word' id='word_1_288' title='bbox 1535 2298 1686 2354; x_wconf 88' lang='lat' dir='ltr'>possumus</span> <span class='ocrx_word' id='word_1_289' title='bbox 1705 2281 1819 2336; x_wconf 90' lang='lat' dir='ltr'>imitari.</span> 
     </span>
     <span class='ocr_line' id='line_1_23' title="bbox 134 2367 1823 2446; baseline 0.003 -22"><span class='ocrx_word' id='word_1_290' title='bbox 134 2368 275 2442; x_wconf 82' lang='lat' dir='ltr'>perlectas</span> <span class='ocrx_word' id='word_1_291' title='bbox 287 2368 366 2423; x_wconf 88' lang='lat' dir='ltr'>stella</span> <span class='ocrx_word' id='word_1_292' title='bbox 373 2368 503 2440; x_wconf 73' lang='lat' dir='ltr'>justitiae.</span> <span class='ocrx_word' id='word_1_293' title='bbox 514 2367 555 2435; x_wconf 85' lang='lat' dir='ltr'>Ei,</span> <span class='ocrx_word' id='word_1_294' title='bbox 567 2368 616 2440; x_wconf 89' lang='lat' dir='ltr'>qui</span> <span class='ocrx_word' id='word_1_295' title='bbox 630 2368 700 2424; x_wconf 87' lang='lat' dir='ltr'>dixit</span> <span class='ocrx_word' id='word_1_296' title='bbox 713 2384 720 2423; x_wconf 74' lang='grc' dir='ltr'>ε</span> <span class='ocrx_word' id='word_1_297' title='bbox 735 2368 797 2426; x_wconf 85' lang='lat' dir='ltr'>Non</span> <span class='ocrx_word' id='word_1_298' title='bbox 812 2369 956 2438; x_wconf 82' lang='lat' dir='ltr'>apparebis</span> <span class='ocrx_word' id='word_1_299' title='bbox 1003 2373 1057 2439; x_wconf 84' lang='lat' dir='ltr'>Qui</span> <span class='ocrx_word' id='word_1_300' title='bbox 1071 2374 1150 2446; x_wconf 91' lang='lat' dir='ltr'>prius</span> <span class='ocrx_word' id='word_1_301' title='bbox 1165 2374 1272 2442; x_wconf 75' lang='lat' dir='ltr'>solebat</span> <span class='ocrx_word' id='word_1_302' title='bbox 1288 2392 1333 2431; x_wconf 89' lang='lat' dir='ltr'>res</span> <span class='ocrx_word' id='word_1_303' title='bbox 1352 2375 1458 2431; x_wconf 86' lang='lat' dir='ltr'>alienas</span> <span class='ocrx_word' id='word_1_304' title='bbox 1478 2376 1590 2444; x_wconf 90' lang='lat' dir='ltr'>tollere,</span> <span class='ocrx_word' id='word_1_305' title='bbox 1616 2379 1645 2431; x_wconf 91' lang='lat' dir='ltr'>et</span> <span class='ocrx_word' id='word_1_306' title='bbox 1658 2392 1734 2430; x_wconf 90' lang='lat' dir='ltr'>nunc</span> <span class='ocrx_word' id='word_1_307' title='bbox 1758 2391 1823 2430; x_wconf 88' lang='lat' dir='ltr'>snas</span> 
     </span>
     <span class='ocr_line' id='line_1_24' title="bbox 134 2465 1823 2542; baseline 0.001 -20"><span class='ocrx_word' id='word_1_308' title='bbox 134 2469 164 2522; x_wconf 79' lang='lat' dir='ltr'>ta</span> <span class='ocrx_word' id='word_1_309' title='bbox 179 2471 322 2538; x_wconf 79' lang='lat' dir='ltr'>conspeetu</span> <span class='ocrx_word' id='word_1_310' title='bbox 333 2482 401 2522; x_wconf 51' lang='lat' dir='ltr'>meo¹</span> <span class='ocrx_word' id='word_1_311' title='bbox 414 2482 515 2522; x_wconf 84' lang='lat' dir='ltr'>uacuus</span> <span class='ocrx_word' id='word_1_312' title='bbox 534 2467 631 2538; x_wconf 83' lang='lat' dir='ltr'>(Ecod.</span> <span class='ocrx_word' id='word_1_313' title='bbox 652 2467 728 2539; x_wconf 85' lang='lat' dir='ltr'>xxm)</span> <span class='ocrx_word' id='word_1_314' title='bbox 748 2465 909 2536; x_wconf 81' lang='lat' dir='ltr'>offeramus,</span> <span class='ocrx_word' id='word_1_315' title='bbox 929 2470 957 2522; x_wconf 89' lang='lat' dir='ltr'>et</span> <span class='ocrx_word' id='word_1_316' title='bbox 1005 2468 1122 2540; x_wconf 90' lang='lat' dir='ltr'>coeperit</span> <span class='ocrx_word' id='word_1_317' title='bbox 1134 2468 1354 2525; x_wconf 82' lang='lat' dir='ltr'>misericorditer</span> <span class='ocrx_word' id='word_1_318' title='bbox 1371 2486 1500 2542; x_wconf 87' lang='lat' dir='ltr'>erogare,</span> <span class='ocrx_word' id='word_1_319' title='bbox 1514 2486 1572 2525; x_wconf 93' lang='lat' dir='ltr'>non</span> <span class='ocrx_word' id='word_1_320' title='bbox 1585 2469 1635 2525; x_wconf 92' lang='lat' dir='ltr'>tibi</span> <span class='ocrx_word' id='word_1_321' title='bbox 1648 2469 1758 2525; x_wconf 86' lang='lat' dir='ltr'>videtur</span> <span class='ocrx_word' id='word_1_322' title='bbox 1772 2486 1823 2540; x_wconf 90' lang='lat' dir='ltr'>per</span> 
     </span>
     <span class='ocr_line' id='line_1_25' title="bbox 135 2562 1829 2636; baseline -0.002 -14"><span class='ocrx_word' id='word_1_323' title='bbox 135 2581 191 2622; x_wconf 87' lang='lat' dir='ltr'>nos</span> <span class='ocrx_word' id='word_1_324' title='bbox 213 2565 317 2620; x_wconf 75' lang='lat' dir='ltr'>auium</span> <span class='ocrx_word' id='word_1_325' title='bbox 340 2562 416 2633; x_wconf 88' lang='lat' dir='ltr'>lidei,</span> <span class='ocrx_word' id='word_1_326' title='bbox 440 2563 550 2636; x_wconf 85' lang='lat' dir='ltr'>pietatis</span> <span class='ocrx_word' id='word_1_327' title='bbox 567 2568 703 2635; x_wconf 87' lang='lat' dir='ltr'>aromata,</span> <span class='ocrx_word' id='word_1_328' title='bbox 726 2564 861 2620; x_wconf 88' lang='lat' dir='ltr'>castitatis</span> <span class='ocrx_word' id='word_1_329' title='bbox 881 2565 958 2619; x_wconf 92' lang='lat' dir='ltr'>holo·</span> <span class='ocrx_word' id='word_1_330' title='bbox 1006 2562 1093 2617; x_wconf 89' lang='lat' dir='ltr'>aliam</span> <span class='ocrx_word' id='word_1_331' title='bbox 1104 2563 1180 2617; x_wconf 80' lang='lat' dir='ltr'>viam</span> <span class='ocrx_word' id='word_1_332' title='bbox 1195 2563 1345 2633; x_wconf 88' lang='lat' dir='ltr'>incedere;</span> <span class='ocrx_word' id='word_1_333' title='bbox 1360 2563 1410 2636; x_wconf 82' lang='lat' dir='ltr'>qui</span> <span class='ocrx_word' id='word_1_334' title='bbox 1422 2564 1478 2621; x_wconf 88' lang='lat' dir='ltr'>luit</span> <span class='ocrx_word' id='word_1_335' title='bbox 1491 2565 1611 2633; x_wconf 91' lang='lat' dir='ltr'>adulter,</span> <span class='ocrx_word' id='word_1_336' title='bbox 1626 2568 1654 2619; x_wconf 91' lang='lat' dir='ltr'>et</span> <span class='ocrx_word' id='word_1_337' title='bbox 1668 2566 1829 2634; x_wconf 60' lang='lat' dir='ltr'>estcastnsg</span> 
     </span>
     <span class='ocr_line' id='line_1_26' title="bbox 137 2654 1824 2731; baseline -0.002 -17"><span class='ocrx_word' id='word_1_338' title='bbox 137 2663 244 2729; x_wconf 85' lang='lat' dir='ltr'>causta,</span> <span class='ocrx_word' id='word_1_339' title='bbox 255 2658 409 2731; x_wconf 91' lang='lat' dir='ltr'>spiritalem</span> <span class='ocrx_word' id='word_1_340' title='bbox 421 2674 534 2730; x_wconf 79' lang='lat' dir='ltr'>quoque</span> <span class='ocrx_word' id='word_1_341' title='bbox 542 2657 689 2730; x_wconf 81' lang='lat' dir='ltr'>myrrham</span> <span class='ocrx_word' id='word_1_342' title='bbox 701 2657 857 2713; x_wconf 87' lang='lat' dir='ltr'>habeamus</span> <span class='ocrx_word' id='word_1_343' title='bbox 869 2657 899 2712; x_wconf 93' lang='lat' dir='ltr'>in</span> <span class='ocrx_word' id='word_1_344' title='bbox 909 2674 958 2712; x_wconf 89' lang='lat' dir='ltr'>no·</span> <span class='ocrx_word' id='word_1_345' title='bbox 1006 2656 1123 2728; x_wconf 71' lang='lat' dir='ltr'>quiduit</span> <span class='ocrx_word' id='word_1_346' title='bbox 1137 2656 1273 2725; x_wconf 89' lang='lat' dir='ltr'>ebriosus,</span> <span class='ocrx_word' id='word_1_347' title='bbox 1288 2661 1316 2712; x_wconf 89' lang='lat' dir='ltr'>et</span> <span class='ocrx_word' id='word_1_348' title='bbox 1329 2662 1371 2713; x_wconf 90' lang='lat' dir='ltr'>est</span> <span class='ocrx_word' id='word_1_349' title='bbox 1386 2654 1511 2724; x_wconf 88' lang='lat' dir='ltr'>sobrius‚·</span> <span class='ocrx_word' id='word_1_350' title='bbox 1526 2658 1575 2729; x_wconf 90' lang='lat' dir='ltr'>qui</span> <span class='ocrx_word' id='word_1_351' title='bbox 1588 2657 1694 2712; x_wconf 85' lang='lat' dir='ltr'>solebat</span> <span class='ocrx_word' id='word_1_352' title='bbox 1706 2656 1824 2712; x_wconf 87' lang='lat' dir='ltr'>maledi·</span> 
     </span>
     <span class='ocr_line' id='line_1_27' title="bbox 135 2749 1822 2824; baseline -0.003 -15"><span class='ocrx_word' id='word_1_353' title='bbox 135 2752 191 2823; x_wconf 91' lang='lat' dir='ltr'>bis,</span> <span class='ocrx_word' id='word_1_354' title='bbox 214 2769 278 2824; x_wconf 79' lang='lat' dir='ltr'>quae</span> <span class='ocrx_word' id='word_1_355' title='bbox 302 2751 342 2807; x_wconf 91' lang='lat' dir='ltr'>ita</span> <span class='ocrx_word' id='word_1_356' title='bbox 368 2751 477 2807; x_wconf 88' lang='lat' dir='ltr'>animas</span> <span class='ocrx_word' id='word_1_357' title='bbox 499 2756 608 2807; x_wconf 91' lang='lat' dir='ltr'>nostras</span> <span class='ocrx_word' id='word_1_358' title='bbox 632 2752 754 2820; x_wconf 89' lang='lat' dir='ltr'>condiat,</span> <span class='ocrx_word' id='word_1_359' title='bbox 773 2756 806 2807; x_wconf 93' lang='lat' dir='ltr'>ut</span> <span class='ocrx_word' id='word_1_360' title='bbox 824 2751 922 2806; x_wconf 85' lang='lat' dir='ltr'>illaesas</span> <span class='ocrx_word' id='word_1_361' title='bbox 941 2768 957 2806; x_wconf 92' lang='lat' dir='ltr'>a</span> <span class='ocrx_word' id='word_1_362' title='bbox 1006 2766 1079 2822; x_wconf 89' lang='lat' dir='ltr'>cere,</span> <span class='ocrx_word' id='word_1_363' title='bbox 1103 2756 1131 2806; x_wconf 91' lang='lat' dir='ltr'>et</span> <span class='ocrx_word' id='word_1_364' title='bbox 1150 2749 1291 2806; x_wconf 83' lang='lat' dir='ltr'>benedicit</span> <span class='ocrx_word' id='word_1_365' title='bbox 1297 2767 1306 2819; x_wconf 79' lang='lat'>3</span> <span class='ocrx_word' id='word_1_366' title='bbox 1328 2751 1378 2821; x_wconf 88' lang='lat' dir='ltr'>qui</span> <span class='ocrx_word' id='word_1_367' title='bbox 1394 2750 1487 2805; x_wconf 87' lang='lat' dir='ltr'>luerat</span> <span class='ocrx_word' id='word_1_368' title='bbox 1501 2751 1622 2820; x_wconf 80' lang='lat' dir='ltr'>invidus,</span> <span class='ocrx_word' id='word_1_369' title='bbox 1645 2755 1674 2805; x_wconf 90' lang='lat' dir='ltr'>et</span> <span class='ocrx_word' id='word_1_370' title='bbox 1687 2754 1730 2805; x_wconf 90' lang='lat' dir='ltr'>est</span> <span class='ocrx_word' id='word_1_371' title='bbox 1743 2750 1822 2805; x_wconf 91' lang='lat' dir='ltr'>beni-</span> 
     </span>
     <span class='ocr_line' id='line_1_28' title="bbox 136 2843 1822 2919; baseline -0.002 -17"><span class='ocrx_word' id='word_1_372' title='bbox 136 2847 247 2919; x_wconf 88' lang='lat' dir='ltr'>peccati</span> <span class='ocrx_word' id='word_1_373' title='bbox 259 2845 438 2918; x_wconf 88' lang='lat' dir='ltr'>corruptione</span> <span class='ocrx_word' id='word_1_374' title='bbox 451 2845 597 2901; x_wconf 88' lang='lat' dir='ltr'>custodiat.</span> <span class='ocrx_word' id='word_1_375' title='bbox 611 2846 749 2902; x_wconf 89' lang='lat' dir='ltr'>ldutemus</span> <span class='ocrx_word' id='word_1_376' title='bbox 761 2845 846 2916; x_wconf 87' lang='lat' dir='ltr'>viam,</span> <span class='ocrx_word' id='word_1_377' title='bbox 863 2846 886 2900; x_wconf 90' lang='lat' dir='ltr'>si</span> <span class='ocrx_word' id='word_1_378' title='bbox 896 2861 959 2916; x_wconf 92' lang='lat' dir='ltr'>per·</span> <span class='ocrx_word' id='word_1_379' title='bbox 1008 2860 1080 2916; x_wconf 92' lang='lat' dir='ltr'>gnus</span> <span class='ocrx_word' id='word_1_380' title='bbox 1094 2860 1100 2898; x_wconf 95' lang='lat'><strong>:</strong></span> <span class='ocrx_word' id='word_1_381' title='bbox 1118 2843 1231 2898; x_wconf 90' lang='lat' dir='ltr'>sienim</span> <span class='ocrx_word' id='word_1_382' title='bbox 1245 2843 1419 2899; x_wconf 75' lang='lat' dir='ltr'>orationibut</span> <span class='ocrx_word' id='word_1_383' title='bbox 1431 2844 1516 2899; x_wconf 90' lang='lat' dir='ltr'>simui</span> <span class='ocrx_word' id='word_1_384' title='bbox 1534 2843 1656 2900; x_wconf 91' lang='lat' dir='ltr'>ethonis</span> <span class='ocrx_word' id='word_1_385' title='bbox 1681 2843 1822 2915; x_wconf 88' lang='lat' dir='ltr'>operibus,</span> 
     </span>
     <span class='ocr_line' id='line_1_29' title="bbox 138 2937 1822 3012; baseline -0.002 -19"><span class='ocrx_word' id='word_1_386' title='bbox 138 2941 238 2997; x_wconf 77' lang='lat' dir='ltr'>venire</span> <span class='ocrx_word' id='word_1_387' title='bbox 252 2945 381 3012; x_wconf 90' lang='lat' dir='ltr'>optamus</span> <span class='ocrx_word' id='word_1_388' title='bbox 391 2940 425 2995; x_wconf 93' lang='lat' dir='ltr'>ad</span> <span class='ocrx_word' id='word_1_389' title='bbox 436 2939 567 3011; x_wconf 90' lang='lat' dir='ltr'>patriam,</span> <span class='ocrx_word' id='word_1_390' title='bbox 582 2940 616 2994; x_wconf 91' lang='lat' dir='ltr'>ad</span> <span class='ocrx_word' id='word_1_391' title='bbox 631 2939 753 3012; x_wconf 89' lang='lat' dir='ltr'>patriam</span> <span class='ocrx_word' id='word_1_392' title='bbox 765 2939 864 3011; x_wconf 88' lang='lat' dir='ltr'>utique</span> <span class='ocrx_word' id='word_1_393' title='bbox 878 2940 957 2994; x_wconf 86' lang='lat' dir='ltr'>coelo·</span> <span class='ocrx_word' id='word_1_394' title='bbox 1007 2937 1063 2992; x_wconf 87' lang='lat' dir='ltr'>Deo</span> <span class='ocrx_word' id='word_1_395' title='bbox 1077 2937 1241 3008; x_wconf 87' lang='lat' dir='ltr'>auxiliante,</span> <span class='ocrx_word' id='word_1_396' title='bbox 1263 2937 1463 2993; x_wconf 87' lang='lat' dir='ltr'>contendimus</span> <span class='ocrx_word' id='word_1_397' title='bbox 1481 2937 1535 2992; x_wconf 90' lang='lat' dir='ltr'>hoc</span> <span class='ocrx_word' id='word_1_398' title='bbox 1549 2938 1648 2993; x_wconf 90' lang='lat' dir='ltr'>ordine</span> <span class='ocrx_word' id='word_1_399' title='bbox 1663 2937 1822 2993; x_wconf 82' lang='lat' dir='ltr'>conversio-</span> 
     </span>
     <span class='ocr_line' id='line_1_30' title="bbox 139 3017 1825 3105; baseline -0.002 -15"><span class='ocrx_word' id='word_1_400' title='bbox 139 3039 224 3090; x_wconf 78' lang='lat' dir='ltr'>stem.</span> <span class='ocrx_word' id='word_1_401' title='bbox 241 3037 278 3089; x_wconf 81' lang='lat' dir='ltr'>hc</span> <span class='ocrx_word' id='word_1_402' title='bbox 292 3035 316 3088; x_wconf 91' lang='lat' dir='ltr'>si</span> <span class='ocrx_word' id='word_1_403' title='bbox 335 3035 411 3089; x_wconf 91' lang='lat' dir='ltr'>inter</span> <span class='ocrx_word' id='word_1_404' title='bbox 427 3038 580 3105; x_wconf 88' lang='lat' dir='ltr'>utrumque</span> <span class='ocrx_word' id='word_1_405' title='bbox 599 3034 812 3103; x_wconf 90' lang='lat' dir='ltr'>commercium,</span> <span class='ocrx_word' id='word_1_406' title='bbox 832 3037 865 3089; x_wconf 91' lang='lat' dir='ltr'>ut</span> <span class='ocrx_word' id='word_1_407' title='bbox 883 3032 959 3088; x_wconf 92' lang='lat' dir='ltr'>illius</span> <span class='ocrx_word' id='word_1_408' title='bbox 1008 3047 1080 3086; x_wconf 94' lang='lat' dir='ltr'>num</span> <span class='ocrx_word' id='word_1_409' title='bbox 1103 3036 1266 3086; x_wconf 89' lang='lat' dir='ltr'>nostrarum</span> <span class='ocrx_word' id='word_1_410' title='bbox 1285 3031 1389 3087; x_wconf 89' lang='lat' dir='ltr'>itinera</span> <span class='ocrx_word' id='word_1_411' title='bbox 1411 3031 1440 3086; x_wconf 95' lang='lat' dir='ltr'>in</span> <span class='ocrx_word' id='word_1_412' title='bbox 1467 3031 1569 3086; x_wconf 90' lang='lat' dir='ltr'>melius</span> <span class='ocrx_word' id='word_1_413' title='bbox 1587 3017 1774 3100; x_wconf 82' lang='lat' dir='ltr'>commutare,</span> <span class='ocrx_word' id='word_1_414' title='bbox 1790 3032 1825 3086; x_wconf 85' lang='lat' dir='ltr'>ad</span> 
     </span>
     <span class='ocr_line' id='line_1_31' title="bbox 139 3123 1822 3201; baseline -0.003 -18"><span class='ocrx_word' id='word_1_415' title='bbox 139 3127 224 3184; x_wconf 90' lang='lat' dir='ltr'>nobis</span> <span class='ocrx_word' id='word_1_416' title='bbox 236 3128 437 3200; x_wconf 89' lang='lat' dir='ltr'>proprietatem</span> <span class='ocrx_word' id='word_1_417' title='bbox 451 3144 503 3182; x_wconf 90' lang='lat' dir='ltr'>usu</span> <span class='ocrx_word' id='word_1_418' title='bbox 516 3127 597 3182; x_wconf 91' lang='lat' dir='ltr'>istius</span> <span class='ocrx_word' id='word_1_419' title='bbox 616 3144 829 3201; x_wconf 80' lang='lat' dir='ltr'>comparemus3</span> <span class='ocrx_word' id='word_1_420' title='bbox 845 3127 884 3181; x_wconf 93' lang='lat' dir='ltr'>ita</span> <span class='ocrx_word' id='word_1_421' title='bbox 896 3126 953 3182; x_wconf 89' lang='lat' dir='ltr'>ela·</span> <span class='ocrx_word' id='word_1_422' title='bbox 1008 3129 1143 3180; x_wconf 81' lang='lat' dir='ltr'>aeternam</span> <span class='ocrx_word' id='word_1_423' title='bbox 1149 3123 1354 3180; x_wconf 89' lang='lat' dir='ltr'>beatitudinem</span> <span class='ocrx_word' id='word_1_424' title='bbox 1367 3125 1523 3197; x_wconf 90' lang='lat' dir='ltr'>poterimus</span> <span class='ocrx_word' id='word_1_425' title='bbox 1531 3125 1652 3181; x_wconf 79' lang='lat' dir='ltr'>feliciter</span> <span class='ocrx_word' id='word_1_426' title='bbox 1663 3125 1822 3196; x_wconf 80' lang='lat' dir='ltr'>pervenire.</span> 
     </span>
     <span class='ocr_line' id='line_1_32' title="bbox 138 3217 1827 3292; baseline -0.004 -14"><span class='ocrx_word' id='word_1_427' title='bbox 138 3221 287 3292; x_wconf 86' lang='lat' dir='ltr'>heremus,</span> <span class='ocrx_word' id='word_1_428' title='bbox 300 3225 333 3276; x_wconf 93' lang='lat' dir='ltr'>ut</span> <span class='ocrx_word' id='word_1_429' title='bbox 347 3221 422 3276; x_wconf 90' lang='lat' dir='ltr'>illius</span> <span class='ocrx_word' id='word_1_430' title='bbox 437 3219 683 3292; x_wconf 86' lang='lat' dir='ltr'>istasitpretium.</span> <span class='ocrx_word' id='word_1_431' title='bbox 1009 3219 1087 3284; x_wconf 83' lang='lat' dir='ltr'>Quod</span> <span class='ocrx_word' id='word_1_432' title='bbox 1108 3222 1242 3290; x_wconf 82' lang='lat' dir='ltr'>proestere</span> <span class='ocrx_word' id='word_1_433' title='bbox 1270 3218 1404 3290; x_wconf 89' lang='lat' dir='ltr'>dignetur</span> <span class='ocrx_word' id='word_1_434' title='bbox 1429 3219 1478 3290; x_wconf 91' lang='lat' dir='ltr'>qui</span> <span class='ocrx_word' id='word_1_435' title='bbox 1503 3235 1569 3274; x_wconf 88' lang='lat' dir='ltr'>curn</span> <span class='ocrx_word' id='word_1_436' title='bbox 1601 3220 1681 3273; x_wconf 85' lang='lat' dir='ltr'>Patre</span> <span class='ocrx_word' id='word_1_437' title='bbox 1714 3223 1743 3273; x_wconf 90' lang='lat' dir='ltr'>et</span> <span class='ocrx_word' id='word_1_438' title='bbox 1768 3217 1827 3289; x_wconf 89' lang='lat' dir='ltr'>Spi-</span> 
     </span>
    </p>

    <p class='ocr_par' dir='ltr' id='par_1_4' title="bbox 141 3311 1824 3480">
     <span class='ocr_line' id='line_1_33' title="bbox 180 3311 1824 3388; baseline -0.004 -18"><span class='ocrx_word' id='word_1_439' title='bbox 180 3316 359 3371; x_wconf 86' lang='lat' dir='ltr'>illudentem</span> <span class='ocrx_word' id='word_1_440' title='bbox 372 3315 448 3388; x_wconf 90' lang='lat' dir='ltr'>quod</span> <span class='ocrx_word' id='word_1_441' title='bbox 461 3315 500 3370; x_wconf 93' lang='lat' dir='ltr'>ait</span> <span class='ocrx_word' id='word_1_442' title='bbox 513 3314 702 3386; x_wconf 89' lang='lat' dir='ltr'>Evangelista,</span> <span class='ocrx_word' id='word_1_443' title='bbox 717 3331 817 3386; x_wconf 89' lang='lat' dir='ltr'>magos</span> <span class='ocrx_word' id='word_1_444' title='bbox 831 3314 959 3370; x_wconf 88' lang='lat' dir='ltr'>admoni·</span> <span class='ocrx_word' id='word_1_445' title='bbox 1010 3313 1068 3368; x_wconf 91' lang='lat' dir='ltr'>ritu</span> <span class='ocrx_word' id='word_1_446' title='bbox 1089 3316 1184 3387; x_wconf 85' lang='lat' dir='ltr'>sancto</span> <span class='ocrx_word' id='word_1_447' title='bbox 1209 3311 1277 3367; x_wconf 79' lang='lat' dir='ltr'>vivit</span> <span class='ocrx_word' id='word_1_448' title='bbox 1294 3317 1323 3367; x_wconf 92' lang='lat' dir='ltr'>et</span> <span class='ocrx_word' id='word_1_449' title='bbox 1344 3317 1446 3384; x_wconf 89' lang='lat' dir='ltr'>regnat</span> <span class='ocrx_word' id='word_1_450' title='bbox 1465 3312 1495 3366; x_wconf 92' lang='lat' dir='ltr'>in</span> <span class='ocrx_word' id='word_1_451' title='bbox 1517 3312 1621 3368; x_wconf 84' lang='lat' dir='ltr'>saeeula</span> <span class='ocrx_word' id='word_1_452' title='bbox 1647 3312 1824 3367; x_wconf 85' lang='lat' dir='ltr'>saeculorum.</span> 
     </span>
     <span class='ocr_line' id='line_1_34' title="bbox 141 3407 1112 3480; baseline -0.006 -14"><span class='ocrx_word' id='word_1_453' title='bbox 141 3415 187 3467; x_wconf 86' lang='lat' dir='ltr'>tos</span> <span class='ocrx_word' id='word_1_454' title='bbox 199 3426 259 3466; x_wconf 88' lang='lat' dir='ltr'>esse</span> <span class='ocrx_word' id='word_1_455' title='bbox 272 3409 303 3465; x_wconf 91' lang='lat' dir='ltr'>in</span> <span class='ocrx_word' id='word_1_456' title='bbox 318 3409 434 3479; x_wconf 90' lang='lat' dir='ltr'>somnis,</span> <span class='ocrx_word' id='word_1_457' title='bbox 449 3424 484 3464; x_wconf 91' lang='lat' dir='ltr'>ne</span> <span class='ocrx_word' id='word_1_458' title='bbox 500 3408 625 3464; x_wconf 91' lang='lat' dir='ltr'>redirent</span> <span class='ocrx_word' id='word_1_459' title='bbox 635 3407 671 3462; x_wconf 86' lang='lat' dir='ltr'>ad</span> <span class='ocrx_word' id='word_1_460' title='bbox 684 3408 833 3479; x_wconf 87' lang='lat' dir='ltr'>Herodem,</span> <span class='ocrx_word' id='word_1_461' title='bbox 848 3409 898 3464; x_wconf 92' lang='lat' dir='ltr'>sed</span> <span class='ocrx_word' id='word_1_462' title='bbox 911 3423 963 3480; x_wconf 89' lang='lat' dir='ltr'>per</span> <span class='ocrx_word' id='word_1_463' title='bbox 1012 3408 1112 3461; x_wconf 81' lang='lat' dir='ltr'>Amen.</span> 
     </span>
    </p>
   </div>
   <div class='ocr_carea' id='block_1_3' title="bbox 579 3745 1403 3889">
    <p class='ocr_par' dir='ltr' id='par_1_5' title="bbox 579 3745 1403 3889">
     <span class='ocr_line' id='line_1_35' title="bbox 579 3745 1403 3889; baseline 0 -1"><span class='ocrx_word' id='word_1_464' title='bbox 579 3746 1141 3889; x_wconf 83' lang='lat' dir='ltr'><strong>SERMONES</strong></span> <span class='ocrx_word' id='word_1_465' title='bbox 1187 3745 1403 3888; x_wconf 82' lang='lat' dir='ltr'>DUO</span> 
     </span>
    </p>
   </div>
   <div class='ocr_carea' id='block_1_4' title="bbox 215 3981 1764 4072">
    <p class='ocr_par' dir='ltr' id='par_1_6' title="bbox 215 3981 1764 4072">
     <span class='ocr_line' id='line_1_36' title="bbox 215 3981 1764 4072; baseline 0.002 -3"><span class='ocrx_word' id='word_1_466' title='bbox 215 3981 430 4071; x_wconf 75' lang='lat' dir='ltr'>SANCTO</span> <span class='ocrx_word' id='word_1_467' title='bbox 489 3983 704 4070; x_wconf 82' lang='lat' dir='ltr'><strong>SEDATO</strong></span> <span class='ocrx_word' id='word_1_468' title='bbox 763 3982 1135 4070; x_wconf 85' lang='lat' dir='ltr'><strong>BITTERRENSI</strong></span> <span class='ocrx_word' id='word_1_469' title='bbox 1189 3981 1463 4069; x_wconf 87' lang='lat' dir='ltr'>EPISCOPO</span> <span class='ocrx_word' id='word_1_470' title='bbox 1519 3983 1764 4072; x_wconf 89' lang='lat' dir='ltr'>TRIBUTI.</span> 
     </span>
    </p>
   </div>
   <div class='ocr_carea' id='block_1_5' title="bbox 770 4156 1206 4183">
    <p class='ocr_par' dir='ltr' id='par_1_7' title="bbox 770 4156 1206 4183">
     <span class='ocr_line' id='line_1_37' title="bbox 770 4156 1206 4183; baseline 0 -7"><span class='ocrx_word' id='word_1_471' title='bbox 770 4156 1206 4183; x_wconf 65' lang='grc'>--4-----</span> 
     </span>
    </p>
   </div>
   <div class='ocr_carea' id='block_1_6' title="bbox 274 4263 1711 4349">
    <p class='ocr_par' dir='ltr' id='par_1_8' title="bbox 274 4263 1711 4349">
     <span class='ocr_line' id='line_1_38' title="bbox 274 4263 1711 4349; baseline -0.001 -20"><span class='ocrx_word' id='word_1_472' title='bbox 274 4263 431 4346; x_wconf 75' lang='lat' dir='ltr'>(Exstant</span> <span class='ocrx_word' id='word_1_473' title='bbox 443 4265 502 4329; x_wconf 82' lang='lat' dir='ltr'>sub</span> <span class='ocrx_word' id='word_1_474' title='bbox 516 4267 647 4330; x_wconf 81' lang='lat' dir='ltr'>nomine</span> <span class='ocrx_word' id='word_1_475' title='bbox 661 4267 768 4330; x_wconf 83' lang='lat' dir='ltr'>sancti</span> <span class='ocrx_word' id='word_1_476' title='bbox 780 4267 976 4349; x_wconf 76' lang='lat' dir='ltr'>Augeotint&#39;,</span> <span class='ocrx_word' id='word_1_477' title='bbox 992 4266 1116 4331; x_wconf 84' lang='lat' dir='ltr'>Patrot.</span> <span class='ocrx_word' id='word_1_478' title='bbox 1133 4276 1210 4330; x_wconf 82' lang='lat' dir='ltr'>tom.</span> <span class='ocrx_word' id='word_1_479' title='bbox 1234 4267 1369 4349; x_wconf 83' lang='lat' dir='ltr'>V,part.</span> <span class='ocrx_word' id='word_1_480' title='bbox 1386 4285 1418 4341; x_wconf 87' lang='lat' dir='ltr'>n,</span> <span class='ocrx_word' id='word_1_481' title='bbox 1435 4265 1493 4329; x_wconf 85' lang='lat' dir='ltr'>cot.</span> <span class='ocrx_word' id='word_1_482' title='bbox 1511 4266 1711 4345; x_wconf 78' lang='lat' dir='ltr'>leel-1005.)</span> 
     </span>
    </p>
   </div>
   <div class='ocr_carea' id='block_1_7' title="bbox 152 4432 1829 4481">
    <p class='ocr_par' dir='ltr' id='par_1_9' title="bbox 152 4432 1829 4481">
     <span class='ocr_line' id='line_1_39' title="bbox 152 4432 1829 4481; baseline 0.002 -5"><span class='ocrx_word' id='word_1_483' title='bbox 152 4432 1829 4481; x_wconf 58' lang='lat' dir='ltr'>m</span> 
     </span>
    </p>
   </div>
   <div class='ocr_carea' id='block_1_8' title="bbox 841 4619 1161 4666">
    <p class='ocr_par' dir='ltr' id='par_1_10' title="bbox 841 4619 1161 4666">
     <span class='ocr_line' id='line_1_40' title="bbox 841 4619 1161 4666; baseline -0.006 -2"><span class='ocrx_word' id='word_1_484' title='bbox 841 4619 925 4665; x_wconf 75' lang='lat' dir='ltr'>ANNO</span> <span class='ocrx_word' id='word_1_485' title='bbox 946 4619 1056 4666; x_wconf 80' lang='lat' dir='ltr'>DOMINI</span> <span class='ocrx_word' id='word_1_486' title='bbox 1077 4620 1161 4665; x_wconf 83' lang='lat' dir='ltr'>DXCl.</span> 
     </span>
    </p>
   </div>
   <div class='ocr_carea' id='block_1_9' title="bbox 319 4761 1672 5004">
    <p class='ocr_par' dir='ltr' id='par_1_11' title="bbox 319 4761 1672 5004">
     <span class='ocr_line' id='line_1_41' title="bbox 319 4761 1672 5004; baseline 0.001 -34"><span class='ocrx_word' id='word_1_487' title='bbox 319 4762 946 4976; x_wconf 80' lang='lat' dir='ltr'>SANCTUS</span> <span class='ocrx_word' id='word_1_488' title='bbox 1022 4761 1672 5004; x_wconf 67' lang='lat' dir='ltr'>aureius,</span> 
     </span>
    </p>
   </div>
   <div class='ocr_carea' id='block_1_10' title="bbox 515 5057 1481 5530">
    <p class='ocr_par' dir='ltr' id='par_1_12' title="bbox 515 5057 1481 5530">
     <span class='ocr_line' id='line_1_42' title="bbox 797 5057 1178 5356; baseline 0.008 -43"><span class='ocrx_word' id='word_1_489' title='bbox 797 5057 1178 5356; x_wconf 69' lang='lat' dir='ltr'>turbiue,</span> 
     </span>
     <span class='ocr_line' id='line_1_43' title="bbox 515 5405 1481 5530; baseline -0.002 0"><span class='ocrx_word' id='word_1_490' title='bbox 515 5409 817 5530; x_wconf 81' lang='lat' dir='ltr'>ABBAS</span> <span class='ocrx_word' id='word_1_491' title='bbox 862 5405 1481 5530; x_wconf 71' lang='lat' dir='ltr'><strong>ATTANENSIS.</strong></span> 
     </span>
    </p>
   </div>
   <div class='ocr_carea' id='block_1_11' title="bbox 158 5742 1851 5914">
    <p class='ocr_par' dir='ltr' id='par_1_13' title="bbox 158 5742 1851 5914">
     <span class='ocr_line' id='line_1_44' title="bbox 158 5742 1851 5838; baseline 0.002 -30"><span class='ocrx_word' id='word_1_492' title='bbox 158 5742 289 5827; x_wconf 78' lang='lat' dir='ltr'>(Hujus</span> <span class='ocrx_word' id='word_1_493' title='bbox 309 5746 415 5809; x_wconf 80' lang='lat' dir='ltr'>sarwtr&#39;</span> <span class='ocrx_word' id='word_1_494' title='bbox 441 5744 548 5813; x_wconf 82' lang='lat' dir='ltr'>Vitam</span> <span class='ocrx_word' id='word_1_495' title='bbox 570 5753 604 5811; x_wconf 79' lang='lat' dir='ltr'>et</span> <span class='ocrx_word' id='word_1_496' title='bbox 623 5754 849 5812; x_wconf 82' lang='lat' dir='ltr'>testamentum</span> <span class='ocrx_word' id='word_1_497' title='bbox 871 5749 976 5831; x_wconf 79' lang='lat' dir='ltr'>legere</span> <span class='ocrx_word' id='word_1_498' title='bbox 995 5756 1043 5813; x_wconf 86' lang='lat' dir='ltr'>est</span> <span class='ocrx_word' id='word_1_499' title='bbox 1063 5748 1146 5813; x_wconf 83' lang='lat' dir='ltr'>inter</span> <span class='ocrx_word' id='word_1_500' title='bbox 1167 5762 1267 5831; x_wconf 81' lang='lat' dir='ltr'>opera</span> <span class='ocrx_word' id='word_1_501' title='bbox 1290 5745 1447 5831; x_wconf 78' lang='lat' dir='ltr'>Gregorio</span> <span class='ocrx_word' id='word_1_502' title='bbox 1472 5745 1650 5811; x_wconf 81' lang='lat' dir='ltr'>Turonensi</span> <span class='ocrx_word' id='word_1_503' title='bbox 1671 5746 1851 5838; x_wconf 76' lang='lat' dir='ltr'>attributa,</span> 
     </span>
     <span class='ocr_line' id='line_1_45' title="bbox 700 5827 1314 5914; baseline 0.005 -22"><span class='ocrx_word' id='word_1_504' title='bbox 700 5837 778 5894; x_wconf 84' lang='lat' dir='ltr'>tom.</span> <span class='ocrx_word' id='word_1_505' title='bbox 799 5830 954 5914; x_wconf 71' lang='lat' dir='ltr'>praeced,</span> <span class='ocrx_word' id='word_1_506' title='bbox 973 5828 1033 5894; x_wconf 87' lang='lat' dir='ltr'>cot.</span> <span class='ocrx_word' id='word_1_507' title='bbox 1056 5835 1135 5897; x_wconf 79' lang='grc'>1119</span> <span class='ocrx_word' id='word_1_508' title='bbox 1158 5827 1314 5912; x_wconf 77' lang='grc' dir='ltr'>ε11113.)</span> 
     </span>
    </p>
   </div>
   <div class='ocr_carea' id='block_1_12' title="bbox 0 0 1977 6148">
    <p class='ocr_par' dir='ltr' id='par_1_14' title="bbox 0 0 1977 6148">
     <span class='ocr_line' id='line_1_46' title="bbox 0 0 1977 6148; baseline 0 0"><span class='ocrx_word' id='word_1_509' title='bbox 0 0 1977 6148; x_wconf 95' lang='lat' dir='ltr'> </span> 
     </span>
    </p>
   </div>
  </div>
 </body>
</html>
