3878 6150
121 283 173 341 il'l
600 281 731 340 PELAGll
750 279 846 340 PAPAE
863 279 888 338 ll
906 279 1075 341 misione
1093 280 1136 339 ui
1153 279 1316 339 osanam.
1749 277 1800 333 ris

121 409 180 448 nun
194 391 271 461 alibi,
287 407 375 464 quam
389 391 465 463 apud
480 389 633 462 provinciae
640 391 769 462 judicem
783 390 934 462 negotium
945 395 1041 477 Atur,
1054 396 1086 447 ut
1104 391 1271 448 diaconatus
1284 389 1374 461 possit
1393 386 1526 444 ordinem
1538 385 1668 457 provebi,
1687 386 1799 457 tempo·

122 504 206 542 suum
222 487 348 541 dicturus
362 488 502 541 occurrat.
518 484 546 540 Si
563 484 627 556 quis
642 489 739 540 autem
751 485 839 540 laicus
852 484 933 541 cleri·
984 505 1049 543 rum
1065 485 1338 550 condescendentes,
1350 487 1381 538 ut
1391 482 1499 538 dictum
1512 483 1565 549 est,
1581 479 1719 547 defectui,
1732 495 1799 534 con·

121 580 388 650 cumcujuscunque
400 577 626 648 gradusdurerit
636 595 697 633 esso
708 577 936 650 pulsandum,ad
986 582 1101 637 cessisse
1117 599 1169 637 nos
1192 578 1323 643 noveris;
1349 578 1389 632 ita
1403 580 1512 644 tamen,
1532 578 1564 630 ut
1577 575 1614 630 de
1628 573 1759 629 moribus
1772 578 1801 628 et

123 674 320 744 episcoporum
332 671 473 741 judicium
485 671 513 724 in
528 672 631 726 eadem
643 671 755 727 civitate
768 673 811 726 vel
825 671 936 726 territo·
985 676 1098 730 vitaret
1112 679 1176 730 actu
1198 673 1286 744 ipsius
1305 675 1337 728 tu
1351 671 1381 726 in
1404 670 1449 725 die
1459 668 1562 740 judicii
1583 671 1653 723 ante
1675 666 1801 721 tribunal

121 767 164 821 rio
181 766 401 820 constitutorum
414 768 559 835 proponat
572 782 620 819 eas
633 781 704 836 quas
715 782 745 819 se
760 765 867 819 habere
879 764 936 819 exi·
986 768 1056 823 illud
1070 767 1196 823 terribile
1209 766 1314 821 reddas
1330 763 1480 820 cummuni
1493 761 1618 817 Domino
1632 761 1777 816 rationem
1792 776 1799 814 :

122 860 219 914 stimat
231 858 369 913 actiones.
384 858 476 922 Quem
488 857 621 913 ordinem
641 859 753 929 legibus
767 874 820 929 per
837 857 936 912 omnia
986 862 1055 934 quia
1068 860 1324 932 sicpraeteritaprae
1337 854 1801 929 angustiatemporismitigamus,

123 952 351 1020 convenientem,
359 955 445 1023 atque
454 955 681 1006 consentancum
688 951 880 1007 demonstrari
889 950 937 1005 illa
987 959 1019 1010 ut
1032 958 1114 1009 caute
1130 957 1216 1025 atque
1230 950 1458 1008 sollicitefuturis
1472 949 1632 1004 excessibus
1642 947 1801 1004 obviemus.

91 1079 96 1089 ‹
122 1045 619 1117 regulamanifestat‚quapraecepit
629 1046 937 1101 actoremsorumsem-
985 1051 1105 1119 Propter
1115 1047 1193 1119 quod
1200 1047 1337 1117 jubemus
1349 1045 1480 1101 llicinam
1495 1043 1639 1107 ancillam,
1652 1041 1690 1096 de
1705 1058 1762 1112 qua
1773 1057 1803 1094 se

121 1157 175 1212 per
187 1140 269 1212 sequi
279 1139 394 1210 pulsati.
404 1139 519 1194 Clerieis
529 1156 596 1194 vero
611 1138 731 1211 pulsatis
740 1139 770 1193 in
782 1137 937 1210 episcopali
985 1145 1051 1214 post
1074 1141 1168 1196 uxoris
1182 1140 1334 1196 transitum
1353 1139 1460 1193 habere
1482 1138 1629 1192 consessus
1654 1139 1699 1189 est
1720 1134 1801 1200 titios,

118 1234 227 1304 judicio
241 1235 336 1289 lorum
350 1237 522 1304 competere,
532 1232 734 1305 principalium
746 1247 936 1304 quoquesauf
987 1225 1081 1307 neque
1095 1251 1159 1289 cum
1178 1235 1240 1305 ipso
1259 1250 1378 1289 manere
1401 1232 1495 1299 liceat,
1513 1231 1721 1301 etquicunque
1735 1229 1802 1298 [Al.

121 1327 250 1383 ctionum
266 1327 400 1398 designat
413 1326 576 1381 auctoritas.
704 1355 706 1359 1
918 1307 923 1327 ³
986 1329 1157 1400 cuicunque]
1168 1328 1344 1383 monasterio
1353 1324 1561 1381 continentiam
1570 1320 1803 1394 prolessuratua

200 1412 336 1493 plrgggp
352 1439 373 1492 ῃ
387 1437 626 1493 Episqoggfflffl
640 1408 856 1492 FRAGMENTA,
987 1423 1172 1494 dispositione
1186 1421 1326 1488 tradatur,
1338 1422 1370 1473 ut
1381 1418 1496 1473 meliori
1508 1419 1585 1472 sorte
1596 1416 1634 1470 ad
1651 1415 1731 1487 quod
1744 1431 1805 1485 pro

159 1532 341 1604 synodorum
362 1531 633 1603 congregandarum
649 1531 804 1585 auemrjras
817 1531 936 1601 Aposio.
987 1518 1119 1571 movetur
1145 1515 1271 1570 officium
1296 1513 1347 1567 sub
1368 1512 1454 1567 bonss
1473 1510 1563 1582 possit
1585 1510 1678 1565 famae
1701 1508 1804 1563 merito

122 1626 184 1682 leae
195 1626 255 1680 sedi
269 1626 378 1696 privata
391 1624 547 1680 commissa
560 1626 767 1695 estpotestate,
785 1639 838 1678 nec
849 1623 937 1677 ullam
986 1609 1161 1676 ministrate,
1183 1624 1236 1662 ¹10⁰
1254 1608 1349 1679 aliqua
1370 1605 1513 1678 ⁰Pl¹¹l⁰nis
1536 1604 1597 1675 ⁰l1¹³
1619 1601 1805 1661 Mandffl

123 1720 266 1792 synodum
277 1720 443 1790 generalem
458 1722 552 1772 ratam
566 1734 627 1772 esse
642 1717 777 1789 legimus,
796 1733 860 1788 quae
875 1705 937 1787 ejus
987 1704 1166 1774 relinquatur
1191 1701 1302 1758 ⁰0⁰³³i⁰
1330 1702 1494 1771 (Gratiam
1514 1701 1584 1755 Diti·
1598 1698 1644 1765 34,
1659 1713 1720 1770 αῑΡ·
1744 1696 1807 1750 ¹³¹³·

123 1832 182 1870 non
192 1813 458 1869 sueritauctoritate
471 1815 648 1883 congregata
660 1811 790 1865 vellulta.
807 1812 871 1865 llaec
884 1827 935 1865 au·
946 1770 974 1844 B
987 1796 1148 1869 imitatis)-

123 1908 239 1963 ctoritas
252 1909 374 1961 testatur
383 1906 532 1973 canonica,
544 1906 605 1985 bgr
617 1904 737 1959 historia
747 1897 941 1960 ecelesiastica
1171 1908 1332 1963 PELAGll
1362 1907 1389 1963 ll
1415 1906 1610 1963 DECRETA.

123 2000 249 2068 roborat,
266 2001 328 2055 hacc
341 1999 431 2055 sancti
445 1999 543 2054 Patres
558 1998 732 2053 confirmant
744 2010 765 2051 ⁸.
1225 1994 1270 2058 En
1282 2001 1414 2059 Gratiano
1426 2002 1551 2071 aliisque.

502 2110 566 2164 xlv,
1213 2112 1359 2150 anuomrio
1389 2108 1578 2149 conuscroms.

156 2204 290 2278 Pelagius
300 2206 429 2276 Euearpo
441 2203 574 2275 episeopo
584 2202 767 2257 messanensi,
1017 2188 1114 2253 Pelagii
1126 2202 1200 2253 papae
1214 2191 1235 2238 ll
1250 2188 1356 2239 decreta
1370 2187 1489 2252 quasdam
1502 2201 1533 2236 ex
1551 2184 1676 2234 Gratiano
1690 2183 1803 2234 Labbeus

157 2300 333 2354 Charitaoem
347 2297 435 2365 illam,
451 2314 509 2369 qua
521 2296 707 2351 Dssectionem
721 2298 801 2350 tuam
824 2310 941 2365 semp&
987 2260 1068 2320 dedit,
1082 2259 1129 2310 sed
1141 2260 1177 2309 ita
1186 2261 1297 2310 collecta
1306 2263 1335 2310 ut
1345 2260 1471 2309 nonnulla
1482 2257 1608 2338 omiserit.
1621 2257 1660 2306 Ne
1674 2255 1803 2336 quidergo

987 2330 1019 2381 ad
1029 2333 1132 2394 plenam
1140 2331 1292 2381 eorumdem
1298 2331 1464 2380 decretorum
1470 2330 1658 2379 collectionem
1664 2325 1740 2388 desit,
1750 2339 1801 2390 que

124 2393 293 2460 amavimus,
318 2392 417 2447 omnia
439 2407 574 2461 superare
596 2389 755 2444 secundum
769 2388 938 2459 APOSthIffl
987 2402 1056 2452 illius
1068 2402 1227 2466 diligentium
1239 2401 1370 2466 fugerunt,
1388 2399 1533 2465 supplenda
1546 2399 1590 2449 hic
1605 2397 1743 2462 assumpsi.

123 2487 277 2554 credimus,
288 2488 317 2538 et
332 2485 443 2539 nullum
460 2484 602 2538 sanctitati
617 2487 673 2537 tum
684 2483 815 2538 laborem
827 2498 879 2553 pro
895 2497 939 2536 ec·
1372 2497 1425 2551 ῃ,

123 2579 282 2635 clesiastico
294 2582 369 2633 statu
384 2594 537 2632 onerosum
547 2577 676 2632 existere.
694 2576 753 2632 Scit
765 2576 940 2631 Fraternitas
1023 2578 1155 2651 Pelagius
1167 2597 1243 2652 papa
1257 2580 1333 2635 clero
1352 2577 1513 2633 Narniensi.

122 2679 182 2742 tua,
199 2673 266 2746 quia
279 2688 331 2743 pro
347 2671 471 2742 peccatis
487 2671 590 2727 nostris
603 2686 782 2741 omnesque
796 2686 847 2724 sua
860 2686 938 2741 quac·
1026 2674 1098 2739 Quia
1110 2674 1199 2729 irater
1209 2678 1237 2728 et
1256 2673 1441 2745 coepiscopus
1453 2675 1553 2727 noster
1565 2672 1703 2737 loannes,
1718 2669 1795 2725 ecclc·

122 2771 200 2836 runt,
212 2784 271 2822 non
282 2783 346 2838 quae
358 2768 424 2821 lesu
435 2765 546 2820 Christi.
562 2765 626 2820 Hac
640 2764 705 2819 ideo
718 2762 938 2836 praelibavimus,
990 2768 1109 2823 siasticae
1135 2767 1265 2822 utilitatis
1290 2765 1384 2821 studio
1409 2765 1559 2833 suadente,
1577 2769 1607 2821 ct
1625 2768 1735 2820 naturae
1749 2779 1795 2817 sua

123 2863 191 2933 quia
202 2861 252 2915 tibi
268 2877 364 2914 rursus
372 2858 532 2915 Catinensis
545 2858 613 2927 ist,
623 2857 793 2927 Cathenisis]
807 2856 940 2911 Ecclesioe
990 2861 1171 2933 simplicitate
1183 2860 1318 2916 laudabili
1326 2860 1559 2915 consideratione
1567 2861 1701 2926 tractata,
1711 2857 1745 2913 ob
1752 2856 1794 2911 hoc

122 2955 315 3011 visitationem
340 2953 528 3023 iniungimus,
561 2952 642 3022 cujus
664 2951 814 3023 episcopus
837 2950 871 3004 de
887 2950 940 3004 bac
990 2956 1068 3028 quod
1081 2973 1110 3009 se
1122 2955 1150 3009 in
1162 2955 1291 3026 gerenda
1299 2954 1467 3025 patrimonii
1480 2952 1666 3025 gubernandi
1679 2949 1793 3018 curaret

122 3049 186 3103 luce
206 3047 341 3101 transisse
364 3049 496 3117 suscepta
520 3045 590 3100 cleri
613 3044 754 3099 relatione
776 3043 939 3099 didicimus.
989 3050 1020 3104 in
1031 3049 1180 3121 disciplina
1193 3048 1385 3103 ecclesiastica
1396 3046 1595 3103 conservanda
1606 3045 1727 3100 minime
1740 3045 1793 3098 iate

126 3141 316 3212 <impossibile
330 3143 372 3194 est
390 3138 467 3193 enim
485 3141 516 3192 ut
530 3155 583 3193 uos
596 3138 625 3192 in
640 3137 787 3210 provincia
805 3137 854 3191 illa
867 3136 939 3191 dun·
951 3147 978 3222 C
990 3146 1037 3197 tur
1049 3141 1203 3208 idoneum;
1214 3141 1366 3197 Constituti
1381 3139 1542 3212 presbyteri
1552 3139 1661 3194 edhaec
1671 3135 1793 3210 explenda

123 3239 200 3290 taxat
220 3235 249 3288 in
275 3232 460 3304 Syracusanis
481 3232 607 3302 partibus
623 3231 671 3285 alii
693 3231 810 3285 cuilibet
831 3247 939 3298 causas,
991 3235 1042 3290 sibi
1066 3236 1193 3306 exposcit
1212 3235 1343 3290 adhiberi
1366 3250 1541 3305 personam:
1565 3234 1597 3286 ut
1612 3249 1646 3286 ea
1665 3247 1728 3304 quae
1744 3232 1793 3284 suut

125 3345 188 3401 quae
202 3328 336 3383 adDeum
345 3327 500 3398 pertinent,
513 3325 738 3393 committamus,
751 3324 806 3379 nisi
816 3325 890 3380 torte
902 3328 942 3378 ta-
991 3329 1161 3397 necessaria,
1170 3328 1345 3399 competenti
1353 3328 1524 3399 disponente
1531 3324 1791 3387 sollicitudinefiant,
1818 3324 1821 3330 ”

124 3424 182 3478 lem
197 3439 248 3492 per
263 3424 291 3475 te
302 3421 376 3474 Deus
386 3436 463 3474 nunc
475 3419 504 3473 in
514 3418 660 3474 Catinensi
686 3418 793 3488 eligere
808 3417 940 3484 voluerit,
991 3423 1062 3477 nihil
1077 3421 1214 3477 indecens
1227 3421 1300 3490 fieri,
1310 3422 1353 3476 vel
1365 3421 1465 3487 inutile
1477 3419 1676 3492 permittatur.
1687 3417 1791 3488 ldeoquc

125 3518 161 3571 de
175 3517 254 3586 cujus
272 3513 447 3570 conscientia
470 3513 690 3584 possimusessc
715 3512 818 3580 securi,
835 3514 941 3565 utate
991 3516 1126 3588 proesonti
1155 3514 1234 3570 vobis
1257 3515 1385 3586 jussione
1410 3513 1617 3586 praecipimus,
1645 3516 1678 3567 ut
1702 3511 1791 3566 serrati

125 3611 239 3665 labores
251 3606 941 3680 istospaululumremoverepossimus.)blorergo
992 3609 1086 3681 primo
1096 3609 1126 3663 in
1139 3609 1202 3664 loco
1216 3607 1347 3680 episcopo
1361 3610 1525 3663 memorato
1534 3606 1711 3673 reverentia,
1722 3616 1790 3677 quau

125 3703 243 3759 Dilectio
255 3706 304 3757 tua
321 3702 358 3756 ad
381 3701 575 3772 supradictam
591 3700 775 3756 Catinensem
790 3699 941 3754 ecclesiam
992 3720 1041 3758 vos
1056 3704 1135 3774 [coa.
1155 3705 1229 3760 Vct..
1244 3702 1311 3773 nus]
1335 3701 1470 3757 convenit
1494 3699 1712 3773 inculpabiliter
1732 3694 1790 3752 exhi·

65 3779 74 3801 '
126 3800 239 3869 pergat,
253 3799 282 3849 et
294 3795 442 3849 bominem
457 3794 493 3848 de
510 3795 597 3863 clero,
616 3795 665 3865 qui
677 3810 732 3848 nec
750 3810 869 3849 uxorem
889 3794 940 3848 ha·
992 3797 1071 3866 bere,
1087 3797 1117 3851 in
1134 3796 1277 3864 omnibus,
1293 3812 1357 3867 quae
1370 3794 1407 3850 ad
1420 3795 1509 3850 divini
1531 3795 1628 3849 cultus
1643 3791 1791 3865 obsequium

127 3890 205 3956 beat,
219 3888 369 3954 nectibus,
386 3888 561 3947 necerimen
576 3887 695 3958 aliquod
714 3887 872 3943 canonibus
886 3887 940 3942 ini·
992 3890 1149 3963 pertinent,
1162 3891 1206 3945 rel
1221 3907 1285 3961 qum
1300 3889 1498 3945 ecclesiastica
1512 3887 1648 3943 utilitatis
1672 3897 1790 3960 peragam

114 3976 245 4050 micum,
257 3983 323 4055 eligi
344 3999 409 4037 cum
422 3981 526 4035 auxilio
539 3981 590 4035 Dei
605 3981 759 4053 compellat
777 3985 864 4052 atque
877 3998 941 4060 sua·
991 4002 1062 4041 cura
1085 3984 1220 4053 suaserit,
1245 3983 1397 4056 prebeatis
1424 3981 1625 4038 obedientiam
1652 3979 1790 4037 Constituto

129 4077 206 4144 deat,
223 4081 251 4131 et
262 4077 359 4132 statim
374 4091 440 4130 eum
454 4074 490 4129 ad
502 4073 601 4129 urbem
609 4075 731 4129 Romam
748 4090 812 4128 cum
827 4074 942 4129 decreto
967 4072 1165 4228 ¹*constituto
1178 4080 1282 4134 abesto
1296 4079 1360 4138 (jod.
1380 4080 1442 4134 Vnt.
1458 4077 1569 4149 ubique]
1585 4078 1789 4148 competentem,

129 4175 158 4226 et
170 4170 371 4226 testificatione
384 4168 530 4225 relationis
541 4172 597 4222 tuac
610 4168 771 4223 transmitte
786 4163 809 4222 Ι).
1005 4191 1024 4227 n
1035 4174 1114 4228 nullo
1125 4172 1359 4244 dispositionibus
1369 4171 1430 4242 ejus
1438 4169 1539 4241 spiritu
1549 4169 1717 4226 contumaci
1726 4163 1791 4223 resul-

502 4275 576 4312 lsssstt
628 4248 635 4265 ⁸
994 4270 1088 4322 tentes
1108 4266 1218 4339 (Forsan
1232 4265 1426 4336 reluctantes),
1451 4264 1521 4333 imo,
1537 4263 1720 4336 competenti
1738 4256 1789 4330 rigi·

164 4352 379 4410 'Fraiemlidlls
389 4349 739 4420 tuaerelationesusccpta,
751 4349 813 4419 ejus
821 4350 944 4405 latorem
995 4328 1199 4415 lanlioe'vesirae
1214 4359 1319 4427 studio,
1334 4376 1397 4431 quae
1415 4374 1466 4430 pro
1480 4357 1679 4414 welesiastica
1692 4353 1790 4411 ullllldlss

130 4448 269 4509 secandas
278 4446 395 4520 quidem
410 4444 525 4515 nuptias
538 4445 686 4515 expertum
700 4459 759 4498 non
773 4443 859 4498 fuisse
870 4443 943 4498 didi·
994 4455 1124 4525 gerenda
1137 4453 1312 4510 Constitutus
1333 4454 1489 4520 monuerit,
1504 4451 1700 4524 adimplentes
1711 4467 1717 4519 ;
1728 4443 1792 4504 uthis

130 4543 231 4609 cimus,
248 4541 410 4596 castitatem
422 4543 526 4629 tamen
541 4554 607 4592 eum
628 4537 716 4608 priori
739 4554 797 4592 non
818 4523 984 4598 servasset)
997 4532 1037 4604 ita
1050 4548 1204 4620 dispositis,
1216 4551 1246 4603 et
1258 4551 1395 4604 consueta
1405 4546 1483 4602 vobis
1494 4545 1643 4618 stipendia
1654 4546 1795 4601 ministrer·

130 4635 265 4706 conjugio
280 4626 447 4704 designas!
463 4635 497 4688 Et
509 4631 637 4703 quamvis
655 4632 745 4686 multa
765 4631 822 4685 sint
837 4648 901 4702 qum
917 4632 946 4686 in
996 4646 1053 4711 tur,
1068 4647 1097 4697 ei
1107 4659 1284 4715 quacunque
1298 4641 1328 4696 in
1341 4641 1469 4713 praefatae
1483 4639 1614 4696 ecclegjae
1628 4634 1794 4711 patrimonio,

130 4728 296 4800 hujusmodi
318 4726 430 4781 casibus
444 4724 590 4781 observari
605 4724 708 4796 jubeat
722 4725 887 4780 subtilitatis
900 4742 947 4780 all·
996 4738 1041 4791 vel
1056 4736 1092 4791 de
1107 4736 1240 4791 rebusad
1260 4752 1324 4792 gam
1337 4733 1551 4808 pertinentibus
1573 4728 1796 4808 repgtgflfflssuul

131 4824 258 4889 ctoritas,
271 4826 369 4877 tamen
381 4821 448 4892 quia
459 4819 587 4874 deiectus
597 4824 762 4891 temporum
771 4823 946 4888 nostrorum,
997 4831 1167 4901 necessasia,
1181 4831 1391 4902 compleantur,
1571 4818 1574 4827 '

133 4912 947 4989 quibusnonsolummerita2sedeorporaipsahominum
1376 4921 1440 4979 xvi,

133 5011 311 5080 deiecerunt,
322 5006 652 5064 districtionisilliusnon
659 5008 766 5078 patitur
776 5007 805 5062 in
815 5007 948 5063 omnihus
1032 5007 1163 5080 Pelagius
1187 5025 1263 5081 papa
1287 5002 1336 5065 ll‘l
1357 5009 1471 5082 Oplioni
1494 5011 1563 5082 iat,
1582 5008 1743 5085 Apollonio]
1757 5002 1795 5061 it·

125 5080 252 5159 liranere
279 5119 441 5173 censuram,
463 5105 491 5156 et
510 5104 580 5156 astas
600 5100 691 5169 istius,
707 5100 743 5155 de
768 5118 824 5173 quo
841 5101 946 5174 agitur,
997 5103 1115 5160 tensori.
1237 5162 1250 5181 Ι,

133 5198 235 5252 iuturae
248 5196 465 5253 incontinentiae
474 5195 665 5267 suspicionem
679 5194 791 5249 auterre
807 5195 948 5267 dignosci·
1033 5198 1145 5254 Nullam
1160 5200 1333 5268 potestatem
1351 5197 1387 5254 de
1407 5204 1521 5268 cetero,
1538 5201 1652 5257 nullam
1668 5198 1795 5256 licentiam

169 5322 181 5351 ⁸
200 5323 349 5378 Herceum
373 5322 559 5394 sequentibus
582 5324 680 5377 extant
700 5321 775 5393 apud
801 5321 947 5377 baluzium
997 5324 1113 5396 Pelagii.
1133 5323 1265 5379 Secundo
1288 5328 1386 5380 tamen
1402 5324 1467 5380 ideo
1489 5325 1682 5382 tribuendum
1701 5336 1797 5383 censeo,

133 5395 246 5452 Miscell.
262 5399 282 5450 t.
300 5396 410 5476 V‚·pag.
424 5397 486 5449 liii.
770 5464 774 5474 Ι
998 5395 1077 5468 quod
1089 5396 1140 5451 sub
1151 5396 1241 5469 priori
1252 5397 1368 5468 Pelagio
1381 5397 1588 5453 Narniensibus
1600 5398 1799 5470 prreemtture·

168 5474 183 5514 o
200 5468 420 5548 lluJ'usepistolm
433 5468 632 5548 fragmentum
642 5466 730 5547 refert
736 5467 826 5547 etiam
841 5465 949 5521 Gratia·
998 5469 1113 5537 nalisll,
1128 5471 1159 5522 ut
1169 5485 1200 5522 cx
1218 5468 1323 5523 tubulis
1337 5468 1460 5540 Ugbellii
1474 5467 1623 5526 discimus.
1637 5473 1713 5527 loss.

134 5557 199 5666 nup,i
214 5538 394 5682 cilitiirieril
424 5538 947 5689 cffidppplpllpppppfflepppprlgpautplrp
1034 5541 1184 5596 dliecstll
1206 5540 1236 5594 in
1261 5540 1354 5608 editis,
1368 5540 1419 5594 sed
1439 5540 1557 5613 upplet
1577 5540 1650 5599 Cod.
1663 5556 1740 5598 meus
1755 5551 1801 5591 ms.

134 5630 172 5666 un
202 5630 214 5665 s
258 5655 266 5664 .
345 5653 351 5677 ,
940 5647 946 5664 .

132 5684 230 5738 Massi.
424 5714 429 5729 ·

169 5767 180 5794 0
199 5753 405 5824 Fragmentum
431 5747 506 5804 istud
526 5750 577 5804 sub
599 5751 706 5821 Pelagii
728 5767 808 5822 papae
830 5751 948 5805 nomine
1029 5754 1108 5805 *Hoc
1121 5754 1293 5817 fragmentum
1305 5753 1348 5802 rix
1361 5750 1472 5804 ditlertu
1488 5752 1596 5805 demeto
1613 5755 1687 5820 qnod
1700 5751 1804 5818 superius

135 5824 225 5878 edidit
239 5823 401 5887 Gratianus,
418 5837 470 5876 nec
484 5820 593 5876 indicat
610 5839 647 5875 an
661 5821 756 5892 primi,
773 5822 815 5876 vel
830 5821 946 5878 secundi
997 5825 1091 5891 legitur
1106 5825 1154 5877 sub
1169 5840 1241 5876 uum.
1255 5825 1288 5876 rx
1304 5824 1377 5879 Eum.
