3878 6150
120 278 171 332 ros
761 273 1163 334 nrisronnnrnncnnrs
1513 230 1520 241 ⁸
1754 280 1804 335 roe

123 384 249 455 Imperet
275 398 344 456 ergo
368 381 409 440 illi
431 384 504 442 Deus
526 384 628 441 nostris
648 384 780 441 velociter
807 384 940 458 periculis
950 385 1057 469 Aquis
1069 385 1119 456 qui
1127 384 1259 457 nequiter
1269 382 1643 465 aguntorterminabpntur,
1657 386 1686 442 et
1696 383 1805 441 inimici

120 478 284 549 subvenire,
298 482 450 551 antequam
465 478 675 535 nefandissimae
693 479 785 551 gentis
798 472 939 533 exereitus
990 479 1038 533 Dei
1066 496 1131 533 nias
1156 485 1188 534 ut
1214 476 1430 546 exaltabuntur,
1458 480 1529 535 sient
1553 479 1648 534 fumus
1674 478 1807 536 deficient

120 571 190 638 loca,
207 588 265 643 que
289 572 381 627 adhue
402 589 419 626 a
438 573 584 645 republica
609 573 780 642 detinentur,
802 574 860 627 Deo
887 571 940 625 sibi
989 571 1100 643 (Psalm.
1124 589 1204 628 xxxvi
1222 615 1229 641 ‚
1244 579 1271 628 et
1294 573 1463 644 generaliter
1483 573 1618 643 peribunt
1648 578 1743 644 gentes
1770 572 1805 627 de

120 665 275 733 contrario,
289 666 364 738 qnod
377 666 459 734 absit,
472 646 642 738 praevaleant
656 682 804 739 occupare.
818 665 939 739 Presbp·
985 648 1066 720 'terra
1079 665 1149 736 ejus.
1163 667 1282 737 Propter
1300 666 1378 737 quod
1391 681 1439 737 vqs
1460 665 1602 732 decuerat,
1617 666 1665 739 qni
1679 666 1734 721 illie
1758 682 1804 720 ca-

120 757 245 813 terum*¹
261 764 357 814 autem
369 759 402 815 ad
416 777 478 830 nos,
498 762 557 816 Deo
578 760 740 831 adjuvaute,
761 757 939 814 retransmit·
990 758 1102 813 thelicae
1128 759 1334 815 membraestis
1360 758 1499 829 Ecclesiae,
1513 759 1563 814 uni
1587 759 1698 835 corpori
1721 759 1807 814 unius

119 856 180 906 tere
196 851 322 909 festina:
336 853 402 925 quia
416 858 445 910 et
458 854 487 909 in
508 855 678 910 monasterio
690 860 740 909 tuo
754 858 782 908 et
792 853 821 907 iu
843 868 938 923 opere,
989 852 1087 923 eapitis
1102 852 1305 923 gubernatione
1320 852 1482 923 conjuncta,
1500 852 1632 907 omnibus
1646 851 1749 924 quibus
1762 852 1803 906 vi-

120 945 166 999 cui
181 962 251 1000 erim
266 946 484 1019 proposuimus,
501 948 676 1003 necessarius
690 964 749 1003 esse
762 946 879 1001 omnino
892 961 939 1000 eo·
990 945 1068 1000 ribus
1080 945 1222 1015 valeretis,
1236 945 1298 1017 paci
1312 946 1456 1018 quietique
1468 950 1571 1001 nostrae
1580 963 1632 1017 pro
1644 945 1704 1017 ipsa
1716 948 1805 1002 sancti

121 1039 282 1109 gnoscitnr.
298 1040 365 1094 Data
375 1056 402 1095 iv
415 1041 507 1095 Nonas
521 1041 658 1111 Octobris,
673 1040 826 1096 indictione
840 1042 866 1094 3.
991 1037 1112 1109 Spiritus
1121 1038 1230 1094 unitate
1240 1055 1418 1094 concurrere.
1429 1040 1484 1094 Nec
1495 1040 1572 1095 euim
1582 1040 1723 1094 eredimus
1733 1040 1803 1095 otio-

341 1156 501 1212 EppSTOLA
520 1158 542 1210 Π
567 1155 646 1228 [Oh-m
665 1157 728 1229 svp,
990 1148 1064 1202 sum,
1077 1148 1130 1187 nee
1147 1131 1207 1186 sine
1222 1148 1325 1204 magna
1347 1132 1449 1187 divinar
1469 1132 1655 1203 providentias
1677 1133 1802 1188 admira-

171 1264 207 1303 ΑΒ
223 1263 418 1305 ,mmm
434 1265 586 1306 mem
601 1264 851 1306 ,Unswnfflffipffl
866 1249 879 1289 a
989 1224 1065 1281 tione
1079 1224 1257 1298 dispositum,
1268 1225 1345 1296 quod
1353 1225 1440 1280 vestri
1454 1240 1536 1296 regas
1547 1226 1675 1281 Romano
1683 1225 1805 1298 imperio

120 1344 227 1411 Rem
263 1344 426 1397 &amorum
451 1344 531 1413 fidem
554 1344 732 1399 orthodoaeam
758 1342 937 1404 commendat,
990 1318 1020 1373 in
1034 1318 1197 1374 orthodoxa
1209 1318 1275 1374 lidei
1290 1319 1462 1374 consessione
1480 1323 1546 1374 sunt
1560 1318 1686 1388 similes;
1702 1317 1757 1374 nisi
1773 1323 1805 1377 ut

159 1416 339 1483 hortaturque
350 1420 381 1468 et
398 1415 454 1469 illis
474 1416 599 1479 suadeat,
621 1431 655 1470 ae
674 1431 733 1469 carn
755 1414 941 1484 hartpebardis
957 1460 965 1473 ,
990 1411 1057 1466 hnic
1068 1412 1141 1481 urbi,
1153 1429 1188 1468 ex
1200 1429 1256 1484 qua
1266 1413 1359 1467 luerat
1370 1412 1499 1480 oriunda,
1513 1412 1556 1467 vel
1566 1412 1705 1468 universae
1720 1412 1804 1467 ltalia

157 1484 250 1550 sadus
263 1485 392 1547 habeant,
405 1490 430 1541 et
444 1486 477 1540 de
489 1488 612 1556 reliquiis
627 1501 693 1556 quas
707 1487 801 1541 mittit.
989 1504 1139 1575 finitimas,
1167 1507 1367 1578 adjutoresque
1391 1506 1549 1581 prostaret.
1581 1505 1681 1581 Cavete
1705 1505 1803 1578 igitur,

159 1597 348 1655 Dilectissimo
360 1597 440 1653 tratri
460 1598 582 1654 hunario
598 1599 728 1670 Pelagius
751 1597 829 1653 urbis
842 1599 941 1653 Romae
991 1598 1155 1654 charissime
1174 1599 1272 1669 irater,
1287 1616 1324 1655 ne
1346 1600 1413 1654 dum
1435 1600 1551 1672 regibus
1569 1599 1668 1654 vestris
1685 1598 1806 1669 juvandi

121 1690 284 1762 episeopus.
990 1709 1042 1747 nos
1055 1693 1143 1747 virtus
1157 1693 1193 1748 sit
1205 1693 1270 1747 data
1290 1692 1434 1762 divinitus,
1451 1693 1597 1748 charitatis
1616 1694 1718 1748 vestrae
1733 1690 1806 1748 eirca

160 1785 315 1839 laudanda
328 1789 386 1838 tuae
407 1784 552 1840 eharitatis
572 1789 634 1839 vota
658 1783 822 1856 relegimus,
838 1769 979 1856 quibusB
991 1803 1042 1841 nos
1054 1786 1151 1841 levitas
1163 1790 1318 1858 arguatur:
1334 1786 1384 1858 qui
1397 1785 1451 1841 illis
1464 1791 1492 1841 et
1506 1786 1536 1840 in
1549 1785 1615 1855 lide,
1629 1791 1659 1843 et
1670 1787 1701 1840 in
1715 1784 1806 1845 consi-

123 1882 160 1942 te‚
175 1877 233 1933 nisi
247 1878 362 1950 gentilis
381 1883 476 1933 motus
493 1878 649 1948 obsisteret,
665 1878 700 1932 ad
713 1893 764 1931 nos
780 1878 877 1932 venire
891 1895 939 1933 vo·
990 1879 1046 1946 liis,
1059 1883 1153 1947 vestro
1162 1879 1318 1939 sacerdotio,
1336 1878 1376 1934 sic
1391 1879 1507 1949 devotis,
1522 1872 1641 1934 suadere
1659 1879 1735 1948 talia,
1755 1885 1805 1936 aut

125 1972 212 2027 luisse
225 1971 377 2043 significas.
394 1972 469 2027 hicet
483 1971 559 2026 enim
578 1971 751 2043 spiritaliter,
766 1976 794 2026 et
815 1971 941 2026 simulet
991 1972 1146 2045 negligitis,
1160 1977 1210 2028 aut
1222 1973 1349 2028 differtis.
1364 1973 1459 2028 Sacras
1469 1976 1565 2041 autem
1574 1971 1718 2044 reliquias,
1733 1987 1804 2044 quas

123 2081 217 2119 unum
228 2081 341 2137 semper
360 2063 448 2120 simus
462 2065 491 2119 in
502 2065 633 2132 Domine,
647 2069 843 2120 verumtamen
855 2065 940 2119 etiam
991 2071 1019 2122 et
1033 2070 1082 2122 tna
1094 2066 1225 2133 charitas,
1242 2071 1270 2122 et
1283 2066 1504 2138 gloriosissimus
1515 2062 1591 2120 lilius
1606 2070 1704 2123 noster
1723 2066 1805 2137 petiit

121 2158 288 2230 praesentias
302 2158 464 2230 corporales
477 2158 695 2230 etantiquieres
707 2163 811 2230 patres,
826 2162 854 2213 et
866 2158 941 2229 ipsos
992 2154 1164 2226 dirigendas,
1175 2171 1241 2210 cum
1253 2155 1407 2211 cohaerenti
1419 2155 1471 2210 sibi
1484 2153 1703 2212 sanctificatione
1713 2159 1805 2211 trans-

121 2251 258 2323 qnaesisse
270 2252 430 2308 invenimus
445 2252 595 2324 apostolos.
611 2252 664 2308 Sed
686 2252 755 2307 dum
774 2256 823 2306 tua
836 2252 941 2308 deside-
990 2248 1128 2304 misimus.
1144 2250 1261 2321 Propter
1268 2250 1345 2321 quod
1356 2248 1446 2305 nihilo
1459 2249 1555 2304 minus
1567 2249 1762 2319 admonemus,
1772 2254 1806 2305 ut

121 2346 174 2415 ria,
192 2362 348 2418 causasque
369 2346 472 2417 quibus
492 2346 643 2402 obstareris
662 2362 829 2417 exponeres,
844 2346 940 2401 mirati
991 2358 1113 2414 quorem
1131 2341 1265 2398 virtutem
1282 2343 1417 2414 quaeritis,
1434 2359 1533 2398 eornm
1554 2343 1687 2416 templaa
1708 2343 1803 2415 pollu-

122 2456 222 2494 snmns
234 2440 330 2495 minus
341 2447 369 2496 te
384 2440 455 2495 illud
471 2440 547 2512 quod
562 2439 629 2511 ipsis
644 2439 770 2495 obviaret
783 2440 939 2495 excusatio·
990 2436 1069 2491 tione
1082 2435 1211 2507 gentium
1225 2435 1351 2508 liberari,
1366 2436 1396 2492 in
1411 2441 1549 2507 quantum
1563 2435 1641 2492 vobis
1659 2441 1700 2492 est
1712 2439 1803 2510 possi·

123 2533 208 2588 nibus
217 2533 380 2589 attendisse.
391 2533 419 2590 Si
430 2533 507 2589 enim
520 2534 627 2588 munde
636 2533 824 2589 venerabilem
833 2533 941 2605 judica-
989 2529 1055 2599 bile,
1071 2530 1227 2613 festinetis:
1244 2534 1273 2585 et
1284 2530 1383 2586 vestris
1398 2530 1513 2602 regibus
1524 2530 1727 2586 instantissime
1740 2548 1802 2588 sua·

124 2627 243 2682 tishane
256 2627 368 2698 urbem,
384 2627 406 2681 si
416 2627 452 2682 ad
464 2643 564 2699 pacem
574 2625 646 2683 sedis
654 2627 814 2700 apostplicae
828 2631 940 2682 cuncta·
990 2623 1089 2693 deatis,
1103 2626 1242 2696 quatenus
1257 2624 1292 2678 ab
1306 2624 1437 2681 amicitiis
1452 2629 1480 2680 et
1493 2624 1692 2695 conjunctione
1705 2626 1802 2683 nesan-

124 2737 189 2775 rum
198 2736 299 2792 regere
311 2721 504 2777 moderamina
514 2721 695 2777 ecclesiarum
703 2721 862 2793 praedicatis
869 2738 878 2790 ;
890 2736 941 2775 cur
990 2716 1098 2772 dissimi
1110 2717 1209 2783 hostis,
1221 2717 1481 2789 Langobardorum,
1491 2715 1635 2789 salubrise
1645 2719 1804 2790 provisione
1832 2782 1836 2786 ,

124 2831 182 2870 non
195 2813 432 2882 attribuistiones
442 2819 560 2885 nostras,
576 2820 604 2871 et
615 2815 782 2887 temporales
796 2815 940 2887 angustias
990 2827 1139 2883 segregare
1147 2811 1282 2869 festinent
1287 2829 1295 2881 3
1306 2828 1343 2867 ne
1353 2812 1422 2866 dum
1430 2810 1545 2866 illorum
1552 2810 1683 2867 vindictae
1692 2815 1804 2885 tempus

124 2907 270 2964 charitatis
293 2910 483 2981 compassione
504 2908 682 2980 gemiscitis?
708 2909 825 2965 scientes
845 2909 940 2965 divino
989 2905 1147 2976 advenerit,
1159 2904 1805 2983 sieutetcelereheridivinamiserationecon·

124 3019 175 3074 per
181 3002 348 3073 Apostolum
356 3002 493 3057 nobisore
501 3002 631 3058 mandari
643 3000 728 3074 [Rom.
743 3018 801 3072 ιιιι,
816 3003 878 3060 Gal.
888 3003 939 3077 vil,
990 3000 1113 3069 fidimus,
1124 3016 1224 3055 eorum
1233 2999 1317 3055 etiam
1328 3000 1371 3055 illi
1381 2996 1629 3056 invenianturesse
1638 2999 1801 3073 participes:

123 3101 156 3152 nt
169 3113 225 3151 nos
237 3095 360 3152 invicem
379 3096 540 3168 diligamus,
554 3100 587 3151 ut
599 3111 686 3151 onera
704 3095 826 3151 invicem
844 3101 941 3152 nostra
991 3094 1056 3167 qnia
1069 3093 1206 3166 scriptum
1227 3097 1284 3148 est:
1312 3096 1373 3152 llere
1388 3095 1474 3150 solum
1495 3097 1590 3166 quiea
1608 3084 1717 3163 foueat
1730 3097 1744 3150 Ρ
1756 3097 1804 3151 sed

123 3195 283 3263 portemus,
295 3195 328 3245 ut
341 3190 450 3262 quoties
462 3190 584 3245 fratrum
597 3189 758 3262 quicunque
772 3191 874 3259 mitur,
890 3137 978 3247 nosC
989 3191 1071 3244 ettam
1081 3190 1129 3258 qai
1140 3190 1307 3244 consentiunt
1319 3189 1483 3256 sementibus
1500 3187 1650 3261 puniendos
1665 3190 1753 3261 (Rom.
1769 3188 1802 3259 1).

125 3299 247 3339 uramur
261 3301 268 3338 ε
285 3283 355 3338 dum
367 3299 439 3355 pene
451 3284 483 3339 iu
497 3288 649 3355 conspeetu
662 3286 753 3339 vestra
766 3287 862 3339 tantus
876 3300 939 3340 san·
990 3281 1063 3337 Dens
1077 3286 1104 3336 te
1118 3281 1291 3339 ineolumem
1306 3281 1453 3349 custodiat,
1465 3281 1626 3336 charissime
1639 3282 1736 3338 frater.
1750 3285 1803 3338 Da-

124 3378 189 3449 guis
201 3377 396 3433 innocentium
414 3378 451 3432 sit
463 3377 578 3447 ellusus,
593 3377 632 3431 ita
653 3393 731 3431 sacra
744 3377 884 3435 violentur
896 3379 937 3433 al-
989 3377 1051 3431 tum
1067 3391 1097 3430 ιιι
1116 3376 1209 3429 Nonas
1230 3375 1373 3445 Octobres,
1388 3375 1546 3446 imperante
1567 3376 1671 3431 domno
1691 3376 1802 3432 Tiberio

122 3471 205 3540 teria,
228 3471 270 3526 ita
297 3471 438 3526 catholicae
457 3472 522 3526 fidei
547 3470 582 3525 ab
606 3470 762 3525 idololatris
776 3472 939 3528 insultetur.
989 3467 1233 3540 Constantinopoli
1246 3471 1386 3540 Augusto,
1401 3484 1476 3523 anno
1488 3472 1514 3522 7.
1569 3461 1592 3535 j

122 3564 259 3621 Novimus
272 3568 301 3620 et
312 3581 370 3636 vas,
385 3565 460 3637 quod
473 3564 637 3636 temporalia
649 3564 703 3619 ista
716 3563 827 3636 ssageDa
845 3565 901 3620 sint
913 3572 942 3622 et
1176 3571 1337 3627 spissata
1360 3583 1372 3612 ⁰
1397 3572 1431 3625 lll
1460 3569 1539 3642 [Olim
1555 3569 1601 3644 Vl.

122 3659 157 3713 ad
171 3658 379 3731 pmbationem,
395 3658 467 3713 sicut
487 3658 522 3713 de
541 3658 644 3714 caelesti
665 3657 832 3714 confidimus
859 3658 941 3714 mise·
1062 3680 1121 3727 eun
1136 3681 1181 3720 asr
1194 3680 1275 3720 rasus
1289 3681 1324 3719 aa
1339 3681 1420 3721 suin
1433 3679 1617 3721 srsrrscoros
1630 3682 1730 3722 rsrurn.
1807 3648 1831 3681 ‘⁰

123 3753 244 3821 ratione,
259 3751 406 3824 proficiant
417 3770 426 3822 ;
442 3756 470 3808 et
479 3751 652 3824 proximum,
666 3751 764 3807 sicuta
774 3752 860 3807 'vobis
871 3752 940 3807 scri·
1027 3757 1218 3814 Dilectissimis
1226 3758 1359 3814 fratribus
1369 3758 1437 3814 Eliaa
1449 3757 1568 3831 aliisque
1579 3760 1728 3834 episcopis,
1741 3760 1804 3819 uni-

122 3851 212 3920 bitur‚
231 3850 369 3906 Dominus
382 3852 478 3906 noster
493 3850 528 3906 de
538 3849 720 3929 tribulatione
728 3849 776 3905 det
789 3850 939 3922 gaudium:
991 3850 1077 3908 versis
1096 3851 1161 3907 liliis
1182 3852 1212 3908 in
1232 3852 1359 3909 Ecclesiae
1378 3850 1468 3908 lstriae
1490 3853 1619 3924 partibus
1633 3854 1802 3926 constitutis,

159 3967 173 3996 ¹
192 3966 404 4036 Maximianum,
427 3967 462 4022 de
482 3983 538 4038 quo
562 3971 674 4022 sanctus
697 3965 848 4037 Gregorius
869 3966 939 4022 Dial.
991 3967 1178 4039 capitulorum
1192 3966 1403 4024 damnationem
1416 3966 1446 4025 in
1460 3969 1561 4041 quinta
1579 3971 1687 4042 synodo
1699 3972 1804 4031 factam

123 4039 174 4095 lib.
192 4055 233 4105 ιιι,
250 4055 274 4094 c.
293 4041 337 4094 36.
990 4041 1146 4112 approbare
1156 4046 1184 4096 et
1193 4045 1286 4096 ratam
1296 4040 1413 4112 habere)
1426 4043 1567 4112 epistolam
1576 4045 1644 4098 sares
1655 4045 1748 4103 aritae
1756 4050 1804 4101 mi-

159 4112 174 4152 b
202 4110 372 4192 Castigaada
384 4109 588 4192 inscriptioni
599 4108 705 4190 legitur
714 4109 941 4190 PetapiiPapaess
989 4113 1035 4175 sit,
1049 4128 1131 4182 qaam
1146 4113 1237 4168 beatas
1251 4114 1393 4182 Greportas
1407 4128 1468 4166 cam
1487 4113 1577 4192 adhuc
1594 4119 1660 4169 esset
1676 4115 1805 4172 daconis

123 4182 493 4254 motolamtmodorensrs
502 4196 737 4263 ppiseoprverum
750 4185 779 4236 et
790 4185 940 4251 antiquum
989 4186 1106 4254 scripsit.
1121 4185 1185 4259 llaee
1208 4182 1326 4255 epistola
1340 4183 1430 4238 sancti
1443 4183 1549 4254 Pelagii
1565 4200 1581 4236 u
1595 4184 1730 4255 Gregorio
1752 4187 1803 4242 ad·

122 4266 230 4309 nomen
242 4248 444 4323 macharius,
461 4266 513 4324 pro
530 4266 589 4325 quo
607 4252 754 4332 interdum
765 4252 941 4307 huncbertus
989 4253 1046 4335 hue
1059 4254 1180 4335 diaeoho
1195 4255 1363 4336 conscripta,
1379 4253 1513 4334 ejpsdem·
1529 4253 1614 4325 plane
1636 4252 1820 4336 generis-ad·

123 4330 151 4381 et
164 4327 335 4394 Aaaaarr'as,
346 4331 374 4381 et
382 4326 573 4391 auocarent
584 4322 638 4378 hoc
652 4324 722 4391 loco,
734 4327 805 4377 sicut
816 4338 851 4377 ex
859 4323 941 4377 Chlo
990 4340 1070 4397 cupus
1091 4327 1152 4380 erat
1172 4325 1223 4379 illa
1243 4325 1317 4380 beati
1333 4325 1433 4379 Leonis
1456 4324 1565 4379 decima
1584 4325 1619 4379 ad
1640 4326 1804 4383 Flavianum

123 4396 248 4452 tatbario
261 4395 368 4451 factum
388 4395 536 4451 Glolarius.
551 4395 675 4450 Alteram
704 4393 809 4464 Pelagii
823 4393 940 4518 hupusee
990 4396 1109 4467 scripta;
1126 4411 1189 4466 quaa
1202 4410 1267 4450 enm
1282 4395 1410 4468 epistola
1423 4395 1538 4449 nomine
1551 4392 1656 4467 scripta
1671 4400 1753 4468 esset,
1767 4399 1802 4455 ob

126 4483 207 4540 papae
221 4466 257 4521 ad
270 4466 426 4522 hunarium
451 4466 594 4548 epistolam
616 4465 700 4537 paulo
721 4470 784 4536 post
797 4464 862 4518 exhi
883 4464 939 4518 ehi·
991 4467 1035 4521 sui
1050 4466 1267 4537 amplitudinem
1279 4470 1363 4538 atque
1377 4470 1526 4529 tractatum
1540 4469 1633 4520 tomus
1646 4467 1803 4527 dicebatur.

124 4554 238 4594 musex
258 4554 324 4610 pag.
340 4538 392 4593 420
410 4541 479 4592 tomi
502 4537 706 4592 lbibliothecaa
732 4539 837 4591 nostrae
859 4513 977 4590 noval)
989 4539 1061 4592 Nam
1073 4543 1101 4592 et
1113 4537 1174 4608 ipsa
1187 4536 1291 4608 Pelagii
1304 4536 1422 4662 epistola
1436 4537 1471 4591 ab
1485 4535 1547 4662 ipso
1560 4544 1657 4594 sancto
1669 4540 1803 4621 Gregorio

126 4625 191 4666 mss,
206 4610 355 4665 librorum.
370 4609 427 4664 lac.
442 4608 518 4663 S1nu.
989 4609 1303 4679 liberestnuncupata,
1336 4624 1352 4663 e
1405 4608 1470 4662 oad
1516 4607 1633 4664 iberniae
1656 4627 1802 4684 episcopos

159 4693 171 4722 ⁶
197 4682 272 4737 Gom
298 4680 467 4734 innotuisset
500 4678 613 4750 Pelagio
648 4680 775 4734 Romano
814 4676 941 4750 pontifici
990 4681 1060 4736 dum
1070 4678 1175 4747 scribit,
1185 4679 1303 4749 epistola
1315 4682 1359 4748 36,
1413 4679 1544 4749 .11.,baec
1554 4681 1653 4736 habet:
1671 4685 1705 4739 Ut
1718 4687 1804 4755 tpitur

125 4751 291 4807 leoncium
333 4751 534 4822 imperatorem
560 4754 622 4820 post
648 4749 781 4804 liberum
820 4766 938 4804 corona·
990 4750 1479 4821 deathascapitutismuimtseestrtlr
1488 4751 1803 4826 oblatadettetatepos-

126 4826 197 4892 tum,
211 4827 284 4878 teste
299 4824 395 4877 sancto
409 4820 542 4892 Gregorio
556 4821 584 4875 in
602 4819 718 4891 epistola
736 4821 770 4875 ad
789 4821 938 4893 Eulogium
991 4823 1366 4890 sitsatrssaetioabaadaater
1378 4823 1505 4890 titanae
1516 4823 1698 4894 tthramqaem
1710 4827 1743 4882 de
1752 4829 1804 4882 tac

125 4897 154 4949 at
175 4895 318 4949 loannem
342 4892 702 4964 constantinopolitanum,
717 4908 822 4947 novum
842 4893 941 4964 (prout
989 4900 1131 4950 resanata
1148 4897 1280 4949 memorie
1294 4895 1411 4950 decessor
1428 4910 1500 4950 meus
1514 4896 1640 4966 Pelopiae
1648 4912 1725 4966 papa
1737 4900 1801 4952 scri·

127 4965 544 5034 henconsueaeratldiaconnm
550 4963 939 5035 cardinalemapocrisiarinm
988 4970 1091 5037 pserat,
1107 4966 1180 5020 echas
1194 4967 1260 5021 utile
1268 4966 1394 5035 judicari
1406 4967 1609 5022 transmittere:
1624 4982 1702 5037 quem
1715 4971 1740 5022 st
1750 4985 1801 5039 po-

126 5037 245 5093 uomine
263 5036 445 5091 Laurentium
458 5036 494 5090 ad
507 5052 573 5090 eum
589 5033 673 5088 misit.
690 5035 838 5106 Gregorius
851 5031 940 5116 iff‘tur
989 5041 1041 5093 sito
1062 5038 1224 5101 eotaaraaa
1244 5037 1406 5105 defensionis
1426 5036 1515 5091 audio
1534 5038 1603 5107 pirro
1623 5039 1803 5110 eipilaatique

127 5112 258 5180 tempore
265 5107 368 5163 Tiberii
378 5107 426 5162 illo
433 5122 552 5161 mernere
560 5106 631 5160 bene
641 5105 764 5172 iunctus,
772 5122 940 5187 magmsque
990 5109 1068 5163 corde
1081 5107 1219 5179 comitis
1231 5109 1355 5178 reteqere,
1369 5124 1428 5164 eam
1440 5122 1486 5161 eos
1497 5122 1548 5176 per
1556 5110 1647 5163 amaia
1656 5114 1803 5177 secutores,

126 5178 295 5235 muneribus
312 5194 453 5234 sacrarum
465 5176 662 5248 reliquiarum,
677 5176 792 5231 brachio
802 5177 940 5232 nimirum
989 5184 1016 5235 et
1030 5180 1067 5234 od
1078 5181 1209 5234 unitatem
1226 5185 1346 5234 nostram
1368 5192 1520 5234 reversuros
1540 5180 1627 5234 nihilo
1645 5184 1732 5238 minas
1749 5198 1803 5239 esse

126 5250 327 5316 S.hndroe‚et
345 5249 434 5320 capite
453 5249 482 5303 S.
498 5249 580 5302 tuce
606 5247 784 5319 evangelistae
810 5249 939 5315 donatus,
989 5248 1587 5320 mando:Quantaeantemesseteftieacire
1603 5251 1676 5306 liber
1689 5252 1751 5322 iste,
1768 5269 1804 5311 ex
1892 5283 1895 5288 ·

162 5327 189 5376 st
202 5321 314 5377 obitum
326 5321 428 5374 Tiberii
439 5321 557 5381 Roman
569 5318 681 5387 reddiit,
697 5318 735 5372 ibi
802 5319 941 5388 Jnssnl’e·
981 5318 1035 5385 sshis
1049 5338 1112 5395 quae
1124 5338 1192 5375 mox
1205 5319 1278 5375 idem
1295 5319 1445 5389 Gregorius
1458 5319 1552 5374 subdit
1563 5320 1723 5395 intelligere
1735 5342 1800 5396 pos·

124 5339 743 5518 iiltilithi-letitiae,tillet?
757 5390 941 5515 lllilllil
989 5390 1531 5518 emeritttttttttettttttte
1546 5391 1802 5521 ‘ib’b‘⁶⁰‘²'⁰⁷·³“'l²''²

124 5481 202 5591 iiiia}
215 5480 399 5606 {aquileiensis
414 5503 536 5613 antistes,
550 5537 701 5612 posteaque
714 5478 774 5612 ejirs
788 5548 939 5612 successor,
991 5481 1101 5590 hioqriea
1113 5535 1216 5588 rationi
1227 5548 1343 5613 operam,
1353 5532 1400 5587 sed
1411 5479 1801 5591 obstinatppnrppop‘eibpppmp.

123 5607 192 5663 inde
208 5621 276 5661 vero
286 5604 414 5660 Severus.
428 5605 466 5659 De
483 5605 527 5658 bis
539 5604 671 5674 apostolis
693 5603 827 5658 Diaconus
846 5603 894 5657 lib.
911 5620 941 5658 ιιι
988 5608 1093 5661 stratis.
1110 5605 1185 5658 ilaue
1200 5604 1348 5674 epistolam
1361 5604 1567 5660 illustrissimus
1585 5605 1733 5661 cardinalis
1748 5606 1800 5659 Da-

122 5696 188 5750 eap.
207 5679 242 5733 l0
260 5675 296 5731 de
310 5676 395 5747 gestis
414 5674 591 5746 Langobard.
606 5675 666 5729 haec
681 5672 791 5728 scribit:
815 5674 940 5743 Petaptas
991 5675 1089 5731 ronius
1101 5691 1160 5730 una
1169 5691 1233 5730 eum
1245 5674 1356 5733 duabus
1368 5674 1550 5749 sequentibus
1558 5675 1684 5757 ejusdem
1697 5676 1802 5759 Pelagii

119 5765 201 5822 papa
215 5749 285 5806 Elia
297 5748 466 5818 Aquiteterst
482 5749 603 5818 episeopo
622 5747 724 5801 achati
745 5747 799 5800 tria
821 5747 942 5816 capitata
991 5764 1008 5802 a
1026 5746 1138 5802 Nicolao
1153 5744 1241 5807 Patro
1259 5736 1409 5807 Parisiensi
1427 5748 1489 5802 viro
1504 5744 1665 5802 doctissime
1685 5752 1800 5817 aceepit.

122 5819 350 5887 chalcedonaeia
359 5819 459 5904 maedi
474 5821 604 5892 resapere
618 5817 720 5891 (patim
732 5817 840 5873 nolenti
854 5817 941 5874 trium
1027 5812 1263 5887 Cumadhiititum
1269 5819 1415 5876 satiabere
1421 5817 1803 5894 preparatumpbarmacnm
