3884 6150
128 259 181 308 973

554 259 735 314 Jt'S't‘la'laat
756 260 919 313 uolunta·
939 259 1105 314 siclaetus.
1128 259 1281 313 aetatis
1303 260 1379 314 xtrr.

1760 268 1810 320 erl

124 362 328 435 impunitatem
345 364 458 432 habeto,
478 365 532 420 uisi
553 367 754 434 homicidium,
770 369 945 437 autraptum
955 365 1120 452 Aiudueat.
1143 366 1293 422 Enimvero
1318 383 1410 439 neque
1434 366 1602 423 sententiam
1617 368 1693 439 juste
1713 377 1810 427 contra

125 456 256 528 virginis,
273 463 322 513 aut
336 459 391 512 vim
404 459 434 514 in
447 459 638 515 Christianum
647 459 804 525 admiserit,
818 459 945 514 Ecclesiis

124 551 229 606 Africae
243 552 278 607 ab
293 552 388 624 aliquo
402 571 453 626 pro
466 572 516 609 sua
532 554 620 626 ipsius
637 554 727 610 salute
750 555 852 625 oblata,
865 572 881 608 a
894 569 945 609 ne-

124 646 206 700 mine
222 663 335 718 prorsus
349 647 527 704 auferuntor.

164 740 221 796 lloc
235 741 294 814 ipse
309 741 480 814 generaliter
490 744 524 798 de
538 742 669 798 omnibus
678 741 802 799 ecclesiis
815 742 944 815 accipito.

415 859 568 915 novelle
582 861 659 915 xttt.

130 953 165 1009 m
177 955 334 1015 Anthimus,
353 955 476 1014 Scaeua,
490 956 596 1014 Petrus.
610 955 718 1015 Zooros,
732 957 759 1007 et
775 953 877 1022 reliqui
889 954 944 1008 lie·

248 1027 325 1079 retici
338 1025 512 1079 ecclesiastico
530 1025 619 1094 gradu
634 1024 826 1079 detrahentur.

166 1119 243 1173 idem
256 1121 399 1190 Augustus
414 1119 522 1172 llcnuae
537 1117 713 1172 sarrctissimo
737 1124 765 1173 et
783 1117 945 1174 beatissimo

126 1212 337 1283 archiepiscopo
356 1212 675 1283 Constantinopolitano,
691 1211 871 1284 universique
885 1212 946 1282 ejus

126 1312 236 1364 tractus
251 1307 428 1379 patriarchen.

166 1403 228 1457 Non
239 1402 381 1456 insolitam
390 1400 579 1472 imperatoriae
593 1400 732 1472 majestati
744 1416 805 1455 rem
818 1403 944 1472 agentes,

128 1495 165 1550 ad
186 1500 357 1566 praesentem
383 1495 476 1566 legem
502 1494 694 1567 pervenimus.
719 1494 945 1567 Quotiescunque

128 1591 210 1645 enim
227 1589 402 1643 sacerdotum
424 1588 569 1643 sententiae
589 1589 698 1660 aliquos
716 1588 764 1659 qui
794 1588 946 1643 sacerdotio

127 1683 242 1755 indigni
266 1687 360 1738 essent
385 1682 602 1738 sacerdotalibus
623 1681 809 1738 deturbarunt
833 1683 946 1738 sedibus

995 460 1131 516 Severum
1145 462 1364 531 promulgatam,
1383 467 1411 516 et
1426 478 1461 516 cx
1475 461 1605 516 omnibus
1621 463 1810 536 archiepisco·

995 554 1104 625 palibus
1117 559 1144 608 et
1156 554 1392 625 patriarchalibus
1400 555 1511 610 sedibus
1524 572 1580 610 una
1590 573 1655 611 cum
1663 558 1813 628 prudentia

996 648 1160 702 monachali
1173 648 1382 719 procedentem,
1399 655 1524 707 exortem
1538 650 1759 707 coulirmatiouis
1771 669 1812 709 re-

996 742 1051 814 giae
1063 741 1211 812 allicimus,
1226 742 1274 813 qui
1295 742 1373 814 prius
1395 749 1577 799 sacrosanctae
1596 744 1830 825 Theopolitano-¹
1904 814 1909 824 ι

995 852 1060 890 rum
1074 836 1203 892 Ecclesiae
1218 836 1283 891 sede
1302 842 1400 891 contra
1415 854 1509 892 sacros
1530 837 1599 892 ritus
1614 844 1760 911 occupata,
1775 841 1814 897 ita

995 930 1093 984 omnia
1107 931 1292 998 conturbavit,
1310 931 1347 986 ita
1365 931 1531 986 conturbata
1558 934 1765 1003 transmutavit,
1782 940 1815 990 ut

996 1025 1126 1096 generale
1154 1025 1296 1096 quoddam
1314 1030 1342 1079 ct
1363 1025 1468 1096 absque
1490 1025 1632 1080 fecialium
1652 1027 1813 1084 interventu

995 1124 1159 1189 susceptum
1174 1118 1355 1174 sacrosanctis
1373 1119 1491 1173 intense
1507 1120 1629 1175 ecclesiis
1641 1120 1751 1177 bellurn
1767 1121 1811 1178 in·

995 1212 1069 1266 serre
1083 1212 1218 1267 videatur.
1234 1216 1324 1283 Atque
1339 1213 1392 1267 hac
1405 1213 1489 1267 etiam
1503 1214 1538 1268 ab
1551 1213 1595 1268 his
1618 1215 1665 1286 qui
1679 1222 1744 1271 aute
1756 1234 1814 1288 ⁴nos

996 1311 1105 1377 sceptra
1124 1305 1236 1377 imperii
1250 1309 1411 1376 tenuerunt,
1426 1308 1462 1361 ad
1476 1307 1571 1378 ipsum
1584 1309 1721 1379 scriptum
1742 1327 1812 1380 esse,

995 1404 1054 1454 tam
1067 1399 1149 1454 variis
1166 1405 1251 1471 atque
1260 1404 1335 1455 recto
1345 1401 1443 1456 alienis
1452 1401 1616 1472 dogmatum
1627 1402 1772 1459 fraudibus
1782 1422 1813 1460 ac

995 1493 1179 1565 blasphemiis
1194 1498 1332 1564 utentem,
1343 1511 1429 1566 quam
1440 1495 1537 1549 anania
1547 1496 1608 1566 jam
1618 1513 1693 1551 nunc
1703 1503 1815 1570 pertur-

995 1587 1061 1641 bata
1072 1587 1246 1655 reddentem,
1262 1588 1337 1643 etde
1350 1605 1446 1643 errore
1463 1590 1553 1643 solum
1568 1589 1715 1662 utriusque
1726 1593 1815 1647 hoer'e·

996 1680 1113 1734 siarchae
1127 1681 1135 1751 (
1147 1681 1266 1735 Nestorii
1278 1681 1382 1736 scilicet
1395 1685 1423 1736 et
1438 1683 1608 1755 Eutychetis)
1624 1684 1730 1738 haustis
1745 1685 1812 1740 abo·

131 1777 224 1848 (quale
237 1776 282 1845 sit,
297 1776 466 1846 Nestorium,
482 1776 674 1847 Eutychetem,
689 1775 799 1846 Arium,
819 1776 944 1831 Macedo·
956 1758 984 1830 B
997 1775 1137 1829 nriuuudis
1152 1781 1180 1830 et
1196 1792 1262 1830 cum
1276 1776 1412 1846 religione.
1428 1777 1620 1848 pugnantibus
1635 1778 1815 1849 dogmatibus

128 1871 221 1939 nium,
245 1871 424 1938 Eunornium,
442 1873 470 1923 et
492 1870 633 1924 aliusnon
652 1869 784 1924 inferiore
799 1887 885 1941 quam
907 1870 947 1925 illi
995 1869 1175 1938 innitentem,
1198 1876 1225 1924 et
1238 1869 1386 1941 utriusque
1406 1871 1516 1938 ‚horum
1537 1873 1815 1942 perversissimorum

128 1965 260 2036 malitia),
271 1965 352 2020 toties
361 1964 445 2018 etiam
457 1964 492 2018 ad
502 1964 679 2018 sacerdotum
690 1963 886 2018 auctoritatem
896 1963 947 2018 im-
996 1963 1111 2031 ducum,
1129 1963 1177 2033 qui
1199 1963 1310 2018 tametsi
1335 1964 1466 2018 nonnihil
1481 1964 1554 2020 iuter
1572 1982 1600 2020 se
1623 1966 1758 2022 dissidere
1772 1969 1813 2022 vi-

127 2059 268 2130 peratoris
281 2075 433 2112 cousensus
443 2057 569 2127 accessit,
585 2063 615 2111 ut
628 2057 722 2112 divina
734 2074 800 2112 curn
814 2058 946 2113 humanis
996 2057 1172 2122 dcmrtn1·,ad
1187 2073 1277 2111 uuum
1292 2063 1385 2112 marcu
1405 2058 1558 2129 impietatis
1576 2059 1663 2114 finem
1682 2061 1812 2132 tendunt,

128 2153 270 2221 coemrtia,
285 2152 367 2206 rectis
380 2151 525 2206 sententiis
538 2151 737 2222 syruphoniam
751 2152 905 2222 quamdam
919 2154 947 2207 et
976 2150 1118 2228 ‘notorias
1131 2151 1336 2221 disputationes
1349 2151 1541 2223 eltingentem.
1553 2153 1621 2208 Nam
1631 2170 1696 2208 cum
1706 2155 1762 2209 diro
1772 2154 1815 2209 iu·

127 2262 217 2300 uuam
233 2245 444 2300 consonantiam
456 2245 632 2299 inducerent.
644 2244 739 2300 Simile
752 2245 888 2316 quiddam
896 2262 947 2299 un·
996 2248 1040 2299 ter
1054 2261 1082 2298 sc
1096 2245 1237 2299 contraria
1258 2245 1315 2299 sint
1337 2245 1481 2316 dogmata,
1502 2251 1559 2301 tum
1579 2248 1707 2314 Nestorii,
1728 2265 1814 2320 qnam

128 2355 182 2411 per
194 2340 268 2394 circa
289 2338 458 2394 Anthimum
475 2339 599 2393 evenisse
617 2338 731 2407 scimus,
746 2342 805 2393 tam
816 2338 857 2410 ‚aa
872 2342 946 2409 Aga·
997 2338 1159 2409 Eutychctis
1171 2338 1214 2411 (ut
1228 2339 1357 2410 diximus)
1372 2357 1493 2411 quorum
1516 2345 1667 2412 utrumque
1685 2358 1718 2395 es
1733 2358 1815 2413 aequo

128 2437 196 2505 peto
209 2433 346 2505 religiosae
361 2439 389 2488 et
408 2433 582 2488 celebrandae
597 2433 751 2502 memoriae,
767 2434 887 2503 praesule
903 2450 945 2486 sa·
997 2436 1119 2486 mortem
1132 2433 1234 2486 atrimae
1245 2433 1388 2504 importat,
1405 2450 1469 2504 quae
1483 2450 1518 2488 eu
1532 2434 1602 2506 ipsis
1610 2435 1778 2489 arianorum
1787 2440 1815 2490 et

130 2529 321 2582 crosauctaeiu
333 2534 424 2582 vetere
438 2528 526 2581 lloma
540 2527 662 2582 ecclesiae
674 2526 836 2597 constituto,
852 2543 867 2581 e
882 2527 947 2582 sede
995 2526 1164 2597 Apollinaris
1178 2526 1369 2597 impiamentis
1383 2533 1519 2597 constant,
1535 2528 1701 2584 nrircbiliter
1720 2533 1816 2585 tamen

130 2619 217 2691 hujus
230 2622 316 2693 regiae
331 2621 409 2675 urbis
419 2622 579 2692 depulsum,
595 2624 625 2675 ut
637 2622 687 2693 qui
702 2621 730 2675 in
744 2621 840 2676 sedem
855 2635 947 2693 neque
997 2623 1025 2674 et
1034 2628 1138 2691 praeter
1146 2620 1309 2692 opinionem
1319 2622 1378 2692 ipse
1388 2621 1514 2690 allectus,
1529 2621 1657 2676 similiter
1669 2623 1697 2677 in
1708 2630 1815 2678 utrum·

130 2715 189 2769 ulla
203 2716 255 2769 sibi
270 2716 377 2770 ratione
390 2722 609 2787 competentem,
622 2721 651 2770 ct
667 2721 770 2786 preater
788 2731 886 2770 omues
900 2731 946 2768 ca-
997 2730 1052 2785 que
1064 2713 1174 2782 incidit,
1195 2719 1223 2776 et
1246 2731 1321 2769 uurrc
1341 2715 1418 2784 huic,
1433 2732 1509 2770 nrrnc
1527 2715 1569 2769 illi
1591 2715 1698 2785 primas
1721 2723 1816 2787 parles

128 2825 220 2864 naues
234 2809 384 2879 insiliisset,
399 2826 485 2881 quarn
500 2810 646 2864 communi
660 2809 812 2879 sententia3
831 2809 947 2881 ejusque
997 2808 1136 2877 deferens,
1154 2825 1303 2863 commune
1317 2824 1346 2863 se
1366 2825 1489 2879 suosque
1506 2825 1650 2864 sermones
1672 2815 1815 2866 tantorum

129 2903 184 2956 viri
204 2907 307 2958 sancte
326 2903 472 2958 memoriae
493 2904 589 2957 multis
610 2903 772 2957 nominibus
792 2901 948 2957 exosculari
996 2901 1172 2973 piaculorum
1193 2903 1403 2973 receptaculum
1422 2902 1601 2957 constituisse
1615 2903 1734 2959 videtur.
1749 2905 1815 2960 Esto

128 2997 275 3052 videretur
289 2997 325 3060 tid
340 2998 415 3068 quod
430 2998 512 3051 variis
526 2998 705 3068 postmodum
721 2995 889 3051 commentis
906 3012 947 3050 re·
996 2995 1085 3067 igitur
1097 3003 1124 3051 et
1143 2997 1204 3067 ipse
1224 2997 1359 3068 praedicto
1381 2996 1553 3052 anathemati
1576 2996 1725 3067 obnoxius,
1740 2999 1817 3070 quod

128 3090 225 3163 fugit),
239 3091 374 3145 simulans
394 3092 510 3162 quidem
530 3095 623 3146 sancta
643 3108 672 3146 se
692 3097 815 3162 quatuor
831 3088 947 3145 coucilia
998 3091 1144 3145 universus
1164 3090 1355 3162 palumbulis,
1382 3091 1564 3145 sacerdotalis
1589 3095 1619 3146 el
1641 3091 1817 3147 monachalis

129 3185 220 3256 sequi,
236 3202 338 3256 nempe
354 3190 544 3240 trecentorum
558 3187 656 3240 decem
672 3192 701 3241 et
713 3191 774 3240 octo
789 3137 985 3240 sanctorumC
999 3185 1161 3256 reipublice
1176 3191 1278 3239 nostr-ce
1299 3186 1340 3254 (ut
1353 3185 1390 3240 ita
1405 3185 1542 3258 dicamus)
1553 3186 1623 3240 ordo
1633 3185 1710 3257 juste
1730 3187 1757 3241 ei
1768 3187 1815 3241 in·

128 3280 248 3335 Petrum
264 3280 364 3347 hiceae,
376 3287 490 3335 centum
504 3286 532 3334 et
545 3279 754 3351 quinquaginta
765 3280 795 3334 iu
808 3280 861 3334 hac
876 3280 950 3334 alma
999 3279 1089 3348 duxit,
1104 3296 1138 3334 ex
1154 3278 1426 3350 theopolitanorum
1440 3279 1562 3333 Ecclesia
1572 3279 1676 3350 ejectus
1689 3283 1817 3351 propter·

129 3372 213 3443 urbe,
226 3374 412 3429 ducentorum
425 3381 559 3446 praterea
571 3374 674 3444 Ephesi
689 3373 813 3445 primum
828 3388 948 3443 cougre-
999 3390 1031 3427 ca
1045 3373 1121 3444 qnod
1136 3378 1164 3427 et
1178 3373 1255 3425 illius
1277 3373 1355 3426 urbis
1376 3371 1456 3426 sedes
1478 3389 1544 3426 cum
1565 3372 1711 3443 repulerit,
1736 3374 1816 3444 quasi

130 3473 273 3539 gaiorum,
293 3485 385 3540 neque
400 3485 458 3522 non
473 3468 522 3522 liei
533 3468 792 3522 amantissimorum
807 3471 949 3521 sexcento-
999 3467 1049 3538 qui
1061 3484 1097 3521 ne
1107 3467 1187 3520 initio
1196 3466 1312 3537 quidem
1322 3466 1473 3535 rileipsam
1483 3466 1636 3537 occuparit,
1647 3467 1756 3521 vivente
1771 3467 1815 3522 ui·

129 3577 198 3617 rum
221 3567 249 3616 et
270 3562 387 3632 triginta
406 3564 523 3617 Petrum
545 3562 724 3631 Chalcedoni,
748 3578 806 3615 uon
826 3577 892 3615 vero
918 3576 948 3615 re
998 3562 1105 3616 mirum
1123 3561 1215 3615 adhuc
1234 3564 1263 3614 et
1280 3560 1311 3613 iu
1328 3560 1511 3615 sacrosanctis
1526 3561 1650 3616 ecclesiis
1664 3560 1730 3615 hinc
1750 3560 1815 3618 iude

127 3655 193 3727 ipsa
219 3656 331 3710 illorum
357 3657 492 3727 dogmata
515 3673 696 3728 consequeus,
708 3671 799 3726 neque
821 3659 949 3708 nostram
998 3672 1088 3710 sacras
1102 3656 1248 3710 conciones
1261 3654 1382 3708 habente
1396 3670 1428 3709 eo
1444 3654 1493 3725 qui
1506 3659 1571 3710 aute
1584 3655 1678 3726 ipsum
1687 3655 1812 3711 sacerdo·

127 3748 337 3820 benignitatem
350 3754 379 3805 et
390 3750 617 3818 submissionem,
630 3766 715 3822 qnam
725 3766 776 3821 pro
787 3749 847 3819 eius
860 3747 948 3802 salute
997 3751 1037 3806 tio
1052 3750 1164 3804 iunctus
1184 3754 1240 3819 est,
1253 3753 1282 3803 et
1296 3764 1372 3803 nuuc
1387 3765 1573 3804 asuccessore
1592 3767 1643 3804 suo
1662 3750 1815 3806 sacerdotio

128 3844 306 3915 suscepimus
319 3845 463 3916 amplecti,
479 3862 572 3917 neque
590 3845 754 3900 renuntiare
772 3847 830 3897 tam
843 3841 947 3914 impio·
998 3845 1126 3901 exclusus
1139 3844 1192 3913 sit;
1210 3859 1303 3915 neque
1315 3843 1390 3899 intra
1403 3843 1486 3898 hosce
1501 3846 1612 3899 tautum
1627 3845 1764 3901 terminos
1773 3861 1816 3901 re-

126 3953 195 3993 rum
210 3938 375 4010 dogmatum
389 3939 549 3994 auctoribus
569 3956 585 3993 a
599 3939 702 3994 sanctis
715 3936 843 3993 Patribus
857 3937 887 3990 iu
901 3952 946 4008 sy·
997 3935 1108 4009 stiterit,
1125 3938 1172 3994 scd
1180 3938 1241 4009 jam
1252 3938 1337 3993 etiam
1349 3939 1401 3993 sub
1413 3940 1545 4010 generale
1555 3940 1708 3996 anathema
1720 3941 1816 3996 ortho-

126 4032 212 4087 11θῶ1
225 4033 336 4104 releolis
350 4035 456 4102 10111115,
474 4035 521 4090 sed
535 4039 613 4089 1111111
627 4033 656 4088 in
669 4049 760 4088 unum
774 4031 947 4086 11111111111111
998 4038 1080 4094 doxae
1094 4043 1123 4094 et
1137 4036 1280 4093 catholicae
1301 4031 1438 4092 Ecclesiae
1459 4038 1581 4108 rejectus
1603 4039 1648 4109 sit,
1669 4043 1698 4094 et
1718 4040 1815 4095 multis

127 4127 430 4199 θῑῑθῑθῖἱῗθῑῗῧὸΐᾶᾱῦω
440 4136 575 4202 llls⁰⁵q1¹⁰
585 4127 948 4198 11111101111111111111101111111111
998 4133 1142 4188 maledicis
1153 4137 1180 4187 et
1193 4131 1341 4203 prohibitis
1355 4131 1433 4186 libris
1449 4131 1652 4203 rempublicam
1672 4131 1754 4186 uobis
1766 4147 1812 4186 re·

127 4220 180 4293 qui
190 4221 415 4293 condemnarint,
429 4224 614 4279 collocandos.
629 4222 720 4278 Semel
730 4221 807 4276 enirn
820 4219 945 4292 peregri·
996 4227 1116 4283 terserit.
1128 4228 1205 4282 Unde
1214 4227 1242 4280 iu
1258 4226 1420 4281 universum
1432 4225 1564 4279 omnibus
1574 4222 1770 4279 interdicimus
1777 4240 1813 4280 us

128 4314 388 4371 uisasacrosaueta
398 4318 519 4372 Ecclesia
528 4316 747 4389 cogitationibus
759 4314 945 4386 mancipatus,
997 4322 1065 4394 quid
1087 4321 1226 4376 librorum
1249 4320 1310 4391 eius
1334 4323 1511 4390 comparent.
1528 4318 1813 4389 thuemadmodum

128 4413 159 4464 et
174 4410 284 4464 erectis
297 4410 475 4482 dogmatibus
487 4412 597 4466 alienus
609 4412 708 4478 lactus,
725 4409 826 4464 merito
850 4408 886 4462 ad
898 4423 945 4463 eo·
997 4416 1116 4470 Nestorii
1130 4415 1216 4469 libres
1231 4414 1387 4469 describere
1407 4419 1456 4467 aut
1478 4428 1643 4484 comparare
1662 4427 1721 4466 nou
1737 4412 1811 4481 licet,

126 4519 195 4559 rum
209 4504 408 4560 rectitudinem
428 4506 541 4577 regredi
554 4522 612 4560 uon
633 4504 731 4574 valuit,
746 4518 910 4575 quanquam
930 4517 946 4556 11
954 4521 985 4593 Ι)
996 4514 1146 4582 propterea
1164 4507 1241 4581 quod
1251 4513 1316 4562 autc
1332 4524 1382 4561 uos
1396 4506 1614 4578 imperatoribus
1632 4507 1663 4561 iu
1677 4505 1735 4562 suis
1750 4522 1813 4562 con·

125 4596 211 4653 nobis
224 4615 336 4671 quoque
349 4600 499 4671 diligenter
513 4606 541 4656 et
554 4616 666 4655 summo
680 4597 772 4653 studio
786 4596 946 4670 adcjussa·
995 4603 1188 4660 suturionibus
1214 4602 1365 4657 videantur
1390 4601 1542 4674 Porphyrii
1573 4601 1684 4674 scriptis
1716 4607 1814 4656 contra

118 4692 219 4748 ‘lutem
228 4696 474 4767 contendentibus,
483 4693 945 4763 commonstratavia,admouitus.
995 4699 1168 4756 christianos
1182 4697 1264 4753 editis
1277 4696 1384 4752 similes
1403 4696 1535 4763 existere,
1549 4696 1589 4751 ita
1602 4711 1695 4768 neque
1717 4694 1813 4751 Severi

126 4788 248 4859 Propter
259 4790 356 4844 omnia
368 4792 430 4845 haec
442 4791 540 4862 igitur,
552 4808 616 4863 qua
630 4790 769 4870 cumipse
782 4794 860 4860 gesta
870 4791 945 4855 sunt,
995 4794 1069 4850 dicta
1082 4793 1218 4865 scriptave
1231 4791 1308 4863 apud
1323 4807 1496 4863 quemquam
1508 4790 1733 4846 Christianorum
1748 4804 1811 4844 ma·

126 4885 158 4938 et
184 4882 369 4955 depositionis
390 4901 407 4938 a
430 4886 521 4957 gradu
537 4884 722 4941 eeclesiastico
740 4881 908 4940 senteutiam
931 4898 948 4936 a
996 4894 1094 4955 nenio,
1120 4887 1169 4941 sed
1188 4886 1306 4958 prolana
1325 4891 1424 4955 sunto,
1450 4888 1481 4939 et
1499 4901 1516 4938 a
1534 4883 1670 4939 catholica
1691 4882 1813 4939 Ecclesia

127 4981 225 5032 sancta
237 4980 344 5050 syuodo
357 4982 415 5034 tam
427 4996 479 5052 per
491 4997 607 5035 causam
620 4978 724 5034 illicitas
737 4995 830 5051 neque
843 4992 894 5050 per
908 4992 948 5030 sa·

127 5086 192 5125 cros
207 5088 328 5129 canones
347 5075 509 5146 approbatae
524 5076 553 5130 in
566 5074 750 5131 sacerdotales
763 5073 848 5144 hujus
863 5070 948 5142 rcgiae

127 5164 211 5220 urbis
231 5167 309 5222 sedes
324 5167 497 5240 irreptionis,
512 5186 598 5242 quam
616 5187 633 5224 a
651 5169 735 5225 rectis
754 5172 783 5222 ct
803 5164 877 5221 veris
898 5163 948 5218 do·

129 5261 275 5333 gmatibus
297 5262 464 5318 diversionis
486 5265 636 5336 prolatam,
659 5269 749 5318 ratam
769 5265 865 5315 nostra
882 5257 950 5313 iacit

128 5355 273 5426 maiestas,
288 5357 379 5430 deque
392 5358 426 5413 iis
440 5366 611 5430 praesentem
631 5359 724 5430 legem
744 5353 902 5411 conscribit.
917 5353 950 5408 ut

128 5449 328 5506 interdicimus
354 5470 389 5508 ne
402 5454 432 5507 iu
446 5454 523 5508 alma
542 5455 593 5508 hac
609 5453 677 5508 urbe
691 5454 807 5524 eiusque
821 5447 950 5503 confiniis

128 5559 241 5599 moram
248 5547 350 5618 trahat,
359 5564 428 5603 neve
437 5549 534 5603 inulla
542 5548 734 5621 insigniorum
748 5545 860 5600 urbium
874 5540 952 5613 quie·

128 5642 190 5694 tem
205 5644 271 5711 aget
287 5657 293 5694 :
309 5643 465 5697 sancientes
479 5649 510 5698 ut
524 5660 588 5698 cum
609 5643 654 5696 his
670 5641 831 5712 acquiescat
850 5636 952 5709 quibus

129 5749 160 5788 sc
174 5732 295 5805 dignum
308 5737 439 5808 prebuit,
456 5755 548 5809 neque
560 5753 626 5792 cum
636 5735 702 5793 ullis
716 5732 952 5790 cousuetudinem

128 5827 217 5900 ineat,
227 5835 277 5886 aut
289 5846 336 5886 eos
350 5831 380 5886 iu
393 5833 550 5903 perniciem
562 5832 772 5904 prohibitorum
787 5831 952 5903 dogmatum

997 4983 1100 5051 alicua,
1112 4981 1230 5054 ignique
1244 4980 1474 5035 comburuntora
1485 4977 1699 5049 possessoribus,
1716 4976 1771 5031 nisi
1783 4976 1814 5031 il·

997 5078 1031 5132 lis
1045 5075 1199 5132 retinendis
1210 5075 1241 5130 iu
1254 5074 1413 5146 periculum
1425 5073 1526 5128 adduci
1539 5072 1635 5127 retiret.
1649 5072 1814 5127 Priatereea

998 5171 1112 5226 nemine
1126 5170 1155 5224 in
1170 5175 1316 5243 posterum
1323 5166 1545 5234 conscribuntor,
1557 5166 1613 5221 sive
1623 5165 1756 5222 librarius
1765 5165 1814 5220 ali·

998 5265 1072 5337 quis,
1089 5264 1145 5320 sive
1164 5264 1302 5332 notarius,
1319 5262 1375 5317 sive
1388 5260 1539 5333 quisquam
1553 5260 1626 5316 alius
1639 5260 1676 5316 sit
1694 5276 1701 5313 z
1723 5259 1814 5315 scions

999 5360 1074 5431 quod
1088 5358 1163 5414 illins
1173 5357 1247 5413 dicta
1258 5354 1500 5411 conscribentibus
1514 5355 1647 5411 abscissio
1665 5370 1766 5410 manus
1783 5352 1814 5406 iu

1000 5469 1115 5526 poenam
1126 5450 1306 5522 irrogabitur.
1319 5449 1455 5505 Nolumus
1464 5450 1607 5505 etenimut
1616 5449 1732 5504 illorum
1741 5445 1814 5500 blas·

1000 5547 1115 5619 phemio
1129 5545 1165 5600 ad
1187 5545 1242 5599 alia
1256 5550 1388 5617 prorepat
1403 5545 1516 5600 saeciila.
1532 5541 1719 5602 Consimiliter
1731 5543 1760 5593 et
1774 5537 1815 5593 illi

1002 5641 1085 5712 hujus
1100 5640 1186 5711 regiae
1199 5639 1286 5708 urbis,
1313 5644 1427 5712 ejusque
1443 5639 1640 5704 confiniorum,
1654 5640 1682 5690 et
1693 5632 1813 5703 alicujus

1002 5734 1165 5808 insignioris
1179 5733 1299 5790 civitatis
1312 5733 1442 5806 ingressu
1456 5730 1662 5800 interdicimus;
1679 5728 1728 5783 sed
1742 5727 1816 5784 utin

1002 5829 1060 5886 solo
1071 5829 1165 5905 aliquo
1180 5829 1242 5886 loco
1253 5833 1283 5886 et
1295 5827 1407 5886 abactio
1419 5823 1562 5894 desideat,
1569 5822 1754 5897 acquestum
1762 5837 1830 5872 sm·
