3884 6150
82 265 139 324 {25
415 216 427 238 ἱ
586 270 630 328 DE
649 271 804 331 LlTUllel
822 273 1007 331 celticam
1028 273 1125 330 oleon
1144 272 1277 359 emaus.
1715 265 1764 328 lid

402 377 514 436 CAPUT
532 379 575 437 lV.
910 380 1048 486 Atenda.
1073 380 1156 446 Quod
1179 398 1235 453 qua
1255 379 1414 448 occasione,
1438 395 1529 453 quove
1549 379 1681 452 tempore
1702 375 1766 437 llari

78 478 231 537 Gallicana
257 481 388 552 Liiurpiae
408 497 467 538 eum
486 484 551 540 ateis
568 486 689 547 matesis,
707 485 825 539 mammo
841 499 901 538 cum
950 478 1074 546 coeptnm
1089 475 1135 543 sit,
1149 473 1283 530 exveteri
1299 473 1418 530 historia
1433 475 1666 545 Compostellana
1681 474 1766 529 docet

112 561 289 618 Momrcbico
306 565 481 633 comparatio.
499 566 543 619 Aa
559 564 732 621 Mororobioo
750 565 899 634 antiquior.
949 568 1762 636 Ambrosiusliorales‚ete1eoBaroniusadannu1n9l8.

114 641 234 710 Quinam
247 642 395 698 Gallicam?
408 646 537 700 aucillis·
950 662 1089 733 Nempe«
1108 662 1299 717 sisenandum
1320 663 1520 733 Compostellae
1540 662 1706 735 episcopum
1726 661 1765 717 ad

116 754 209 810 LEtsi
217 754 401 810 inGallicano
414 755 472 813 ritu
482 756 591 811 eadem
604 756 724 812 omnino
740 758 836 827 partes
844 755 901 810 sint
948 757 1091 811 loannem
1106 772 1211 827 papam
1227 772 1254 822 x,
1271 754 1319 826 qui
1336 756 1420 826 paulo
1441 758 1508 809 ente
1525 756 1664 826 Legatum
1679 772 1763 811 suum

78 850 168 918 atque
187 848 217 902 in
240 849 425 917 llozarabico‚
442 850 498 905 alia
516 853 614 905 tamen
636 855 678 905 est
698 850 728 904 in
754 849 899 904 Gallicano
950 849 1174 921 compostellam
1186 848 1222 903 ad
1235 848 1432 903 venerandum
1444 847 1534 902 sancti
1549 848 1645 903 Jacobi
1661 866 1765 921 corpus

78 941 292 997 Collectionum
309 942 489 1014 compositio,
504 942 573 999 item
590 944 652 998 alia
667 943 773 1014 passim
790 942 898 998 Lectio·
950 942 1101 1010 direxerat,
1113 942 1223 998 misisse
1233 944 1375 998 ioannem
1386 941 1599 1013 Presbyterum,
1611 945 1642 995 nt
1656 944 1763 999 Roma·

77 1050 130 1088 nes
140 1051 176 1089 ex
187 1034 282 1089 Veteri
293 1052 326 1089 ac
336 1038 412 1092 Novo
423 1037 617 1105 Testamento,
629 1039 716 1108 atque
728 1036 816 1092 etiarn
827 1036 900 1091 alius
949 1052 1002 1091 nos
1013 1037 1085 1092 ritus
1101 1037 1271 1108 exploraret,
1285 1039 1314 1089 et
1328 1052 1393 1089 cnm
1410 1035 1589 1091 blozarabicis
1605 1037 1759 1092 conferret.
1781 1028 1787 1039 ’

78 1144 168 1182 sacrae
181 1128 302 1183 actionis
319 1130 428 1196 Canon,
445 1129 536 1202 quiin
552 1130 697 1202 plerisque
713 1130 806 1184 missis
824 1133 900 1185 utro·
948 1131 1133 1185 Ettoannem
1144 1130 1262 1200 quidem
1275 1128 1449 1196 observasse,
1462 1129 1593 1200 quamvis
1603 1131 1696 1185 multa
1705 1129 1763 1184 ritu

77 1221 169 1293 bique
187 1221 315 1276 diversus
335 1225 388 1277 est.
405 1224 511 1279 Verum
524 1224 611 1295 longe
626 1223 722 1295 majus
737 1226 799 1279 erat
812 1224 897 1279 Galli·
949 1223 1070 1291 diverso,
1089 1224 1119 1277 in
1134 1224 1213 1279 nullo
1234 1227 1334 1279 tamon
1357 1241 1391 1278 ea
1409 1223 1572 1294 discrepare
1590 1241 1606 1279 a
1624 1223 1764 1280 catholica

77 1315 145 1370 cani
157 1314 273 1369 Ordinis
287 1314 441 1371 discrimen
457 1333 473 1370 a
487 1317 606 1372 crateris.
948 1315 1076 1371 veritate.
1092 1317 1185 1382 Quam
1202 1317 1238 1372 ob
1252 1334 1315 1372 rem
1331 1316 1491 1373 Siscnando
1505 1317 1535 1370 in
1549 1317 1658 1387 synodo
1670 1317 1764 1372 visum

113 1411 139 1464 2.
157 1409 255 1464 Primo
272 1407 301 1463 in
314 1409 460 1465 Gallicano
474 1409 623 1466 Lectiones
636 1409 741 1482 passim
754 1410 817 1464 duae
830 1413 898 1465 ante
949 1426 1019 1477 esse,
1030 1409 1142 1466 omissis
1156 1410 1274 1482 reliquis
1288 1415 1429 1482 tanquam
1442 1409 1559 1465 levioris
1569 1410 1721 1476 momenti,
1733 1412 1764 1464 ut

77 1502 278 1573 Evangelium
287 1503 381 1574 utjam
387 1503 519 1570 diximus,
528 1504 734 1571 recitabantur,
742 1521 800 1558 una
808 1520 841 1558 ex
849 1505 900 1558 Ve-
948 1504 1103 1559 sacratiora
1114 1504 1160 1559 illa
1170 1504 1352 1575 potissimum
1363 1504 1459 1571 verba,
1467 1504 1571 1575 quibus
1580 1503 1764 1559 incruentum

78 1594 132 1649 teri
145 1596 342 1664 Testamento,
354 1597 444 1651 altera
455 1613 488 1651 er
502 1598 636 1652 Noverit
649 1597 679 1652 in
695 1598 826 1652 Romano
841 1613 898 1652 una
948 1596 1118 1654 sacrificium
1138 1598 1299 1669 perficitur,
1318 1599 1450 1653 Romano
1472 1597 1529 1654 ritu
1546 1597 1782 1668 proferrentur„-

77 1691 195 1743 lantum
209 1689 304 1744 Lectio
317 1706 351 1744 ex
370 1690 502 1761 Epistolis
516 1689 606 1758 Pauli,
623 1694 654 1745 ut
670 1694 750 1762 patet
764 1707 824 1746 non
838 1695 898 1745 tam
948 1706 1012 1761 quae
1021 1691 1162 1762 aliquibus
1175 1691 1279 1746 additis
1290 1693 1333 1745 vel
1347 1691 1465 1746 mutatis
1476 1691 1516 1746 ita
1527 1691 1558 1745 in
1574 1690 1649 1746 dicto
1663 1690 1765 1754 blissali

78 1799 110 1837 er
122 1783 199 1838 ialsa
211 1783 325 1837 Damasi
339 1784 459 1854 epistola
469 1784 596 1840 secunda
606 1784 742 1839 decretali
753 1784 790 1838 ad
802 1781 936 1853 Hiero-B
948 1785 1052 1856 scripta
1067 1788 1163 1839 essent
1177 1801 1183 1839 :
1199 1788 1254 1841 Hoc
1265 1767 1305 1840 cst
1318 1801 1413 1856 corpere
1426 1800 1523 1848 meam,
1545 1785 1617 1855 qaod
1626 1801 1679 1856 pro
1692 1785 1766 1840 vobis

79 1893 213 1948 nymnm,
237 1893 325 1946 qnam
351 1894 385 1932 cx
402 1876 476 1932 libro
501 1876 628 1945 Comitis,
650 1881 679 1931 et
700 1894 734 1932 ex
751 1876 899 1932 Walairidi
950 1879 1083 1934 trudatur.
1098 1880 1132 1932 Et
1147 1881 1215 1935 :Hic
1222 1880 1343 1934 astralia
1350 1881 1414 1933 aovi
1428 1881 1591 1933 Testamenti
1598 1880 1627 1932 ia
1634 1880 1778 1947 sanquine·

78 1969 172 2025 Strabi
188 1986 253 2040 cap.
268 1972 311 2038 22,
327 1973 521 2042 praeterquam
534 1971 563 2026 in
571 1970 664 2027 Natali
675 1970 789 2026 Domini
800 1973 829 2024 et
839 1971 899 2042 qui·
947 1988 1013 2036 meo,
1022 1975 1070 2042 qai
1081 1988 1131 2043 pro
1141 1973 1216 2027 vobis
1228 1976 1254 2027 ct
1265 1989 1317 2043 pro
1330 1972 1582 2041 mattiseffaadetar
1595 1974 1624 2025 ia
1635 1973 1766 2026 remissio-

78 2062 203 2118 busdam
219 2062 280 2120 aliis
296 2063 406 2128 diebus,
426 2063 461 2118 de
482 2063 585 2135 quibus
602 2064 771 2135 Micrologus
790 2062 854 2137 26
868 2064 898 2119 in
947 2081 1007 2120 aem
1018 2070 1196 2136 peccatorum.
1212 2086 1226 2114 ιι
1241 2067 1283 2120 lta
1299 2082 1368 2138 ergo
1384 2065 1550 2121 Mozarabici
1564 2063 1635 2118 ritus
1653 2066 1765 2118 mutata

79 2156 172 2228 capite
185 2159 230 2210 52.
242 2157 351 2211 Deinde
362 2157 392 2211 in
400 2158 531 2213 Romano
543 2174 593 2211 seu
604 2158 755 2214 Gelasiano
766 2157 828 2213 aliae
839 2174 899 2213 om·
949 2162 992 2214 est
1002 2159 1137 2226 formula,
1150 2159 1259 2213 caeteris
1269 2158 1441 2225 immutatis,
1451 2175 1515 2230 quae
1525 2176 1542 2213 a
1551 2159 1682 2212 Romano
1693 2157 1766 2211 mul-

80 2249 147 2304 nino
161 2253 247 2304 erant
257 2253 362 2321 partes,
373 2251 449 2321 quod
464 2268 497 2305 ex
513 2251 653 2322 superiori
663 2251 811 2322 utriusque
822 2267 899 2305 com·
948 2257 1010 2307 tum
1025 2253 1198 2323 discrepant.
1216 2253 1259 2308 Sic
1270 2253 1358 2308 etiem
1371 2256 1452 2307 vetus
1464 2249 1663 2307 Ambrosianae
1676 2250 1767 2305 Litnr·

79 2343 231 2414 paratione
248 2343 434 2398 manifestum
451 2348 502 2397 est.
515 2344 704 2399 Collectiones
715 2344 819 2415 quippe
832 2346 899 2400 Post
949 2346 1003 2417 gie
1021 2347 1148 2401 fororula
1168 2346 1390 2401 consecrationis
1406 2347 1443 2401 ad
1459 2347 1622 2400 Romanam
1630 2343 1764 2412 accessit,

80 2437 209 2504 nomina,
216 2437 284 2491 Post
293 2453 403 2508 pacem,
413 2438 594 2491 sarecenos
604 2437 899 2508 mysterium,desunt
948 2456 1014 2494 cum
1034 2440 1063 2494 in
1078 2440 1294 2495 consecratione
1307 2440 1455 2510 sanguinis
1474 2440 1536 2495 heac
1551 2442 1663 2494 tantum
1678 2437 1768 2493 verba

80 2529 108 2583 in
119 2529 282 2598 Gelasiano,
294 2530 323 2584 in
335 2547 392 2601 quo
402 2546 517 2601 semper
529 2531 607 2585 idem
617 2547 703 2585 sacrae
714 2530 833 2585 actionis
844 2532 896 2586 Ca·
948 2533 1017 2588 olim
1034 2534 1183 2588 exhiberet
1196 2550 1203 2586 ε
1217 2537 1268 2590 Hic
1281 2539 1319 2589 est
1332 2536 1402 2589 mim
1413 2536 1525 2604 sanquis
1537 2548 1621 2589 racia.

81 2639 149 2691 non,
162 2628 266 2678 contra
281 2640 368 2695 quam
383 2624 411 2678 in
424 2624 579 2679 Gallicano.
592 2625 681 2679 Unica
694 2624 782 2679 etiam
796 2623 897 2679 eratin
982 2628 1009 2681 4.
1024 2628 1069 2681 An
1083 2627 1243 2682 Gallicanus
1259 2627 1330 2682 ordo
1349 2627 1558 2682 Mozarabicum
1577 2625 1764 2698 praecesserit,

81 2717 215 2772 africano
228 2716 324 2785 Lectio
339 2720 405 2771 ante
416 2717 603 2788 Evangelium
618 2734 652 2771 er
666 2717 757 2772 dictis.
773 2718 910 2772 Ambra.
948 2719 1031 2790 eique
1050 2721 1176 2774 formam
1187 2722 1216 2773 el
1226 2721 1391 2790 exemplum
1402 2708 1634 2791 praebuerit,'hoc
1648 2721 1710 2774 loco
1725 2719 1767 2773 in·

81 2810 177 2865 sianus
192 2827 279 2882 porro
292 2810 373 2877 ritus,
384 2810 436 2865 etsi
452 2811 522 2867 duas
535 2828 601 2865 cum
612 2810 757 2866 Gallicano
769 2812 895 2867 cilloza·
948 2813 1062 2884 quirere
1079 2814 1169 2883 juvat.
1184 2812 1363 2869 Gallicanum
1382 2830 1444 2867 esse
1464 2812 1658 2883 antiquiorem
1673 2813 1766 2867 multa

80 2905 177 2959 rabico
194 2903 340 2972 admittat,
353 2904 383 2958 in
398 2905 452 2959 boo
467 2906 567 2958 tamen
578 2921 594 2959 a
604 2904 779 2960 llozarabico
790 2903 896 2972 differt,
948 2906 1131 2978 persuadent.
1147 2908 1178 2962 ln
1192 2906 1293 2976 primis
1303 2906 1464 2977 Prophetioe
1477 2906 1560 2959 lectio
1576 2905 1765 2976 apostolicam

80 3003 166 3070 atque
181 2998 223 3065 (ut
238 2997 356 3069 quidem
372 2997 430 3053 veri
445 2998 624 3052 simillimum
641 2997 692 3069 est)
709 2997 895 3066 aGallicano,
948 2999 1129 3070 praecedebat
1138 2999 1216 3071 apud
1226 3000 1321 3055 Gallos
1331 3004 1463 3070 tempore
1472 2999 1562 3054 sancti
1573 2998 1686 3054 Caesarii
1694 3001 1764 3053 Are-

80 3091 160 3163 quod
174 3091 298 3146 Alleluia
310 3095 430 3145 canatur
443 3091 472 3145 in
487 3091 680 3147 Ambrosiano
693 3094 761 3146 ante
771 3093 898 3162 Evange-
948 3093 1065 3148 latensis
1080 3093 1216 3164 episcopi,
1232 3091 1298 3167 28
1314 3092 1362 3164 qni
1382 3093 1411 3147 in
1424 3109 1560 3148 sermone
1575 3093 1613 3146 ad
1625 3093 1765 3164 populum
1787 3072 1789 3089 ¹

79 3184 756 3256 lium,secusinllozarabico‚utprcecipitcanon
768 3151 936 3241 l2conci-C
950 3187 1057 3255 babito,
1073 3189 1105 3240 ut
1126 3187 1161 3240 ab
1175 3187 1303 3252 ecclesia,
1318 3186 1411 3242 donec
1426 3203 1507 3241 sacra
1523 3189 1639 3257 peracta
1659 3187 1764 3252 essent,

81 3280 109 3333 lii
120 3278 431 3348 n'ToletaniDenique
441 3278 899 3350 inldozarabicolegunturactaet
950 3297 1008 3336 non
1021 3279 1226 3346 recederet,ita
1235 3280 1377 3351 loquitur:
1387 3301 1400 3329 e
1414 3280 1444 3335 Si
1453 3278 1766 3350 diligenterattenderi-

80 3371 897 3441 Vitaesanctorum,noninGelasiano‚aulinAmbrosiano.
949 3374 994 3440 tis,
1010 3372 1188 3444 cognoscetis
1200 3373 1268 3444 quia
1283 3390 1341 3428 non
1358 3376 1425 3427 tunc
1437 3373 1511 3427 finiat
1524 3372 1629 3437 missae,
1647 3372 1764 3443 quando

117 3469 144 3520 3.
162 3468 312 3522 Romanus
335 3465 434 3521 Canon
456 3468 522 3520 ante
540 3465 711 3536 Gregorium
729 3466 806 3520 idem
825 3470 897 3534 erat,
949 3467 1052 3522 divinae
1066 3467 1214 3521 Lectiones
1229 3467 1258 3520 in
1275 3466 1393 3521 ecclesia
1405 3465 1573 3531 recitantur,
1584 3466 1635 3519 sed
1649 3464 1765 3535 quando

80 3559 209 3632 pauculis
219 3559 313 3613 verbis
326 3558 458 3629 exceptis,
468 3561 554 3629 atque
565 3559 652 3614 modo
664 3559 799 3615 usitatus:
810 3576 898 3630 quem
950 3576 1072 3615 munera
1092 3559 1263 3626 offeruntur,
1280 3563 1309 3613 et
1328 3575 1430 3629 eorpus
1450 3559 1495 3612 vel
1513 3558 1629 3628 sanguis
1649 3557 1765 3612 Domini

80 3654 199 3724 t'igilius
208 3669 323 3724 papaex
334 3650 490 3724 apostolice
498 3651 652 3707 traditione
660 3653 896 3724 acceptum,Gre·
949 3657 1141 3710 consecratur.
1158 3655 1231 3708 Nam
1249 3652 1408 3720 Lectiones,
1427 3650 1483 3706 sive
1501 3650 1765 3725 p1·opheticas,sire

79 3748 179 3818 gorius
195 3746 314 3816 Magnus
332 3762 349 3799 a
371 3744 497 3815 quodam
512 3744 687 3801 Scholastica
705 3745 899 3817 compositum
950 3747 1128 3819 apostolicas,
1138 3747 1194 3801 sive
1208 3746 1402 3817 Evangelicas,
1415 3745 1504 3800 etiam
1515 3745 1544 3800 in
1559 3745 1693 3800 domibus
1706 3761 1766 3799 ves·

80 3841 159 3906 dicit,
171 3841 291 3895 Precem
302 3839 451 3909 appellans
461 3838 490 3892 in
501 3838 622 3910 epistola
633 3839 671 3893 ad
684 3841 696 3895 J
701 3856 826 3895 oannem
837 3839 897 3910 epi·
950 3824 999 3897 tris
1013 3845 1062 3896 aut
1072 3841 1125 3912 ipsi
1138 3843 1245 3912 legere,
1263 3843 1312 3895 aut
1326 3839 1397 3894 alios
1409 3840 1539 3910 legentes
1552 3839 1651 3894 audire
1669 3842 1765 3910 potes-

80 3950 201 4004 scopum
215 3933 438 4004 Syracusanum,
451 3948 514 4002 quea
528 3935 570 3987 est
585 3934 618 3986 el
633 3932 696 3986 libri
712 3950 750 3987 vn
762 3933 859 3988 indict.
871 3937 897 3989 2.
949 3931 1766 4004 tis;consecrationemverocorporisetsanguinisDomini

79 4028 143 4092 Quo
154 4026 273 4082 nomine
285 4025 373 4080 etiam
386 4025 473 4079 utitur
483 4025 640 4096 Cyprianus
655 4026 684 4080 in
696 4026 768 4081 libro
778 4027 815 4081 de
830 4027 897 4083 Uni·
950 4045 1007 4083 non
1021 4028 1098 4095 alibi,
1112 4027 1167 4083 nisi
1183 4027 1211 4083 in
1225 4027 1312 4082 domo
1329 4026 1390 4093 Dei,
1404 4026 1504 4081 audire
1519 4029 1562 4081 vel
1576 4027 1672 4082 videre
1683 4029 1765 4097 pote·

77 4124 139 4176 tate
155 4119 297 4186 Ecclesiae,
315 4118 362 4174 ubi
376 4118 571 4173 schismaticos
586 4123 616 4172 et
629 4120 778 4175 haereticos
793 4120 897 4193 arguit,
948 4121 1018 4176 ritis.
1033 4143 1047 4171 »
1064 4124 1163 4192 ltaque
1175 4121 1293 4177 missam
1305 4120 1509 4192 praecedebant
1521 4124 1611 4175 ternae
1623 4118 1765 4190 ejusmodi

80 4200 185 4286 qood«
197 4213 372 4284 contemptis
383 4211 531 4283 episcopis,
544 4215 573 4266 et
583 4212 631 4268 Dei
642 4213 838 4269 sacerdotibus
849 4214 898 4268 de·
949 4215 1106 4271 Lectiones.
1129 4216 1211 4280 Quod
1233 4215 1261 4269 in
1286 4213 1491 4270 Mediolanensi
1509 4213 1627 4267 ecclesia
1653 4212 1765 4265 virente

80 4307 197 4374 relictis,
212 4306 387 4362 constituere
400 4306 509 4359 audent
522 4304 599 4360 aliud
611 4307 710 4373 altare,
725 4308 843 4363 Precem
858 4309 897 4363 al·
948 4309 1100 4364 Ambrosio
1117 4326 1169 4364 usu
1189 4308 1298 4363 venisse
1312 4310 1412 4361 auctor
1433 4310 1477 4360 est
1489 4305 1629 4376 Sulpicius
1643 4305 1765 4360 Severus

80 4407 175 4457 teram
191 4400 296 4455 illicitis
317 4399 431 4455 vocibus
453 4399 558 4464 lacere,
577 4402 606 4454 et
628 4399 779 4456 dominicae
798 4401 899 4456 hostire
949 4402 977 4457 in
991 4403 1039 4457 lib.
1054 4420 1085 4456 ιιι
1099 4403 1134 4456 de
1148 4403 1204 4456 vita
1221 4399 1311 4455 sancti
1323 4398 1444 4453 Martini.

81 4496 235 4551 vamtatem
246 4511 298 4566 per
309 4494 381 4548 falsa
392 4491 528 4547 sacrificia
539 4493 723 4563 profanare.»
733 4493 938 4594 OrationemD
985 4501 1010 4551 5.
1028 4495 1177 4550 Lectiones
1196 4495 1269 4560 illas,
1285 4494 1320 4547 de
1340 4491 1444 4562 quibus
1460 4493 1520 4564 agit
1534 4491 1681 4560 Caesarius,
1698 4507 1765 4547 vero

81 4589 224 4662 appellari
243 4589 351 4643 mavult
369 4583 543 4657 Augustinus
562 4587 590 4641 in
609 4587 728 4658 epistola
750 4588 799 4642 lle
820 4605 900 4643 novae
950 4590 1112 4664 proximum
1126 4591 1227 4642 esteas
1239 4588 1397 4659 ipsasesse,
1414 4587 1525 4660 quasin
1538 4587 1672 4642 ordinem
1686 4586 1767 4642 rede-

81 4683 218 4739 editionis
227 4700 307 4737 num.
319 4685 350 4738 16
361 4699 367 4737 ι
379 4703 393 4731 ι(
402 4681 512 4749 Omnis,
521 4684 572 4735 aut
581 4697 655 4752 pene
664 4682 759 4736 omnis
767 4682 900 4753 frequen·
950 4686 1031 4755 gerat
1050 4683 1153 4736 saeculo
1171 4699 1188 4733 v
1207 4682 1326 4737 binemus
1344 4683 1493 4754 presbyter
1502 4681 1691 4749 Massiliensis,
1706 4679 1765 4750 qui,

81 4782 124 4831 tat
134 4777 270 4845 Ecclesia,
288 4777 319 4830 nt
332 4775 513 4830 Precationes
525 4774 698 4845 accipiamus
713 4774 812 4842 dictas,
828 4792 899 4846 quas
950 4781 1021 4832 teste
1032 4775 1182 4832 Gennadio
1196 4775 1225 4829 in
1240 4792 1301 4848 cap.
1316 4779 1349 4831 79
1364 4776 1399 4832 de
1412 4775 1484 4830 Viris
1498 4775 1662 4841 illustribus,
1676 4796 1690 4825 a
1702 4774 1767 4829 hor·

81 4871 204 4926 iacimus
218 4869 248 4924 in
261 4868 454 4924 celebratione
469 4870 728 4935 sacramentorum,
741 4871 898 4939 antequam
949 4874 1010 4925 tatu
1024 4868 1113 4923 sancti
1135 4869 1248 4923 Venerii
1267 4869 1392 4942 episcopi
1413 4869 1455 4924 sui
1471 4868 1611 4939 excerpsit
1628 4886 1661 4923 ex
1680 4869 1767 4924 sacris

82 4965 162 5032 illud,
174 4963 253 5035 quod
267 4966 310 5017 est
322 4961 351 5016 in
365 4961 481 5018 Domini
492 4978 603 5029 mensa,
615 4961 732 5033 incipiat
742 4961 875 5016 benedici
889 4977 896 5016 :
950 4962 1100 5034 Scriptnris
1111 4962 1260 5017 Lectiones
1269 4962 1355 5018 totius
1365 4961 1547 5017 anniiestivis
1557 4965 1639 5033 aptas
1649 4961 1766 5031 diebus;

82 5054 899 5124 Orationes,cumbenediciturautsanctificatur,etaddis·
950 5055 1768 5128 responsoriaetiampsalmorum,etcapitulatemporiet

82 5151 268 5207 tribuendum
283 5149 499 5205 comminuitur.
512 5149 605 5214 Quam
621 5152 712 5204 totam
726 5148 897 5220 petitionem
950 5150 1129 5205 Lectionibus
1143 5150 1365 5222 congruentia...
1377 5149 1432 5206 Sed
1447 5154 1475 5204 et
1491 5149 1527 5204 ad
1540 5165 1768 5221 personamsan·

80 5247 141 5301 iere
155 5244 251 5301 omnis
265 5244 389 5299 Ecclesia
402 5243 552 5299 Dominica
567 5243 697 5298 oratione
713 5242 866 5299 concludit.
881 5263 896 5291 ι»
949 5245 986 5299 cti
1005 5243 1126 5299 Eustasii
1147 5243 1283 5315 episcopi,
1301 5244 1470 5299 successoris
1491 5243 1621 5315 praedicti
1641 5244 1768 5300 hominis

81 5335 896 5410 AmbrosianusCanoninpaucisdillert27ailomano:
949 5336 1768 5410 Dei,composuitsacramentorumegregiumotnonpar-

80 5438 108 5488 at
122 5433 302 5488 solemnibus
311 5433 415 5504 quibus
426 5431 508 5504 panis
521 5435 704 5486 consecratur
714 5430 807 5484 verbis
820 5447 897 5501 quos·
948 5450 1016 5487 vum
1029 5433 1236 5502 volumen,per
1247 5431 1768 5503 membraquidemproopportunita-

79 5528 147 5584 dam
158 5527 242 5583 addit
250 5526 432 5584 liozarabieoe
443 5526 576 5582 formulae
586 5525 701 5591 similia,
714 5525 826 5579 inbunc
838 5541 899 5580 rno-
949 5525 1365 5596 teolficiorumettemporum‚
1374 5542 1425 5597 pro
1434 5525 1603 5580 Lectionum
1611 5525 1768 5595 textopsal·

79 5622 148 5678 dum
163 5639 170 5678 ε
185 5625 242 5680 Hoc
258 5626 298 5678 cat
309 5637 404 5694 eorpus
416 5635 514 5684 meum,
527 5621 599 5690 qaod
610 5635 662 5690 pro
674 5619 769 5674 multis
780 5620 899 5686 conscia·
949 5635 1123 5689 morumque
1133 5617 1615 5674 serieetdecantationediseretum
1627 5617 1766 5690 :sedsup

78 5722 166 5785 ocur.
179 5715 367 5785 Mozarabico,
379 5715 512 5772 tradetur.
524 5716 555 5768 {n
567 5714 681 5784 vulgato
692 5712 794 5767 ldissali
806 5713 896 5768 lloza·
948 5712 1073 5784 plicandi
1089 5713 1147 5767 Deo
1162 5715 1191 5766 et
1210 5713 1391 5769 contestandi
1406 5712 1611 5767 beneficiorum
1626 5708 1688 5777 ejus
1699 5713 1766 5769 soli·

79 5810 184 5870 rabnrn
198 5811 236 5869 ad
247 5810 411 5884 marginem
426 5812 552 5878 uelatur,
564 5808 625 5863 haec
638 5806 724 5861 verba
735 5822 796 5863 esse
812 5806 896 5863 omit·
949 5806 1037 5863 ditate
1051 5805 1094 5864 sui
1108 5809 1347 5865 consentancum.
1356 5831 1370 5858 »
1384 5805 1436 5863 Ubi
1450 5800 1628 5862 contestandi
1640 5803 1768 5868 vocabu.
