3878 6150
129 278 176 335 itt
581 272 626 334 AD
644 273 824 336 meretis
843 275 885 336 ET
903 276 1057 338 DECRETA
1075 277 1207 338 PEthGli
1223 278 1320 338 PAPAE
1339 281 1362 337 D
1763 277 1815 343 tte

130 404 197 442 vero
211 401 274 459 ques
285 384 314 442 in
330 385 506 442 Antiocheno
522 387 643 443 concilio
659 387 782 443 habetur
799 390 873 460 (Can.
888 391 943 460 ul),
955 406 985 480 Α
996 390 1031 445 de
1041 391 1102 447 loco
1117 390 1154 445 ad
1168 391 1274 459 locum,
1285 393 1315 446 et
1329 390 1365 445 de
1387 387 1500 446 civitate
1513 389 1551 447 ad
1568 388 1725 460 civitatem,
1743 393 1814 447 tales

129 484 160 535 ut
170 481 318 554 episcopus
332 482 367 535 ab
381 481 437 536 alia
448 480 588 552 parochia
597 498 781 553 nequaquam
792 483 898 555 migret
907 483 943 539 ad
995 501 1180 556 nequaquam
1187 485 1338 556 reciperet,
1349 501 1403 540 nec
1412 500 1509 540 secum
1517 489 1643 553 teneret,
1650 502 1704 541 nec
1713 486 1744 541 in
1753 486 1814 542 aliis

129 576 227 643 aliam,
240 579 309 642 tota,
327 579 412 645 atque
427 591 529 629 omnes
550 576 702 630 sententiae
713 576 748 630 de
770 593 804 632 ea
819 577 943 648 [eadem]
994 578 1155 633 civitatibus
1173 595 1222 633 eos
1244 580 1406 634 collocaret.
1430 579 1482 644 Qui
1498 579 1577 634 enim
1596 576 1815 651 persequuntur

129 669 222 723 rerim
232 668 359 738 superius
366 669 605 739 comprehensam
616 670 750 736 retinent,
761 673 790 724 et
798 670 868 725 nihil
875 688 945 742 prae-
995 672 1108 727 Domini
1119 671 1277 744 episcopos,
1293 689 1399 744 eosque
1412 672 1448 728 de
1461 672 1622 728 civitatibus
1636 672 1674 729 ad
1685 674 1813 729 civitates

128 766 223 817 taxato
236 761 323 815 modo
339 761 577 817 translationibus
591 763 790 834 episcoporum
810 764 880 819 actis
895 768 946 819 aut
994 765 1116 819 transire
1131 767 1318 837 compellunt,
1330 783 1387 821 non
1403 783 1452 821 eos
1462 770 1575 822 tantum
1587 771 1811 840 persequuntur,

129 854 246 926 agendis
262 859 376 925 nocent,
391 855 441 909 sed
456 856 548 927 magis
563 855 651 911 robur
663 856 704 911 eis
717 873 749 912 ac
760 858 876 913 Domini
888 858 946 914 Sat·
995 862 1134 929 quantum
1146 859 1301 914 Dominum
1315 862 1551 916 nostrumtesum
1561 861 1719 928 Christum,
1734 861 1813 932 cujus

127 951 232 1007 vetoris
245 969 309 1023 quae
331 969 431 1007 omnes
455 953 608 1008 canonicos
633 955 827 1026 superexaltat
845 954 942 1025 libros,
994 951 1139 1022 legatione
1161 954 1330 1024 iunguntur.
1347 954 1403 1008 Nec
1418 953 1472 1024 ipsi
1486 953 1516 1008 in
1535 955 1590 1009 hcc
1606 956 1732 1025 peccant
1753 955 1811 1026 epi-

128 1046 328 1101 auctoritatem
344 1049 491 1118 praestant.
507 1048 587 1102 Tales
595 1053 691 1103 autem
700 1049 871 1122 quaestioues
881 1064 943 1103 ma·
994 1046 1082 1116 scopi,
1098 1045 1236 1116 quoniam
1247 1063 1305 1101 non
1321 1050 1433 1118 sponte,
1450 1047 1501 1102 sed
1516 1052 1614 1103 coacte
1632 1048 1688 1103 hoc
1703 1051 1811 1119 agunt:

129 1140 209 1211 gisex
221 1140 327 1194 invidia
339 1157 469 1211 marnes
482 1141 803 1197 charitateaututilitate
818 1142 897 1197 nasci
907 1141 944 1196 vi·
995 1137 1045 1193 sed
1060 1137 1099 1192 illi
1114 1155 1131 1192 a
1146 1139 1248 1211 quibus
1263 1144 1492 1212 persequuntur;
1516 1157 1568 1196 nec
1582 1141 1651 1213 ipsis
1671 1141 1813 1213 episcopis

128 1234 242 1301 dentur,
263 1250 329 1288 cum
345 1234 407 1304 ipsa
422 1251 474 1305 per
488 1250 517 1289 se
531 1234 641 1289 Veritas
656 1234 744 1289 dicat:
758 1238 789 1292 Si
797 1251 843 1290 aas
853 1251 943 1306 perse·
994 1231 1048 1286 hoc
1064 1231 1199 1303 imputari
1216 1235 1321 1304 potest,
1338 1234 1387 1288 sed
1402 1234 1456 1288 illis
1470 1234 1518 1306 qui
1531 1251 1581 1288 eos
1595 1235 1649 1289 hoc
1659 1250 1750 1306 agere
1765 1251 1813 1290 co·

126 1330 181 1381 crati
191 1329 294 1394 suerint
303 1329 331 1381 in
343 1343 426 1382 renam
437 1330 581 1390 cirrttctem,
592 1330 681 1397 sapite
695 1332 724 1383 in
735 1329 820 1384 aliam
833 1328 942 1400 (Mattlt.
994 1327 1075 1395 gunt.
1090 1326 1211 1381 Sanctus
1225 1327 1303 1380 enim
1319 1331 1515 1398 protomartyr
1528 1327 1694 1399 Stephanus
1705 1327 1816 1400 lapida-

126 1427 163 1490 Χ),
180 1421 340 1491 etreliqua.
357 1421 425 1474 Huic
441 1437 509 1491 ergo
526 1421 780 1476 sententicenullus
792 1422 944 1477 catholico·
992 1419 1087 1486 batur,
1104 1419 1242 1474 scdtesus
1257 1421 1430 1492 suscipiebat
1442 1422 1551 1492 plagas.
1566 1421 1693 1492 Ideoque
1704 1422 1816 1477 unicui·

127 1531 319 1585 rumusquam
337 1514 533 1569 contradicere
547 1517 649 1585 potest,
663 1532 727 1586 quae
743 1532 801 1570 non
815 1515 943 1584 alterius,
994 1528 1049 1583 que
1063 1512 1279 1583 praevidendum
1302 1517 1345 1567 est
1360 1514 1470 1585 (liade,
1486 1516 1618 1586 cot.,cap.
1635 1517 1682 1588 ee)
1709 1533 1745 1570 ne
1762 1517 1814 1571 ati·

127 1608 526 1679 sedipsiusproprioDomiui
540 1609 943 1679 oreprclata,etfirmataesse
994 1621 1081 1676 quem
1095 1606 1199 1676 injuste
1225 1610 1424 1678 persequatur,
1437 1607 1557 1678 judicet,
1576 1609 1620 1663 vel
1639 1609 1756 1680 puniat,
1777 1626 1814 1664 ne

127 1701 313 1771 dignoscitur.
330 1701 381 1756 Cui
396 1701 419 1753 si
433 1700 536 1771 aliquis
548 1701 763 1769 contradixerit,
780 1720 837 1757 nen
851 1703 944 1757 solum
992 1700 1089 1752 iesum
1104 1702 1304 1770 persequatur,
1316 1699 1438 1770 judicet,
1454 1704 1484 1754 et
1503 1701 1614 1772 puniat.
1641 1701 1698 1766 Qui
1714 1707 1814 1758 autem

127 1794 256 1863 extorris,
274 1794 324 1848 sed
339 1795 425 1848 etiam
439 1795 696 1849 anathematizatus
710 1796 745 1850 ab
758 1796 877 1851 ecclesia
887 1782 981 1866 pel-B
994 1792 1337 1862 negentmisericordiam
1346 1792 1511 1848 faciendam
1522 1793 1713 1865 fugientibus,
1725 1811 1759 1850 ac
1768 1812 1816 1851 ue·

126 1889 236 1943 latur‘r.
263 1889 297 1942 Et
309 1888 447 1942 Dominus
463 1889 491 1941 in
506 1889 660 1960 Evangelio
680 1889 749 1942 alias
764 1889 832 1943 dicit
846 1906 852 1944 :
866 1892 945 1946 Beati
994 1885 1156 1939 cessitatem
1170 1885 1354 1957 patientibus,
1370 1886 1463 1958 ipsum
1473 1887 1619 1942 Christum
1630 1892 1753 1959 negant,
1766 1889 1815 1961 qai

124 1984 172 2051 qut
183 1985 388 2052 persecutionem
400 1985 547 2053 patiuntur
567 1987 678 2052 propter
685 1983 823 2051 justitiam
834 1983 941 2053 (Mettis.
994 1981 1037 2032 est
1046 1977 1593 2048 misericordia,etreritas,etomnibus
1606 1982 1812 2036 necessitatem

90 2108 93 2112 ·
125 2077 161 2146 r).
177 2076 207 2129 Si
221 2092 269 2129 eos
281 2075 419 2130 Dominus
435 2075 537 2130 beatos
550 2075 627 2145 dicit,
645 2076 693 2145 qui
712 2076 943 2146 persecutionem
993 2071 1168 2142 patientibus
1179 2073 1329 2126 subvenire
1336 2072 1429 2144 jubet.
1443 2075 1537 2144 Pauca
1547 2076 1624 2141 sunt,
1635 2074 1738 2141 irater,
1750 2091 1812 2146 qua

124 2169 551 2240 patiunturpropterjustitiam,
560 2168 679 2239 quiseos
686 2169 823 2225 damnare
831 2169 943 2240 potest?
993 2164 1116 2232 asserui;
1129 2165 1179 2219 sed
1190 2170 1299 2236 quauta
1308 2183 1341 2220 ex
1353 2166 1562 2238 hispendeant,
1571 2170 1623 2221 tua
1631 2167 1813 2239 providentia

123 2263 158 2316 Et
170 2263 193 2315 si
204 2263 263 2332 ipse
279 2262 314 2316 de
333 2263 445 2317 civitate
461 2262 498 2316 ad
518 2262 660 2317 civitatem
674 2266 792 2333 propter
806 2279 941 2335 persecu·
993 2259 1100 2330 poteris
1114 2259 1267 2313 estimare.
1281 2259 1375 2323 Quare
1389 2260 1463 2315 hanc
1481 2260 1655 2315 annituntur
1678 2262 1811 2317 malevoli

123 2356 340 2425 tionemsugere
354 2356 491 2426 praecipit,
501 2355 564 2426 quis
574 2354 792 2424 eosdetr‘ahere,
803 2360 853 2412 aut
864 2357 943 2411 dam·
992 2351 1155 2423 irrumpere
1165 2353 1393 2407 misericordiam
1412 2354 1561 2424 (Ennodius
1574 2357 1604 2409 in
1616 2356 1747 2425 opolcqia
1762 2371 1810 2427 pro

123 2465 194 2503 nare
209 2451 362 2519 propterea
376 2448 463 2503 audet
477 2450 520 2502 vel
536 2453 639 2519 potest,
651 2449 729 2520 quod
743 2451 837 2505 verbis
852 2450 943 2505 domi·
991 2446 1150 2514 Symmacho
1164 2447 1250 2516 papa)
1261 2445 1274 2500 ‘t
1284 2447 1340 2503 Cur
1352 2446 1472 2501 illudere
1494 2447 1574 2501 ranis
1600 2447 1810 2503 intentionibus

123 2542 193 2596 uicis
207 2542 432 2612 obtemperanti
455 2543 585 2598 Proiecto
605 2542 628 2596 is
648 2542 697 2613 qui
710 2544 881 2598 contradicit
894 2547 944 2598 aut
992 2538 1184 2593 felicitatem?
1198 2539 1482 2611 Excusetionemjam
1492 2540 1654 2595 nonhabet
1667 2542 1807 2597 luroriste

122 2635 239 2703 resistit,
248 2636 374 2706 seipsum
388 2637 516 2703 damnat,
528 2637 595 2707 quia
605 2637 648 2691 ori
658 2637 773 2692 Domini
787 2643 942 2693 contumax
993 2631 1678 2705 incredentibus;necinterestquibusitineribus
1687 2636 1808 2690 admun-

123 2733 152 2783 et
166 2729 335 2784 inobediens
350 2729 454 2783 existit.
466 2729 547 2784 Unde
561 2730 663 2801 etipsa
677 2748 729 2802 per
741 2731 889 2786 severitas
899 2732 940 2787 di·
993 2726 1020 2780 di
1034 2726 1195 2798 principem
1208 2733 1312 2795 currat,
1320 2727 1395 2798 quia
1405 2726 1607 2783 benevolentia
1615 2730 1740 2784 fratrum
1751 2730 1807 2785 des·

123 2823 178 2876 cit:
194 2825 258 2890 Quis
271 2839 305 2877 ea·
324 2825 398 2878 uotis
413 2829 508 2893 arquct
520 2840 562 2879 me
574 2825 606 2879 tte
614 2828 747 2895 peceato?
760 2827 792 2882 Si
802 2829 942 2881 vamtatem
992 2820 1080 2888 ciscit,
1097 2825 1147 2875 aut
1168 2820 1368 2876 necessitatem
1382 2821 1559 2892 patientibus
1576 2822 1805 2879 misericordiam

122 2917 192 2978 dico,
204 2933 340 2986 quorenos
352 2933 406 2972 non
416 2918 619 2972 creditismilti?
632 2920 684 2985 Qui
694 2935 727 2973 ec
739 2922 790 2975 Deo
799 2924 847 2982 est,
861 2921 942 2974 uerba
992 2916 1088 2983 negat·
1104 2913 1195 2984 Negat
1208 2913 1435 2969 misericerdiam
1447 2914 1654 2971 necessitatem
1675 2915 1804 2988 patieuti-

122 3012 172 3064 Det
180 3010 269 3063 audit.
284 3013 429 3079 Propterea
441 3026 486 3065 eos
497 3027 551 3065 uon
573 3011 686 3074 auditis,
703 3015 768 3081 quio
782 3029 816 3067 ea
826 3016 877 3069 Dec
889 3029 942 3068 non
991 3005 1109 3077 busqui
1117 3007 1230 3078 populis
1239 3006 1805 3081 indigentibusdivinismysteriis‚ctu0n

122 3105 184 3157 estis
198 3106 283 3168 ilcan.
300 3103 370 3174 rui).
397 3103 521 3158 Omnino
546 3108 658 3175 oportet
674 3106 732 3159 Deo
747 3105 861 3160 obedire
877 3107 941 3178 plus
991 3099 1164 3154 habentibus
1185 3101 1335 3173 proprium
1360 3101 1526 3173 epiSCOPfflss
1545 3102 1595 3174 qui
1610 3120 1662 3159 t³⁰⁵
1678 3105 1803 3171 instruat·

124 3211 211 3266 quam
225 3196 390 3251 hominihus
404 3197 472 3266 (Act.
490 3196 527 3268 r).
542 3199 576 3251 Et
588 3196 694 3253 ideirco
709 3198 787 3269 quod
802 3199 861 3254 Dco
875 3199 941 3254 obe·
951 3152 979 3228 C
991 3209 1076 3248 causa
1091 3193 1221 3248 utilitatis
1232 3196 1318 3265 atque
1329 3195 1516 3264 necessitatis,
1529 3212 1562 3250 ex
1573 3195 1632 3251 alia
1643 3198 1758 3252 civitate
1768 3197 1803 3268 (li-

122 3289 226 3357 dimus,
243 3293 272 3343 et
287 3289 444 3345 decivitate
457 3291 493 3345 ad
506 3291 649 3345 civitatem
662 3291 732 3362 (ipso
743 3292 938 3364 praecipiente)
991 3290 1034 3342 cct
1044 3287 1141 3342 minor
1151 3287 1196 3359 sit)
1208 3288 1237 3342 in
1248 3305 1376 3360 eamque
1388 3305 1447 3344 uon
1457 3289 1737 3364 habetepiscopum,
1747 3290 1802 3347 dcc·

121 3382 329 3455 persecutionis
344 3400 438 3450 causa,
455 3384 484 3439 id
496 3386 548 3454 est,
560 3385 736 3439 necessitatis
752 3386 940 3441 aututilitatis
990 3380 1148 3436 tioremvcl
1166 3382 1325 3453 utiliorum,
1343 3382 1456 3438 meliori
1480 3383 1611 3453 consiliu,
1628 3402 1689 3441 nen
1708 3389 1800 3458 spone

121 3477 287 3545 transimus,
303 3476 460 3532 damnandi
475 3478 593 3533 sumus?
605 3481 667 3535 Non
682 3480 812 3543 omnino,
825 3480 875 3534 sed
888 3497 938 3551 po·
990 3478 1200 3544 transeuntem,
1210 3475 1411 3547 sedmajorum
1420 3477 1621 3532 exhortatione
1629 3481 1802 3546 mutare,aut

122 3570 178 3625 tius
189 3571 346 3627 venerandi
358 3574 443 3642 atque
456 3572 601 3643 portandi,
614 3573 751 3644 quoniam
762 3590 798 3627 ne
809 3573 876 3644 ipsis
884 3574 941 3646 epi·
991 3569 1156 3641 episcopum
1163 3570 1287 3640 ejectum
1295 3573 1322 3624 et
1327 3571 1560 3642 persecutionem
1569 3572 1802 3643 patientemaau·

123 3665 215 3736 scopis
230 3665 284 3719 hoc
299 3665 433 3735 imputari
447 3669 551 3736 potest.
565 3666 619 3731 Qui
633 3667 677 3721 his
687 3667 800 3735 resistit,
812 3669 939 3738 protecto
991 3679 1021 3716 sa
1032 3662 1161 3717 utilitatis
1172 3667 1222 3718 aut
1231 3664 1408 3719 necessitatis
1418 3665 1610 3721 inthronizari
1621 3683 1681 3722 non
1692 3666 1799 3740 permit-

120 3758 172 3813 Dei
185 3757 359 3812 ordinationi
375 3758 491 3826 resistit,
505 3765 533 3812 et
547 3763 589 3813 est
601 3759 713 3814 infideli
724 3761 863 3816 deterior:
874 3762 941 3832 quia
990 3755 1033 3810 tit·
1044 3756 1127 3828 Apud
1138 3762 1247 3813 veteres
1260 3757 1339 3813 euim
1355 3761 1433 3829 (Hist.
1448 3761 1535 3830 trip,
1544 3776 1606 3831 cap.
1617 3762 1646 3829 8,
1658 3761 1709 3816 lib.
1720 3778 1767 3828 xa,
1776 3775 1800 3815 cc

122 3853 226 3908 melius
236 3858 278 3907 est
294 3869 533 3924 noncognoscerc
544 3855 767 3924 viamreritatis,
783 3873 870 3928 quam
877 3863 941 3929 post
989 3851 1097 3906 Socrate
1111 3852 1180 3922 lib),
1192 3852 1253 3906 sine
1268 3852 1326 3906 ulla
1340 3852 1502 3908 differentia
1515 3852 1551 3908 de
1566 3871 1627 3909 una
1642 3854 1756 3910 civitate
1771 3851 1800 3908 ad

123 3945 303 4017 agnitionem
318 3949 478 4001 retrorsum
490 3947 578 4002 abire.
593 3950 663 4003 Nam
677 3952 706 4003 et
723 3950 784 4020 ipse
801 3951 939 4006 Dominus
990 3944 1111 3998 alteiam
1122 3944 1267 4016 migrabat
1277 3946 1436 4018 etmpus,
1448 3946 1636 4003 dumufflitat
1650 3952 1703 4004 ³¹st
1715 3963 1799 4002 nteit

123 4040 159 4094 de
183 4039 244 4094 loco
260 4039 297 4095 ad
318 4041 411 4094 locum
429 4040 555 4108 secessit,
571 4040 665 4111 idest,
680 4042 818 4110 transivit,
834 4044 940 4100 tudaeis
990 4036 1057 4092 Silas
1069 4039 1798 4115 evocaretQuaproptaripsameuamregutamhuic

122 4135 204 4190 illum
218 4133 422 4205 quarentibus.
436 4133 558 4205 Fugiens
566 4134 615 4206 ille
628 4139 789 4206 quarentes
804 4139 833 4190 et
845 4154 940 4208 perse·
989 4131 1118 4202 epistota
1132 4133 1239 4204 placuit
1251 4133 1348 4203 inseri,
1365 4138 1396 4189 ut
1415 4137 1593 4190 monstretur
1608 4152 1659 4192 eos
1672 4137 1797 4192 mentitos

122 4233 242 4302 quantes
256 4244 295 4297 se,
311 4227 389 4283 dedit
401 4227 486 4282 nobis
499 4229 663 4300 exemplum
678 4229 778 4301 lugere
794 4247 853 4286 non
873 4249 937 4303 per·
989 4240 1060 4292 0⁵⁵⁸,
1069 4225 1117 4296 qui
1129 4226 1449 4299 epi³⁰⁰pum1¹⁰nl³⁰⁵⁸0
1459 4228 1652 4286 inthronizari
1664 4230 1795 4286 dixerunt·

122 4326 285 4394 sequentes,
301 4327 329 4376 et
342 4321 378 4376 de
401 4321 511 4377 civitate
531 4323 568 4377 ad
589 4321 731 4379 civitatem
748 4325 879 4393 transire,
896 4325 937 4381 di·
990 4319 1070 4374 Unde
1081 4323 1109 4375 et
1121 4320 1151 4375 in
1161 4321 1318 4376 canonibus
1333 4321 1489 4393 legituritc
1504 4324 1564 4394 (vir,
1577 4340 1603 4380 c.
1617 4327 1645 4393 c,
1657 4324 1796 4381 Ananim

122 4434 191 4472 cens
202 4434 208 4472 :
221 4418 252 4474 Si
260 4432 305 4471 eos
315 4419 448 4487 persecuti
460 4418 604 4483 suerintin
613 4420 723 4474 unitate
732 4421 798 4482 isto,
812 4422 900 4492 sapite
911 4423 939 4476 tn
989 4429 1061 4470 teuc·
1075 4431 1135 4470 can.
1152 4415 1194 4487 lit)
1209 4435 1216 4470 ε
1239 4418 1269 4473 si
1281 4419 1341 4486 quis
1353 4419 1490 4488 episcopus
1507 4418 1719 4483 ordinemsed
1728 4433 1797 4491 pare

122 4511 208 4565 atium
223 4510 330 4581 (blattis.
345 4511 381 4581 xl,
406 4514 435 4564 et
454 4514 558 4566 catera
571 4511 616 4566 his
629 4511 742 4567 similia.
761 4514 833 4568 Nam
857 4514 880 4568 si
892 4514 937 4569 lu·
947 4528 977 4603 D
988 4509 1077 4562 chiam
1098 4511 1128 4563 iu
1141 4526 1195 4580 qua
1208 4511 1350 4566 ordinatus
1363 4515 1411 4575 est,
1426 4513 1534 4567 minime
1544 4514 1740 4583 moneatur,
1754 4525 1795 4567 nm

124 4619 202 4676 gere,
217 4604 326 4657 malum
341 4607 384 4658 est
395 4606 475 4672 illisi.
497 4608 584 4676 trip,
606 4623 630 4661 c.
649 4609 692 4676 2⁸2,
710 4602 756 4662 no.
773 4623 812 4675 rr,
825 4624 859 4664 en
871 4625 937 4680 apo·
988 4617 1038 4657 sua
1047 4603 1138 4674 culpa,
1152 4604 1199 4658 sed
1211 4609 1259 4659 aut
1268 4606 1369 4675 populo
1380 4610 1528 4676 respuente,
1541 4611 1716 4679 autpropter
1723 4608 1795 4663 mun

123 4698 196 4767 topia
207 4699 236 4754 S.
250 4697 317 4751 Atti.
326 4713 376 4767 pra
388 4700 457 4768 supa
469 4697 540 4770 sua),
550 4700 694 4770 persequi,
702 4701 793 4756 multo
802 4694 937 4757 dstslius.
989 4697 1135 4766 quamlibet
1148 4713 1256 4752 causam
1268 4701 1423 4754 mcessitaie
1435 4702 1551 4767 tactam,
1564 4701 1638 4756 bunc
1650 4703 1749 4758 benere
1757 4701 1806 4755 nir

123 4792 172 4846 Hic
183 4792 298 4863 quidem
304 4808 340 4845 ne
348 4791 488 4846 moriatur
498 4791 685 4847 absconditur
696 4811 703 4861 ;
719 4794 764 4849 liic
773 4799 870 4849 autem
878 4813 940 4867 per·
988 4794 1149 4862 nisten'cque
1159 4794 1336 4863 participare,
1350 4808 1397 4848 nec
1410 4798 1499 4848 tamen
1513 4796 1623 4850 misceri
1633 4798 1715 4853 rectu
1726 4797 1793 4852 scete

123 4887 253 4957 sequitur
263 4890 296 4940 ut
306 4885 431 4950 occidat;
448 4888 477 4940 et
490 4889 521 4940 ut
530 4886 668 4957 fugiatur,
683 4889 941 4961 praecipiturzquia
988 4888 1045 4948 star,
1059 4887 1088 4938 in
1109 4902 1163 4955 qua
1184 4887 1307 4941 collectas
1330 4887 1455 4951 celebrat,
1474 4888 1522 4943 sed
1547 4893 1685 4946 sustinere
1706 4903 1794 4961 qnoque

125 4981 174 5050 qui
187 4979 291 5050 quaerit
303 4980 433 5035 occidere
454 4979 656 5050 praevaricatur
674 4980 781 5052 legem,
797 4987 826 5038 et
846 4984 940 5054 magis
989 4980 1060 5050 quod
1082 4982 1228 5050 provincie
1239 4981 1357 5050 synodus
1369 4982 1527 5052 suejudicie
1542 4987 1741 5049 terminaverit,
1757 4983 1794 5039 dt·

123 5072 256 5143 fugiendi
268 5073 575 5143 praebetoccasionem.
586 5073 615 5129 Si
627 5075 727 5144 fugam
741 5075 941 5148 improperant
989 5077 1129 5128 cernimus.
1144 5074 1213 5128 Huic
1226 5075 1334 5146 regula
1359 5075 1557 5130 contradicere
1584 5079 1683 5134 niutus
1706 5080 1794 5152 petest,

123 5168 619 5240 persequentes,erubescantpotius
636 5168 816 5240 semetipsos,
824 5174 853 5225 et
862 5171 940 5242 quie·
990 5183 1054 5238 quae
1070 5167 1158 5222 etiam
1172 5185 1257 5222 causa
1272 5168 1401 5224 utilitatis
1411 5173 1461 5224 aut
1470 5171 1652 5227 necessitatis
1663 5170 1793 5228 inthroni-

123 5259 347 5324 seantinsidiari,
356 5260 938 5335 etquiescentcoatinuofugientes.Nemo
989 5260 1046 5315 zari
1056 5261 1223 5332 episcopum
1235 5261 1328 5332 jubet,
1345 5266 1374 5316 et
1385 5263 1491 5319 mutari
1507 5281 1539 5319 ac
1553 5266 1681 5322 transire
1689 5283 1752 5322 eum
1765 5263 1794 5318 de

123 5356 202 5412 enim
216 5354 319 5408 mitem
334 5354 409 5425 fugit
418 5355 583 5426 aliquando,
595 5357 645 5411 sed
659 5357 752 5428 magis
766 5357 893 5413 ferocem
906 5358 940 5413 si·
989 5355 1100 5410 civitate
1114 5355 1151 5410 ad
1162 5355 1247 5410 aliam
1255 5356 1466 5414 civitatemnon
1479 5360 1633 5431 proprium
1647 5361 1793 5416 habentem

121 5451 181 5505 mul
193 5447 374 5504 etcallidum.
385 5448 484 5503 Omnis
495 5449 572 5504 enim
583 5449 631 5521 qui
642 5452 936 5522 gemebatetveraba·
989 5451 1153 5522 episcopum
1170 5450 1246 5505 sinit.
1269 5451 1393 5522 Pingues
1406 5452 1513 5507 hostias
1531 5452 1597 5509 litat
1611 5453 1728 5511 diabolo
1740 5456 1795 5509 iliu·

120 5548 195 5600 ture
206 5543 283 5610 Saul,
299 5541 427 5614 fugiebat
434 5542 602 5598 etveniebat
612 5543 648 5598 ad
659 5545 747 5601 David
758 5546 783 5615 (l
787 5550 850 5617 lteq.
861 5551 936 5618 mu).
987 5545 1084 5599 nudius
1091 5545 1151 5614 jam
1163 5544 1281 5612 citatus),
1297 5546 1345 5616 qui
1359 5546 1403 5601 his
1415 5546 1549 5601 resistere
1560 5547 1676 5617 nititur,
1689 5552 1738 5627 aut
1747 5546 1795 5602 mi·

121 5638 149 5693 si
164 5655 233 5709 ergo
243 5636 389 5708 piissimus
398 5638 485 5706 atque
494 5635 670 5705 justissimus
676 5639 765 5696 David
775 5640 861 5696 sciret
874 5657 939 5713 pec·
988 5638 1208 5694 sericordicmet
1220 5639 1374 5694 utilitatem
1387 5630 1520 5697 Ecclesia
1529 5641 1594 5713 jam
1606 5641 1695 5698 dictis
1707 5644 1797 5713 negat.

121 5736 218 5786 catum
233 5746 303 5797 esse,
316 5728 545 5800 persecutionem
556 5729 710 5800 fugientes,
722 5736 939 5792 ettranseuntes
987 5730 1079 5800 idest,
1092 5737 1121 5787 et
1133 5732 1274 5805 episcopis
1283 5736 1314 5788 et
1326 5733 1448 5806 populis.
1464 5736 1612 5793 mianum
1621 5752 1694 5812 ergo
1707 5738 1801 5797 ceum

153 5858 166 5891 ³
188 5850 363 5924 Hucusque
391 5851 454 5908 Bar.
481 5856 510 5906 et
534 5849 641 5920 Binius,
658 5867 723 5924 quar
741 5853 802 5927 jam
827 5856 937 5912 sublata
987 5855 1105 5919 fuerunt
1113 5855 1143 5910 in
1154 5854 1222 5911 edit.
1237 5855 1326 5933 regia.
