3884 6150
66 284 119 338 913
183 275 187 287 ’
791 286 1019 343 lTlNERARlUM.
1700 295 1751 353 all
1786 305 1789 310 ⁴

51 407 112 459 ¹res
126 407 192 446 cum
206 390 372 461 infantibus,
387 391 493 463 palmas
502 392 533 447 in
542 393 674 448 manibus
689 396 844 465 portantes,
855 399 884 449 et
894 406 924 480 Α
934 412 983 467 per
996 396 1109 467 Clysma
1121 400 1274 470 antequam
1283 399 1499 457 commisceatur
1511 417 1577 458 cum
1587 399 1665 460 oleo:
1681 420 1751 461 uam

66 481 209 553 ampullas
223 498 289 537 cum
304 481 403 537 raiano
414 482 488 550 oleo,
506 480 883 555 [quae1prostrataepadibus
935 490 958 545 si
971 507 1030 545 non
1038 491 1256 562 adulteraretur,
1266 493 1351 548 credo
1361 494 1429 565 quia
1438 495 1529 568 ipsam
1539 496 1674 553 virtutem
1680 513 1753 555 sem-

66 580 173 635 nostris
195 580 340 649 ungebant
358 580 469 651 plautas
481 585 592 636 nostras
607 584 635 636 et
659 580 752 653 capita
775 587 883 650 nostra,
934 600 986 655 per
997 585 1105 641 laceret
1121 603 1127 640 :
1143 603 1210 640 nam
1229 587 1322 659 liquor
1334 588 1423 659 ipsius
1435 593 1514 645 tenet
1528 590 1667 665 [odorem]
1684 609 1750 648 con·
1819 626 1823 633 ,
1845 581 1848 584 ⁴

64 674 168 746 lingua
179 674 342 747 AEgyptiaca
356 675 507 746 psallentes
520 675 708 747 antiphonam
721 691 728 729 :
742 696 756 724 ii
767 675 885 731 Benedi-
935 678 1014 734 tinuo
1028 696 1081 750 per
1093 680 1149 735 duo
1163 680 1261 735 millia.
1278 683 1354 737 lutra
1369 682 1511 738 civitatem
1526 683 1618 756 ipsam
1631 702 1696 758 quai
1712 687 1753 743 di-

66 769 106 823 cti
118 785 166 822 vos
187 785 204 823 a
227 766 360 839 Domino,
377 772 406 824 et
427 768 593 825 benedictus
617 770 757 825 adventus
781 773 882 840 vester,
934 772 1007 827 citur
1019 773 1140 844 Clysma,
1154 774 1231 829 intus
1243 774 1274 829 iu
1283 772 1398 831 basilica
1411 777 1532 832 vidimus
1541 779 1648 834 loculos
1661 780 1751 853 ligne-

66 865 199 918 tlosanna
213 862 243 916 in
256 862 382 918 excelsis.
399 884 414 913 ii
429 864 491 935 lpsa
505 867 547 919 est
559 868 635 919 terra
648 863 770 933 Madian,
787 867 815 919 et
828 863 883 935 ipsi
934 882 964 921 os
973 870 1136 923 sanctorum
1152 868 1333 924 eremitarum
1347 872 1464 925 Petrum
1478 887 1535 927 xiv.

66 957 227 1013 habitantes
239 955 271 1011 in
281 957 445 1013 eaciritata.
458 956 563 1012 Dicitur
574 960 670 1014 autem
680 957 788 1029 quiaex
801 957 885 1012 fami·
969 961 1015 1016 13.
1031 963 1064 1015 Ε1
1079 960 1145 1017 inde
1160 961 1289 1017 venimus
1314 980 1366 1035 per
1384 980 1514 1020 eremum
1529 967 1564 1021 ad
1584 967 1750 1039 speluncam

65 1050 105 1105 lia
117 1051 223 1120 tethro,
244 1050 331 1106 soceri
354 1051 463 1122 Moysis,
478 1051 655 1106 descendunt
668 1067 736 1106 aviii
750 1060 762 1089 ¹
775 1052 881 1106 condo·
934 1053 1009 1109 beati
1023 1055 1101 1109 Pauli
1111 1056 1240 1111 eremitas
1252 1069 1274 1126 ο,
1287 1067 1351 1129 quae
1361 1063 1478 1113 vocatur
1490 1059 1668 1130 siracumba,
1681 1061 1750 1132 quia

66 1160 134 1212 moe,
149 1144 301 1200 militantes
314 1145 342 1199 in
356 1145 469 1216 publico
482 1161 548 1200 cuin
558 1144 695 1200 uxoribus
711 1144 779 1214 suis,
796 1161 885 1201 auno
933 1147 996 1202 lons
1009 1148 1104 1219 ipsum
1125 1150 1218 1204 locum
1238 1151 1347 1223 irrigat.
1368 1152 1475 1207 Exinde
1493 1159 1648 1225 pergentes
1670 1153 1749 1211 reui-

65 1255 137 1294 nam
150 1243 178 1294 et
191 1241 282 1294 vestes
295 1238 464 1310 accipientes
478 1256 513 1295 ex
526 1241 655 1311 AEgypto.
934 1258 997 1296 mus
1011 1241 1047 1296 ad
1060 1246 1213 1298 cataractas
1224 1245 1288 1312 Nili,
1299 1245 1348 1300 ubi
1361 1246 1489 1302 ascendit
1501 1263 1574 1318 oqua
1587 1247 1623 1302 ad
1634 1248 1750 1320 signum

104 1332 148 1387 lt.
165 1333 203 1387 De
215 1331 319 1404 quibus
340 1332 408 1387 locis
421 1332 549 1388 venimus
571 1332 725 1405 Magdaloi,
742 1336 770 1388 et
782 1333 885 1389 Sochot
933 1353 1034 1391 maniis
1047 1336 1172 1391 hominis
1185 1337 1270 1408 facta,
1292 1342 1321 1393 ct
1336 1340 1423 1394 habet
1436 1340 1541 1411 gradus
1559 1357 1607 1395 xii.
1622 1343 1660 1396 Ex
1676 1348 1750 1398 utra·
1777 1351 1779 1357 ’

67 1430 99 1481 et
113 1425 151 1480 ad
163 1441 216 1481 ixx
239 1427 350 1498 palmas
363 1431 393 1481 et
413 1427 448 1482 ad
467 1443 505 1483 xii
517 1427 631 1497 fontes3
648 1431 677 1482 et
695 1427 884 1499 applicuimus
934 1447 988 1503 que
1012 1433 1091 1502 parte
1111 1433 1317 1486 cataractarum
1336 1435 1402 1487 sunt
1428 1432 1492 1487 diiae
1518 1433 1654 1501 civitates,
1678 1452 1749 1507 quas

65 1520 106 1575 ibi
129 1535 181 1591 per
202 1520 272 1575 duos
286 1521 356 1592 dies,
379 1521 492 1594 fatigati
506 1538 558 1593 per
578 1525 691 1576 tautum
713 1520 842 1577 laborem
855 1523 884 1577 et
935 1524 1088 1579 aediticasse
1101 1524 1200 1580 dicunt
1212 1525 1284 1579 illias
1298 1527 1309 1548 ⁸
1321 1526 1401 1595 Loth,
1414 1529 1443 1581 et
1457 1543 1517 1581 ima
1530 1542 1629 1582 earum
1645 1528 1750 1584 dieitur

66 1614 156 1669 eremi
165 1615 333 1671 vastitatem.
346 1617 377 1669 ln
389 1631 445 1687 quo
459 1616 521 1670 loco
528 1619 570 1670 est
579 1615 727 1670 castellum
738 1614 884 1671 modicum
934 1617 1095 1689 Rabylonis.
1118 1617 1187 1674 lude
1200 1618 1333 1673 venimus
1346 1635 1397 1691 per
1418 1637 1536 1692 campos
1556 1622 1666 1676 Taneos
1679 1624 1708 1676 et
1719 1622 1751 1678 iu

66 1712 144 1783 quod
157 1716 273 1767 vocatur
286 1725 297 1754 0
309 1712 478 1780 Surandala,
492 1717 521 1768 et
534 1716 577 1768 est
588 1713 664 1768 inira
679 1713 773 1785 ipsum
786 1715 884 1769 castel·
933 1712 1070 1783 Memphis
1084 1712 1238 1774 civitatem,
1261 1717 1289 1768 et
1306 1713 1472 1783 Antinoum,
1486 1714 1516 1768 in
1539 1730 1596 1786 qua
1609 1714 1751 1771 residebat

65 1805 128 1860 lum
151 1805 268 1861 ecclesia
280 1823 347 1861 cum
366 1806 544 1862 xenodochio
558 1812 676 1879 propter
691 1810 880 1863 transeuntes.
893 1780 921 1853 Β
932 1806 1040 1861 Pharao
1055 1823 1091 1861 ex
1109 1822 1167 1878 qua
1187 1814 1198 1854 1
1215 1805 1265 1861 lilii
1281 1806 1365 1862 lsrael
1380 1807 1521 1863 exierunt.
1546 1810 1576 1862 ln
1598 1808 1668 1879 ipsis
1681 1809 1749 1864 locis
1791 1849 1794 1853 .

65 1899 133 1955 lude
144 1901 264 1955 uenimus
275 1900 313 1954 ud
324 1901 408 1954 hrum
416 1899 464 1954 ubi
475 1900 527 1969 tlti'i'
534 1902 618 1956 lsrael
628 1905 797 1956 homeritae
809 1916 885 1956 more
933 1904 999 1954 suut
1012 1901 1115 1956 horrea
1124 1900 1228 1972 loseph
1238 1917 1277 1955 xii
1292 1901 1303 1924 ⁸
1315 1900 1410 1973 plena.

66 1993 188 2050 lironem
208 1996 403 2056 castrametati,
426 1998 451 2048 et
474 1994 514 2048 ibi
532 1994 659 2049 similiter
672 1995 813 2050 custettiim
825 2009 884 2049 cam
968 1994 1057 2049 11111
1075 1994 1212 2065 Memphis
1224 1994 1280 2050 luit
1290 1995 1432 2066 templum
1443 1994 1520 2067 quod
1534 1999 1577 2051 est
1591 1996 1678 2051 modo
1698 2012 1745 2051 ec-

64 2088 241 2150 xenodochio,
255 2093 280 2143 et
293 2089 323 2141 in
337 2088 392 2142 loco
404 2103 456 2158 quo
469 2090 592 2143 acierwd
604 2088 637 2142 de
655 2091 727 2142 mcii
748 2093 786 2143 est
797 2091 884 2143 croto
933 2087 1026 2155 clesia,
1050 2088 1130 2159 cujus
1153 2104 1210 2142 una
1224 2093 1305 2159 porta
1326 2105 1355 2143 se
1376 2088 1475 2143 clausit
1489 2089 1498 2111 ⁸
1512 2092 1579 2144 ante
1593 2090 1745 2146 [lominum

65 2184 140 2237 rium
150 2182 228 2238 Elia.
242 2182 276 2237 Et
289 2183 469 2237 transeuntes
482 2180 612 2236 venimus
626 2181 656 2236 in
671 2181 766 2237 locum
779 2181 829 2236 ubi
841 2181 885 2236 in·
932 2181 1749 2256 nostrum,quandobeataMariacumipsoiugitinAEgy·
1826 2199 1829 2203 ·

66 2278 215 2330 tmreruut
239 2275 270 2329 in
291 2291 379 2344 mare,
395 2275 446 2330 uhi
465 2279 507 2330 est
530 2274 686 2330 oratorium
707 2275 818 2347 Moysis.
842 2274 884 2329 lbi
933 2280 1015 2349 ptum
1027 2294 1036 2345 3
1054 2279 1083 2329 ct
1098 2275 1191 2330 adhuc
1207 2293 1263 2330 uou
1274 2281 1369 2348 potest
1378 2276 1493 2348 aperiri.
1511 2276 1551 2331 lbi
1560 2276 1749 2349 vidimuspal-

66 2374 109 2425 est
122 2368 219 2424 civitas
230 2385 317 2440 parva
329 2385 393 2440 quae
407 2369 567 2441 appeMatur
576 2369 689 2440 Clysma
702 2382 725 2437 a,
735 2368 783 2423 ubi
794 2368 830 2423 dc
842 2370 883 2424 lu·
932 2369 1004 2423 lium
1016 2369 1124 2424 lineum
1135 2368 1230 2441 inquo
1243 2369 1433 2434 dicuntillum
1443 2372 1572 2441 tempore
1582 2370 1593 2394 ⁸
1604 2370 1750 2447 illctraps·

66 2462 113 2518 dia
134 2479 219 2518 nares
234 2462 361 2517 veniunt
376 2464 407 2516 111
427 2463 489 2517 loco
503 2461 551 2516 ubi
570 2461 746 2518 transierunt
760 2461 770 2486 ⁸
785 2462 884 2533 fulgur
932 2464 997 2531 isse,
1021 2469 1050 2519 et
1073 2463 1177 2518 idcirco
1196 2463 1235 2518 ibi
1257 2464 1318 2534 ejus
1342 2462 1515 2520 remansisse
1536 2438 1749 2539 vestigia'quoe

67 2557 125 2611 exit
136 2557 171 2611 de
185 2557 286 2628 pelago
300 2556 402 2626 majori
420 2558 449 2611 et
461 2555 624 2610 extenditur
637 2556 666 2610 in
683 2555 781 2610 multis
794 2555 881 2610 milli·
932 2557 1027 2630 imago
1043 2557 1083 2612 ibi
1103 2557 1223 2630 singulis
1234 2558 1409 2629 temporibus
1418 2558 1562 2628 adoratur,
1575 2561 1605 2613 et
1618 2574 1669 2612 nos
1680 2558 1747 2614 ado-

66 2651 130 2717 hus,
146 2649 213 2720 quia
233 2665 362 2703 accessus
377 2654 405 2703 et
417 2664 543 2703 recessus
555 2664 637 2720 aquae
652 2647 783 2703 habetur.
797 2650 883 2703 Rece·
932 2651 1056 2706 ravimus
1065 2651 1087 2720 ⁴,
1101 2657 1130 2707 et
1143 2656 1262 2725 propter
1274 2651 1455 2723 splendorem
1477 2667 1537 2706 non
1545 2651 1699 2730 potuimus
1714 2651 1746 2708 in

66 2743 151 2800 deute
165 2742 236 2798 mari
250 2747 369 2815 apparet
382 2743 474 2797 omnis
499 2742 656 2798 submersio
670 2742 836 2812 Pharaonis,
853 2746 882 2798 et
932 2761 995 2800 eam
1007 2745 1165 2815 intendere,
1180 2746 1395 2818 quiaquantum
1406 2745 1437 2799 in
1445 2745 1537 2818 ipsam
1546 2745 1681 2816 intendis,
1695 2745 1749 2801 im·

66 2838 163 2892 omnia
172 2853 252 2891 arma
267 2837 297 2903 in
312 2853 457 2892 marmora
476 2839 584 2891 mutata
596 2836 741 2891 ridentur.
762 2835 801 2890 lbi
813 2835 883 2890 acci·
932 2842 1058 2894 mutatur
1072 2840 1101 2894 iii
1115 2839 1201 2894 ocubs
1215 2839 1281 2894 tuis.

67 2931 161 3001 pimus
183 2947 268 2985 nuces
280 2930 394 2999 virides,
411 2946 477 3002 quoe
497 2930 531 2985 de
548 2929 625 2984 ludia
639 2932 788 2998 venemnt,
812 2945 882 3000 quas
967 2935 1011 2989 15.
1027 2933 1237 2988 Descendentes
1250 2934 1474 3004 perAEgyptum,
1489 2932 1620 2988 venimus
1638 2932 1670 2989 in
1684 2932 1749 2989 civi·

66 3022 102 3080 de
117 3025 245 3098 paradiso
259 3024 379 3080 credunt
391 3024 610 3093 homiuesesse;
626 3026 655 3078 et
669 3023 764 3094 quiex
777 3022 883 3095 hisgu-
932 3031 1020 3081 tateui
1040 3025 1119 3098 Alepi
1135 3047 1161 3095 a,
1179 3027 1212 3080 ad
1231 3031 1360 3081 sanctum
1374 3027 1560 3081 Mennatum¹¹
1576 3026 1626 3098 qui
1641 3026 1747 3082 multas

65 3119 182 3174 staverit
194 3119 204 3140 ⁸
218 3122 343 3173 sanatur.
932 3120 1048 3175 virtutes
1061 3121 1101 3175 ibi
1110 3124 1255 3193 operatur.
1269 3119 1337 3176 lude
1350 3137 1402 3191 per
1414 3126 1551 3192 stagnum
1566 3120 1745 3192 navigantes,

100 3213 145 3267 42.
155 3213 232 3267 lutus
244 3216 342 3267 autern
356 3212 387 3266 in
401 3212 462 3283 ipso
476 3211 579 3284 pelago
594 3211 706 3267 modica
718 3215 760 3266 est
778 3212 880 3282 insula,
932 3214 1129 3270 Alexandriam
1155 3215 1294 3269 venimus.
1311 3215 1341 3269 ln
1356 3215 1416 3286 ipso
1435 3219 1537 3287 stagno
1550 3215 1607 3269 vidi
1621 3214 1747 3270 multitu·

65 3306 94 3361 in
109 3323 166 3378 qua
179 3309 220 3361 est
232 3310 313 3377 petra
324 3305 397 3375 viva,
413 3305 461 3359 ubi
481 3305 632 3377 pendent*
649 3305 759 3375 modes,
774 3309 805 3359 ut
820 3321 880 3360 car·
932 3309 1027 3363 dinem
1043 3307 1258 3363 crocodilorum.
1274 3307 1443 3362 Alexandria
1452 3307 1548 3362 civitas
1561 3311 1604 3362 est
1615 3307 1745 3379 pulchra,

64 3399 123 3470 uei,
134 3400 165 3454 iii
178 3399 297 3455 modum
307 3399 495 3471 dactylorum,
505 3398 690 3471 quifuudunt
701 3401 882 3470 unguentum
931 3403 1053 3472 populus
1067 3401 1146 3469 levis,
1158 3400 1207 3455 sed
1224 3404 1366 3455 amatores
1382 3401 1612 3472 peregrinorum,
1624 3400 1747 3455 hareses

64 3493 142 3567 quod
155 3494 251 3548 oleum
264 3493 531 3564 petrinumvocant,
545 3492 685 3565 quodpro
699 3491 883 3548 (1111111111-
932 3495 1040 3549 multas.
1055 3494 1096 3548 lbi
1117 3495 1146 3547 ct
1161 3492 1311 3565 requiescit
1326 3493 1505 3560 Athanasius,
1519 3493 1607 3562 ipsius
1627 3492 1746 3548 civitatis

64 3587 227 3643 nedictione
240 3587 357 3642 tollitur.
367 3588 419 3642 Vas
433 3587 527 3659 inquo
541 3589 681 3658 portatur,
695 3586 719 3640 si
730 3586 883 3657 impletum
932 3588 1089 3659 episcopus,
1105 3587 1155 3658 qui
1178 3590 1279 3641 contra
1300 3587 1400 3641 Arium
1418 3585 1508 3658 ipsius
1528 3586 1648 3641 civitatis
1670 3602 1746 3658 pres-

62 3681 160 3751 tuerit,
175 3684 203 3735 et
215 3661 337 3736 volueris
352 3681 505 3737 rediterare
515 3681 550 3736 ad
563 3680 734 3750 tuMendum,
746 3680 809 3751 jam
824 3697 882 3735 nori
930 3682 1061 3753 byterum
1072 3681 1238 3736 haereticum
1253 3697 1305 3751 pro
1318 3679 1374 3737 fide
1383 3679 1486 3736 Christi
1495 3680 1638 3747 certando,
1654 3680 1746 3735 multa

64 3790 132 3831 eum
145 3774 228 3845 capit.
243 3777 275 3831 ln
289 3791 345 3846 quo
360 3776 420 3829 loco
431 3774 653 3846 quanticumque
663 3773 764 3846 agrati
773 3773 882 3845 pertin·
931 3775 1056 3846 pericula
1079 3775 1180 3829 mortis
1208 3774 1357 3840 sustinuit,
1390 3773 1564 3845 temporibus
1590 3772 1746 3829 Constantii

65 3885 134 3942 gere
144 3872 272 3941 possunt,
287 3869 298 3892 ⁴
311 3874 455 3924 sanantur.
470 3870 559 3933 Quem
577 3866 738 3943 [liquorem]
752 3866 882 3923 tollentes
932 3869 1003 3939 [sslii]
1029 3868 1208 3940 imperatoris
1238 3867 1430 3936 Constantini,
1456 3868 1570 3923 Helenae
1597 3867 1659 3922 filii.
1688 3867 1746 3923 lbi-

64 3960 882 4037 probenedictione,noneumpermittuntiterumintroire
932 3961 999 4018 deni
1020 3962 1173 4034 requiescit
1187 3964 1300 4017 sanctus
1316 3962 1435 4017 Faustus
1450 3965 1479 4017 et
1494 3966 1608 4018 sanctus
1631 3960 1744 4033 Epima-

103 4172 116 4198 ·
130 4159 278 4215 Condoma
291 4159 403 4216 videtur
415 4159 461 4214 liic
474 4158 556 4214 scribi
570 4175 622 4230 pro
639 4157 766 4214 Familia.
931 4159 1070 4214 terebant.
1094 4159 1156 4214 Mox
1180 4158 1258 4213 enim
1279 4174 1330 4228 per
1344 4174 1457 4228 campos
1470 4158 1579 4213 laneos
1593 4156 1702 4211 venisse
1716 4172 1745 4211 se

102 4240 117 4281 b
131 4241 179 4295 llic
190 4240 292 4296 iterum
304 4241 367 4295 loca
380 4239 601 4312 disparatissiuia
612 4239 789 4310 conjungere
799 4237 880 4293 vide·
931 4231 998 4286 dicii
1012 4230 1165 4299 Memphim
1179 4234 1207 4310 el
1218 4227 1387 4310 Afflllssffll'ssi
1402 4228 1552 4299 1111111113ῐῦ
1563 4229 1593 4281 in
1604 4227 1745 4298 AEt¹¹i⁰llia

65 4317 115 4366 tur
127 4315 244 4367 auctor:
259 4311 382 4366 necdum
396 4312 472 4365 enini
487 4316 655 4382 pervenerat
668 4309 704 4365 ad
720 4309 801 4378 Elim,
816 4326 880 4364 sex·
932 4305 981 4356 aut
991 4301 1090 4382 saltem
1112 4316 1249 4382 superiori
1260 4301 1382 4379 ,AEgypto
1397 4315 1520 4366 eramus,
1534 4299 1610 4378 unde
1629 4298 1743 4378 descen-

64 4391 127 4439 tam
147 4384 297 4438 stationem
316 4383 515 4449 lsraelitarum,
529 4383 579 4437 ubi
595 4384 678 4437 erant
700 4396 752 4435 ixx
775 4380 881 4461 palmae¹
931 4373 1010 4451 denti
1023 4376 1190 4452 occurrisset
1203 4373 1356 4448 Antinous,
1365 4375 1433 4423 tunc
1452 4370 1600 4440 Memphis,
1617 4385 1648 4422 ac
1664 4368 1744 4422 deni-

66 4458 97 4508 et
119 4470 157 4507 111
172 4455 273 4519 fontes,
288 4460 321 4509 ut
340 4454 442 4509 dicitur
463 4454 552 4508 Exodi
565 4469 610 4520 xv,
626 4469 691 4506 cum
705 4451 832 4522 loquitur
846 4450 881 4504 de
932 4458 1029 4514 quem
1048 4441 1144 4495 lnfimfl
1159 4443 1277 4511 AEgypto
1291 4441 1381 4494 Tams-

65 4525 195 4595 M³Sd³l⁰
218 4529 247 4579 ei
266 4525 377 4591 Soccth,
392 4524 510 4579 urbibus
522 4522 693 4604 AEgypitad
708 4538 779 4592 (11135
791 4520 920 4596 iiuemp
967 4531 1146 4586 sPharaones
1164 4528 1276 4600 AEgypti
1300 4543 1381 4598 reges
1394 4528 1517 4600 Memphi
1536 4533 1585 4584 aut
1606 4528 1745 4610 Babylone

65 4596 199 4652 lsraelitia
211 4596 398 4651 constiterunt
411 4601 564 4668 autequam
573 4596 726 4650 transirent
736 4608 813 4647 mare
828 4593 882 4648 liu-
932 4601 1105 4668 habitabant,
1121 4603 1205 4672 longe
1217 4600 1289 4654 infra
1304 4599 1471 4661 Antinoum,
1487 4616 1573 4671 quam
1589 4600 1746 4655 Hadnanus

64 4668 161 4722 hrum·
521 4684 523 4691 '
932 4674 1085 4745 imperator
1097 4672 1254 4727 aedificarit.
1272 4670 1334 4725 Filii
1356 4677 1451 4726 autem
1466 4671 1548 4726 lsrael
1562 4671 1668 4743 egressi
1680 4676 1747 4727 sunt

96 4758 114 4820 ,⁶
130 4748 263 4803 Novimus
275 4748 315 4803 ibi
328 4748 472 4803 desertum
483 4750 548 4815 Sur,
561 4748 609 4803 sed
619 4745 768 4801 castellum
780 4745 884 4801 Suran·
932 4747 966 4800 de
979 4761 1011 4799 ea
1031 4761 1095 4814 quae
1120 4744 1172 4798 sibi
1193 4758 1325 4798 concessa
1347 4742 1440 4798 fuerat
1453 4748 1529 4797 terra
1544 4743 1657 4802 Gesseu,
1671 4743 1747 4798 iuter

65 4819 133 4875 dela
147 4819 243 4874 nescio
257 4819 335 4874 uude
348 4820 393 4873 hic
406 4820 527 4891 scriptor
541 4817 691 4890 acceperit.
932 4818 1085 4888 AEgyptum
1100 4819 1128 4871 et
1140 4815 1261 4887 Syriam.

104 4900 244 4972 dClysma
268 4900 433 4971 praesidium
457 4900 570 4972 AEgypti
595 4899 632 4953 ad
654 4914 731 4953 mare
754 4898 883 4954 Rubrum
969 4896 1057 4960 aQuo
1072 4896 1176 4950 iteruin
1200 4895 1353 4966 rapimur?
1372 4894 1419 4948 Ale
1441 4893 1503 4962 iim,
1526 4892 1649 4964 antiquis
1673 4893 1747 4949 dicta

64 4972 220 5027 Ptolomaeo
228 4975 271 5027 est
279 4973 332 5026 hoc
345 4972 456 5026 circiter
465 4971 547 5027 loco:
564 4986 651 5043 quare
661 4969 770 5024 correxi
778 4985 883 5024 nomen
934 4967 1098 5038 Hierapolis,
1119 4968 1186 5021 urbs
1208 4966 1226 5020 S
1261 4966 1294 5020 'ae
1315 4969 1343 5020 et
1361 4965 1410 5035 qui
1431 4981 1475 5018 em
1498 4964 1577 5035 regia
1591 4967 1655 5029 est;
1681 4964 1747 5020 hinc

64 5045 96 5098 in
107 5061 161 5099 ms.
175 5044 291 5098 Tomac.
307 5058 474 5115 expressum
490 5043 536 5097 hic
556 5048 585 5097 et
599 5043 672 5096 infra
686 5043 789 5109 Dama,
805 5040 884 5112 quod
933 5055 999 5093 vero
1007 5038 1215 5107 Alexandriam,
1223 4983 1310 5108 {yria
1319 5036 1446 5105 ejusdem
1453 5034 1554 5115 urbem
1561 5036 1746 5103 maritimam,

64 5131 212 5187 nusquam
225 5119 277 5169 est.
933 5112 997 5176 iter,
1011 5110 1061 5165 sed
1074 5112 1208 5165 terrestre
1220 5113 1271 5175 est,
1287 5108 1433 5161 leucarum
1452 5111 1563 5161 circiter
1578 5123 1654 5163 xviii.
1669 5109 1747 5163 Hane

104 5205 116 5234 ⁰
129 5196 300 5268 Speluncam
323 5195 414 5250 sancti
426 5195 506 5250 Pauli
520 5194 556 5248 ad
571 5196 605 5249 18
622 5192 743 5264 gradum
757 5191 883 5247 altitudi-
934 5198 999 5236 V01'0
1013 5185 1108 5236 110³ler
1116 5182 1201 5235 h0111⁰
1211 5178 1358 5233 ⁰011f¹111dst
1368 5193 1433 5231 cum
1444 5178 1613 5233 Melanthia
1623 5180 1746 5250 AEgypti,

64 5267 112 5323 nis
127 5266 245 5321 collocat
273 5266 433 5322 Rosweidus
452 5283 467 5319 e
487 5265 604 5338 regione
619 5264 750 5319 Antinoi:
776 5262 811 5317 ab
831 5263 884 5318 hac
933 5257 1045 5334 tantum¹
1058 5252 1153 5307 dissita
1162 5255 1269 5322 quanta
1278 5253 1320 5303 est
1332 5248 1450 5303 latitudo
1464 5249 1549 5304 totius
1562 5250 1649 5321 Syriae
1663 5256 1748 5322 atque

64 5338 208 5410 usquead
229 5337 281 5393 Nili
304 5337 512 5399 colorandam
525 5335 666 5406 AEthiopia
679 5335 731 5389 suli
748 5334 837 5406 gradu
849 5337 883 5392 22
934 5327 1056 5396 AEgypti.
1417 5401 1422 5411 ι
1492 5401 1497 5410 ⁸

66 5411 148 5477 sitas,
162 5424 233 5480 opus
247 5413 291 5463 est
302 5408 404 5463 itinere
427 5409 570 5463 leucarum
595 5412 627 5461 iit
640 5406 793 5460 minimum
807 5421 859 5460 cxx
873 5424 882 5476 3
970 5403 983 5442 ¹¹
998 5404 1113 5460 Sanctus
1136 5404 1236 5481 Menas¹
1243 5405 1361 5471 martyr,
1375 5418 1424 5471 qui
1447 5402 1548 5455 colitur
1569 5404 1598 5455 11
1627 5403 1747 5480 11111111-

65 5481 115 5537 hic
129 5496 197 5535 vero
211 5480 330 5551 scriptor
343 5479 379 5534 ad
395 5480 569 5551 Babylonem
590 5495 637 5533 eas
658 5478 784 5546 collocat,
798 5477 884 5548 longa
933 5474 1001 5542 bris,
1016 5473 1165 5545 AEgyptius
1190 5472 1305 5544 quidein
1325 5473 1417 5544 patria
1437 5472 1501 5540 luit,
1514 5473 1563 5526 sed
1576 5471 1703 5551 Cothyaer
1716 5486 1747 5525 in

67 5552 145 5607 iutra
171 5552 328 5606 Antinoum
354 5551 440 5606 leucis
464 5551 574 5605 circiter
589 5566 642 5617 xi3
663 5548 764 5603 deiude
783 5553 885 5603 caetera
934 5545 1055 5617 Phrygia
1077 5561 1183 5625 passus.
1200 5543 1278 5598 Alius
1299 5560 1365 5599 vcro
1390 5544 1476 5613 liiijiis
1490 5547 1615 5597 nominis
1628 5545 1748 5621 martyr,

66 5623 166 5678 omnia
178 5623 238 5677 loca
248 5623 361 5695 AEgypti
372 5639 436 5694 qua
450 5622 580 5677 nominat
589 5620 795 5690 sicpermiscet,
806 5621 885 5674 uullo
934 5617 1111 5672 Alexandria
1135 5616 1165 5670 in
1189 5617 1221 5670 [Ε
1242 5619 1309 5688 ypto
1328 5614 1490 5678 decollatus,
1510 5628 1574 5665 cum
1589 5626 1670 5691 sociis
1685 5613 1751 5666 Mer-

66 5699 179 5752 servato
190 5694 260 5750 situs
271 5710 373 5750 eorum
383 5694 531 5762 ordine,ut
538 5690 884 5818 galamfaciatAEgyptum
933 5704 1054 5759 megene
1069 5693 1097 5742 et
1111 5632 1274 5770 Mugiapgo,
1288 5685 1455 5759 corporibus
1471 5683 1541 5764 inari
1554 5697 1663 5750 mersis,
1686 5683 1752 5737 alla·

67 5782 218 5838 nunquam
229 5783 246 5820 a
256 5781 284 5821 se
297 5770 479 5836 conspectam
486 5782 494 5833 ;
506 5781 536 5818 se
566 5761 713 5818 civitatum
727 5762 843 5817 nomina
855 5763 884 5816 in
933 5765 978 5813 tus
991 5767 1033 5816 est
1045 5760 1222 5830 dyambum,
1238 5762 1334 5833 ibique
1346 5754 1565 5812 celeberrimum
1577 5751 1687 5810 cultum
1699 5754 1752 5809 ha-

68 5838 201 5895 chartam
213 5837 351 5911 conjecta,
366 5841 453 5910 prout
467 5835 535 5891 alibi
550 5836 622 5892 lecta
637 5850 666 5889 se
682 5834 828 5891 memoriae
841 5833 884 5889 ol·
933 5830 982 5889 bet
993 5830 1205 5892 ldllccembris.
