3878 6150
582 280 752 339 nemroth
770 281 812 340 ΕΤ
830 281 994 343 DECRETA.
1313 344 1316 349 ,
1574 288 1626 349 7³0

102 400 169 443 usus
184 387 221 444 de
240 403 335 445 errore
351 388 428 445 illius
445 388 592 464 [Rabbula]
615 391 762 448 Edessena
772 397 858 477 Anat
871 393 963 465 [Hebr.
979 394 1011 467 tl,
1036 391 1112 450 tens
1137 408 1205 450 eum
1229 393 1326 453 omnia
1345 395 1442 454 dicens
1463 397 1548 455 verbo
1566 414 1625 455 suae

102 480 208 537 antistes
221 482 257 538 ad
271 482 385 538 beatum
398 484 534 556 cyrillum
549 485 686 556 scribens,
701 486 740 542 ait
753 503 759 542 :
810 486 932 556 virtutis,
941 486 990 559 qui
1003 487 1231 560 purificationem
1243 494 1407 547 nostrorum
1420 490 1491 549 iecit
1499 495 1626 564 peccato-

103 574 220 648 quidam
234 577 372 632 unitatem
384 578 540 634 secundnm
553 578 762 635 subsistentiam
810 598 886 650 rum,
906 581 982 637 etad
1002 580 1149 636 dexteram
1161 585 1289 654 paternae
1306 583 1461 657 majestatis
1478 585 1622 656 consedit;

102 669 184 725 nodis
193 669 335 726 abdicant.
345 672 456 727 llorbus
464 672 541 728 enim
550 673 652 744 aliquis
666 674 760 729 subla·
811 675 915 747 dequo
928 674 963 730 ad
982 674 1157 731 Colossenses
1176 676 1287 748 scripsit
1304 677 1443 749 epistola:
1465 680 1541 747 Quod
1552 683 1582 736 in
1596 695 1625 736 co

102 763 194 819 aravit
206 764 325 834 Orienti,
342 765 558 822 immedicabilis
569 767 654 822 modo
668 768 762 823 vulne·
811 771 902 824 omnio
910 773 1002 825 meato
1012 773 1085 832 sunt,
1098 785 1159 839 qua
1169 774 1232 825 sant
1245 772 1275 826 io
1288 771 1360 826 colis
1371 775 1398 826 et
1409 774 1438 827 in
1453 775 1542 837 imis,
1556 775 1624 830 cist

102 858 761 932 ensEcclesiaecorpus,apudaliquosquasistu·
812 863 879 918 bilia
891 867 917 918 et
929 862 1089 926 inadibilia,
1109 863 1182 932 quod
1196 879 1247 934 per
1272 879 1331 919 eum
1346 869 1438 921 crecta
1457 871 1521 921 suat
1535 869 1627 924 omnio

109 950 258 1024 supercilia
271 952 435 1009 extollentes
454 953 629 1023 eruditione,
643 954 763 1012 latenter
812 956 921 1027 [Celata.
943 958 975 1028 1]‚
999 955 1080 1011 hamc
1110 972 1170 1012 non
1195 956 1373 1013 incarnatum
1391 959 1534 1028 Verbum,
1554 959 1626 1017 sicut

102 1060 116 1100 ι.
126 1030 278 1117 Episcopus
288 1046 364 1103 enim
374 1047 489 1118 quidam
500 1048 651 1119 provincia
660 1049 763 1105 Cilicia
812 1049 981 1121 evangelicis
994 1049 1110 1105 vocibus
1122 1050 1212 1106 edocti
1226 1067 1333 1122 sumus,
1348 1053 1397 1107 sed
1415 1053 1561 1109 hominem
1573 1069 1626 1126 per

102 1152 124 1205 s,
133 1137 177 1193 vir
186 1139 345 1194 verisimilis
354 1139 475 1208 dicendi,
488 1146 517 1196 et
526 1141 760 1213 potenssuadere,
812 1143 877 1199 vite
890 1141 1102 1215 provectionem
1115 1147 1143 1200 et
1155 1144 1322 1216 passionum
1339 1145 1542 1217 perfectionem
1556 1162 1624 1202 con-

102 1232 627 1304 msupratribnnalideEcclesiastatu
638 1233 763 1307 [ecclesia
808 1236 942 1308 junctum
955 1236 1011 1292 lieo
1029 1236 1130 1306 Verbo,
1146 1237 1257 1309 scripsit
1270 1238 1371 1295 stultus
1388 1238 1419 1295 in
1436 1239 1578 1297 omnibus.
1591 1240 1626 1295 Et

102 1324 188 1381 icebat
209 1328 244 1381 ad
267 1327 365 1398 populi
385 1328 572 1398 placentiam,
586 1328 654 1383 alios
667 1334 763 1385 autem
812 1330 874 1386 haec
887 1330 917 1385 in
930 1329 1054 1402 mysticis
1068 1331 1246 1386 sermonibus
1258 1347 1343 1387 amns
1359 1337 1410 1388 est.

102 1419 260 1493 arditionis]
277 1421 307 1475 in
320 1420 431 1492 scriptis
443 1421 574 1492 ponebat,
585 1422 636 1494 qui
647 1422 764 1495 inprin·
847 1424 910 1479 lllV.
934 1423 1038 1479 Contra
1057 1439 1168 1480 errores
1188 1424 1314 1495 ejusdem
1331 1425 1485 1495 Theodori,
1501 1426 1555 1498 pice
1577 1443 1623 1483 re-

102 1512 229 1568 rumdam
235 1513 296 1584 ejus
308 1513 444 1569 Codicum
455 1515 634 1571 anathemate
645 1516 763 1571 circum·
811 1516 983 1572 cordationis
994 1517 1167 1574 Theodosius
1187 1522 1215 1572 et
1229 1518 1438 1574 Valentinianus
1449 1520 1544 1590 legem
1558 1536 1624 1591 pro-

102 1607 291 1678 nspicientem
304 1624 362 1663 non
382 1608 563 1663 manifestare
573 1608 634 1663 aliis
647 1609 760 1680 scripta.
812 1611 982 1682 mulgentes,
990 1610 1139 1682 inquiunt:
1153 1611 1280 1668 [tabitam
1292 1628 1309 1666 a
1321 1611 1404 1667 nobis
1416 1613 1626 1669 venerationem

102 1715 132 1755 ns
148 1701 287 1772 exposuit,
302 1717 359 1756 non
378 1717 438 1756 essc
449 1718 514 1757 vere
529 1702 580 1757 liei
595 1703 763 1774 genitricem
811 1704 949 1777 piissima
962 1703 1097 1760 doctrinae
1110 1705 1269 1775 reddentes,
1285 1706 1395 1778 eosqui
1409 1706 1545 1762 ausisunt
1557 1723 1625 1763 con·

102 1793 244 1867 Virginem,
267 1799 403 1866 tanquam
418 1796 475 1850 lieo
488 1796 576 1851 Verbo
595 1812 653 1851 non
675 1796 761 1852 susci·
772 1772 801 1845 Β
813 1803 856 1853 tra
870 1798 960 1853 Deum
980 1797 1068 1869 impie
1082 1798 1269 1868 conscribere,
1286 1798 1388 1854 debita
1400 1800 1628 1856 condemnationi

102 1888 242 1943 erundum
255 1905 306 1943 nos
318 1889 505 1945 nativitatem.
522 1892 565 1962 (lit
577 1891 762 1962 postpauca:
812 1891 958 1963 subjicere,
975 1895 1005 1947 et
1020 1891 1183 1946 nominihus
1202 1891 1295 1964 dignis
1307 1891 1400 1948 vocari
1415 1898 1544 1965 oportere
1565 1895 1625 1951 exi·

107 1980 215 2049 dicunt,
229 1983 385 2037 secundnm
399 1983 597 2053 substantiam,
613 1984 656 2039 vel
666 2000 765 2039 secun·
813 1985 1120 2041 stimavimns.lustum
1129 1984 1217 2057 igitur
1226 1984 1397 2041 circumdari
1406 1986 1626 2044 cosconiusionc

102 2075 237 2131 stantiam
245 2077 359 2132 unitum
370 2094 430 2132 esse
439 2077 496 2131 lieo
505 2077 594 2132 Verbo
603 2077 762 2148 hominem,
813 2095 928 2134 suorum
936 2082 1125 2150 peccatorum,
1139 2082 1167 2133 et
1176 2079 1207 2134 in
1215 2078 1267 2135 tali
1275 2079 1411 2135 vocabulo
1419 2096 1585 2152 permanere
1595 2080 1626 2136 in

102 2169 241 2224 voluntate
254 2170 392 2241 quadam,
403 2175 540 2242 tanquam
553 2170 647 2226 divina
660 2175 764 2227 natura
813 2176 963 2242 aeternum,
977 2176 1120 2245 quatenus
1132 2188 1184 2228 nec
1197 2171 1251 2227 vivi
1261 2173 1426 2242 liberentur,
1437 2177 1536 2244 etpost
1548 2189 1625 2229 mor·

102 2261 186 2333 >iente
195 2264 315 2319 alterum
324 2265 442 2319 modum
451 2265 568 2320 unitatis
581 2271 697 2337 propter
705 2282 763 2322 non
813 2271 871 2322 tem
880 2270 1067 2338 permaneant
1075 2266 1237 2339 contempti.
1250 2266 1340 2338 igitur
1352 2266 1627 2323 doctrinaThecdori

102 2355 252 2428 iptibilem.
280 2359 333 2413 lste
358 2358 431 2413 dixit
454 2358 608 2414 Dominum
634 2363 764 2415 nostrum
814 2364 843 2415 et
857 2359 977 2415 Nestorii
995 2360 1151 2432 impiorum
1164 2365 1192 2416 et
1205 2359 1402 2432 pestiferorum
1420 2360 1478 2416 visa
1490 2365 1533 2416 est
1544 2360 1626 2417 nobis

102 2449 193 2505 istum
202 2467 259 2506 non
266 2456 395 2522 oportere
402 2451 512 2508 adorari
520 2452 592 2507 sicut
599 2452 762 2521 Dominum,
813 2452 1002 2509 abominanda
1015 2469 1075 2509 esse
1090 2471 1097 2509 ι
1112 2453 1241 2509 similiter
1254 2459 1350 2510 autem
1364 2459 1392 2509 et
1406 2470 1504 2510 ornnes
1519 2455 1568 2528 qui
1581 2471 1625 2511 se·

102 2542 198 2600 ineDei
208 2545 341 2599 honorari
349 2545 421 2600 sicut
431 2545 585 2617 imaginem
591 2546 761 2616 qrramdam:
813 2552 941 2619 quantur
952 2562 1051 2602 corvam
1064 2562 1200 2616 errorem,
1219 2551 1248 2603 et
1263 2548 1444 2603 consentiunt
1458 2565 1557 2605 eorum
1570 2549 1626 2605 im·

102 2653 150 2695 cm
159 2639 335 2694 manifestius
345 2639 501 2694 secundum
512 2655 559 2694 eos
569 2638 671 2708 dicere,
680 2639 762 2707 sicut,
814 2640 924 2712 pietati,
936 2639 1047 2710 justum
1061 2645 1102 2696 est
1110 2641 1187 2712 ipsos
1198 2641 1327 2697 eamdem
1338 2642 1561 2697 nominationem
1569 2658 1627 2698 me-

102 2732 157 2804 [uid
177 2733 314 2787 relatione
333 2730 480 2788 assidentis
500 2733 650 2788 dramonis.
668 2734 722 2788 lste
736 2737 765 2788 et
813 2733 880 2800 reri,
897 2738 925 2788 et
938 2733 1132 2789 contusionem
1154 2733 1246 2803 indui,
1268 2736 1301 2788 ut
1322 2750 1379 2789 non
1395 2735 1557 2804 Christiani,
1577 2735 1626 2791 sed

102 2825 187 2881 omini
201 2825 395 2897 pronuntiavit
407 2825 606 2881 nihilomnino
620 2826 763 2899 prodesse,
813 2825 969 2882 Nestoriani
981 2827 1183 2897 nominentur;
1200 2843 1253 2895 ne,
1269 2829 1337 2882 dnm
1349 2828 1534 2883 nominantur
1544 2828 1626 2884 Chri·

102 2919 210 2974 bomini
219 2935 326 2986 vocem,
338 2924 472 2990 quaeest:
490 2921 558 2978 Caro
571 2920 642 2975 nibil
652 2919 766 2990 prodest
814 2918 907 2986 stiaui,
922 2936 957 2976 ex
971 2918 1033 2991 ipso
1047 2919 1230 2975 inveniantur
1243 2920 1365 2976 decorati
1378 2920 1526 2989 vocabulo,
1542 2920 1628 2994 longe

103 3054 111 3069 .
134 3014 187 3068 lstc
215 3018 243 3068 et
261 3013 402 3085 apostolos
426 3013 494 3069 dicit
518 3029 574 3068 non
598 3013 764 3085 cognovisse
815 3012 961 3068 constituti
982 3027 1000 3067 a
1020 3011 1244 3067 Christianorum
1265 3012 1420 3085 proposito,
1435 3019 1463 3068 et
1482 3013 1628 3069 alienatis

105 3106 182 3179 quod
195 3109 268 3162 Deris
281 3111 355 3176 orat;
372 3107 421 3161 sed
435 3123 520 3177 supra
533 3106 619 3161 fidem
636 3122 701 3178 qum
723 3096 777 3161 est
815 3105 1120 3161 rectaetimmacnlala
1130 3105 1311 3178 tide.Etpost
1321 3123 1423 3178 pauca:
1440 3106 1540 3179 Siquis
1552 3123 1627 3178 prae·

102 3199 285 3256 aedificatam
299 3216 359 3255 esse
374 3200 523 3255 Ecclesiam
540 3200 647 3268 (Mutila.
661 3199 727 3269 xvv).
814 3198 922 3254 terierit
943 3203 1113 3270 presentem
1134 3203 1260 3255 nostram
1281 3200 1466 3267 sanctionem,
1485 3204 1519 3255 ut
1536 3202 1627 3256 Theo·

102 3310 190 3349 arsum
209 3293 242 3348 de
260 3309 355 3348 errore
378 3293 453 3347 illius
466 3293 619 3365 llesychins
635 3293 763 3349 Hieroso·
815 3292 884 3348 doro
894 3295 922 3346 et
932 3292 1057 3348 Nestorio
1067 3292 1225 3361 assenserit,
1236 3298 1264 3348 et
1278 3293 1393 3348 illorum
1404 3293 1494 3348 socios
1502 3293 1628 3348 imitatus

106 3386 262 3461 presbyter,
281 3387 473 3441 ecclesiasticas
485 3387 615 3441 Historiae
634 3386 764 3458 scriptor,
814 3383 910 3453 inerit,
927 3388 991 3456 post
1010 3384 1097 3456 gladii
1116 3384 1257 3443 Manem
1279 3385 1373 3440 omnis
1393 3386 1455 3456 ejus
1473 3385 1630 3440 substantia

102 3481 221 3536 colinum
235 3480 332 3537 multis
343 3485 408 3536 ante
423 3496 472 3535 cos
482 3479 591 3534 saeculis
603 3478 765 3535 Theodorus
815 3477 881 3532 fisco
893 3476 1049 3533 addicatur.
1066 3478 1199 3547 ierrsum
1219 3481 1316 3533 contra
1336 3492 1446 3533 errores
1465 3477 1551 3545 illius,
1574 3478 1628 3548 pias

102 3575 231 3647 »raecipue
254 3573 382 3628 imitatus
401 3578 452 3643 cst,
473 3573 629 3628 malitiosus
649 3572 765 3644 quidem
815 3568 1197 3625 recordationisThecdosius
1206 3572 1236 3624 et
1245 3568 1454 3625 Valentinianus
1462 3570 1557 3641 legem
1565 3587 1629 3642 pro-

102 3671 127 3725 et
138 3667 450 3740 linguaparatissimus,
464 3666 564 3737 etipse
576 3668 671 3721 tamen
680 3665 765 3720 insta-
815 3662 986 3734 mulgantcs,
999 3661 1134 3734 inquiunt
1149 3679 1156 3716 ι
1172 3663 1261 3718 Nemo
1276 3663 1394 3733 habeat,
1408 3668 1460 3718 eut
1478 3663 1565 3735 legat,
1579 3667 1629 3720 aut

103 3765 172 3831 tate,
191 3761 240 3833 qui
259 3760 315 3815 hnc
330 3765 357 3815 ct
372 3760 439 3816 illuc
452 3758 592 3814 inclinans
611 3758 763 3814 ferebatur.
816 3756 928 3823 scribat,
941 3757 992 3811 aut
1004 3756 1129 3827 proterat
1142 3756 1313 3826 Nestorium,
1325 3773 1375 3811 seu
1387 3756 1463 3812 illius
1475 3757 1574 3826 libros,
1585 3757 1628 3812 vel

115 3855 192 3911 enim
201 3855 377 3911 Antiocheno
388 3871 405 3908 a
417 3853 510 3926 prima
520 3855 603 3908 oetate
612 3867 767 3907 connume·
815 3850 929 3907 Codices
945 3849 1060 3913 cannino
1076 3850 1191 3906 inutiles
1204 3850 1360 3922 [nocibiles]
1372 3869 1380 3921 ;
1400 3849 1444 3906 rel
1455 3850 1544 3923 ipsius
1557 3852 1627 3907 Nes·

102 3948 171 4006 bene
181 3949 339 4004 conversari
351 3947 501 4020 pollicitus,
515 3946 551 4002 ad
568 3945 715 4001 saecnlares
728 3944 764 4000 li·
815 3943 890 4011 torii,
905 3944 949 4000 vel
962 3944 1088 4009 alterius,
1104 3947 1132 4000 et
1144 3944 1268 4000 maxime
1281 3944 1401 4000 Nestorii
1412 3945 1544 4000 adversus
1555 3944 1629 4000 solos

103 4043 310 4099 versusiterum
321 4041 521 4097 delectabatur.
534 4040 563 4094 ln
573 4039 764 4094 omnibusau-
814 4037 988 4110 Christianos
1000 4037 1169 4110 conscripta,
1182 4042 1232 4094 aut
1244 4038 1382 4094 Theodori
1396 4055 1403 4093 ε
1417 4038 1466 4095 sed
1480 4039 1630 4111 unusquis-

102 4136 260 4195 iimitabilis
270 4141 297 4192 et
309 4136 408 4190 beatus
420 4135 464 4188 vir
476 4135 597 4190 loannes
609 4132 766 4189 Constanti·
815 4147 871 4204 que
885 4131 991 4188 habens
1003 4132 1073 4188 tales
1095 4131 1222 4202 Codices,
1237 4132 1349 4204 publice
1367 4131 1430 4187 illos
1443 4131 1579 4204 proferat,
1601 4134 1630 4186 et

102 4248 131 4287 us
143 4231 291 4303 episcopus
302 4228 412 4300 scripsit
425 4227 583 4299 epistolam,
598 4243 663 4300 quae
675 4243 765 4298 usque
815 4224 846 4279 in
858 4229 1008 4296 conspectu
1021 4223 1151 4280 omnium
1165 4224 1225 4296 igni
1238 4223 1351 4292 tradat.)

102 4325 242 4381 codicibus
253 4324 368 4395 legitur,
384 4327 412 4377 et
426 4338 442 4376 a
455 4323 552 4393 pejore
566 4321 603 4377 ad
616 4319 766 4377 meliorem
851 4319 904 4373 xv,
918 4318 987 4373 Etsi
1006 4318 1100 4373 adhuc
1112 4318 1231 4373 fortasse
1245 4323 1308 4389 post
1323 4321 1366 4372 tot
1376 4316 1500 4389 prolatas
1512 4318 1628 4372 Petrum

102 4435 145 4474 nm
164 4435 231 4474 eum
252 4417 405 4472 transferre
426 4413 588 4487 praevalnit;
615 4413 767 4470 etiterum
816 4416 913 4467 contra
931 4411 1014 4466 illum
1031 4411 1184 4466 sententias
1205 4415 1297 4466 vestra
1318 4409 1487 4465 Fraternitas
1509 4410 1628 4479 dubitat,

102 4512 204 4581 assari,
227 4512 332 4568 iterum
352 4511 382 4564 in
398 4509 532 4564 clericatu
544 4523 604 4562 esse
624 4506 717 4579 coepit.
732 4508 804 4582 Etl)
815 4500 982 4560 Theodortlti
995 4504 1080 4559 libros
1092 4504 1177 4575 legat,
1193 4503 1340 4575 inquibus
1353 4503 1423 4558 dnm
1435 4504 1532 4559 contra
1543 4502 1631 4575 Cyrit-

129 4605 237 4673 relicta,
270 4605 299 4659 in
325 4605 444 4664 Tarsum
470 4600 699 4672 transmigravit,
731 4615 767 4655 ex
815 4598 877 4653 lum
899 4596 1098 4653 Alexandrina
1120 4596 1199 4652 urhis
1221 4596 1376 4652 antistitem
1397 4612 1463 4653 enm
1481 4597 1630 4653 defendere

102 4698 297 4771 Mopsuestiam
327 4696 461 4766 transiit,
495 4694 640 4750 ordinatus
672 4693 701 4748 in
732 4709 767 4748 ea
815 4691 927 4761 nititur,
942 4688 1035 4747 verius
1056 4694 1178 4760 accuset,
1201 4691 1317 4747 dicens:
1334 4709 1349 4743 c
1366 4691 1630 4763 interpretationem

103 4835 111 4861 ‚
137 4792 266 4848 nondum
294 4791 351 4846 Deo
369 4790 480 4845 volente
504 4787 685 4843 manifestam
710 4786 765 4841 im·
816 4785 937 4858 Cyrillus
949 4788 1060 4840 accusat
1074 4784 1166 4840 octavi
1178 4784 1288 4856 psalmi,
1310 4788 1338 4840 et
1355 4785 1450 4857 arguit
1462 4785 1524 4840 haec
1546 4784 1631 4841 verba

103 4885 168 4941 llius
195 4884 426 4957 pradicationem
453 4881 524 4938 iicri.
550 4881 644 4936 Prima
670 4885 766 4935 autem
816 4876 1629 4950 divini'lhecdori:Consideremusigitur,quisesthomo,

105 4997 164 5036 suaa
177 4979 312 5035 doctrinm
328 4995 362 5033 cx
376 4976 490 5032 ludaico
510 4975 672 5046 vaniloquio
694 4973 765 5029 inci·
816 4973 851 5028 de
863 4988 921 5044 quo
936 4971 1233 5044 stupescitetmiratur
1242 4971 1319 5044 qirod
1327 4971 1491 5043 unigenitus
1499 4971 1631 5044 dignatus

102 5073 215 5129 licemin
221 5072 399 5145 prophetiam
407 5066 765 5142 psalmommconscripsit,
816 5070 858 5122 est
869 5066 930 5137 ejus
943 5065 1113 5122 memoriam
1126 5070 1154 5121 et
1166 5064 1355 5122 visitationem
1367 5064 1469 5121 facere.
1488 5065 1541 5122 Sed
1555 5067 1631 5139 qirod

107 5167 227 5224 Domino
243 5165 461 5238 pradicationes
475 5163 586 5233 [Forsan
604 5160 765 5232 praedictio·
816 5159 934 5232 quidem
947 5175 1004 5215 non
1018 5159 1126 5214 dictum
1140 5163 1180 5214 est
1189 5159 1223 5214 de
1235 5159 1315 5213 omni
1323 5158 1449 5229 homine,
1458 5159 1490 5215 in
1502 5160 1629 5232 superio·

102 5266 233 5335 gentem:
247 5259 375 5330 culpatus
385 5274 451 5314 vcro
461 5258 489 5312 et
503 5255 686 5328 periclitatus,
696 5270 764 5309 con·
816 5253 894 5310 ribus
907 5254 1132 5311 demonstratum
1147 5256 1204 5321 est3
1220 5252 1296 5325 qnod
1309 5257 1405 5309 autern
1426 5253 1495 5324 leit,
1513 5255 1576 5326 nec]
1596 5254 1631 5310 de

108 5355 251 5423 dixit,non
260 5370 295 5408 ex
305 5354 460 5419 voluntate,
471 5350 520 5406 sed
529 5348 689 5421 compulsus
702 5362 764 5403 om·
816 5364 874 5404 uno
886 5347 1022 5420 quolibet,
1037 5350 1066 5402 et
1078 5347 1131 5401 hoc
1150 5349 1260 5401 certum
1275 5351 1326 5404 est.
1351 5367 1365 5397 n
1386 5348 1522 5404 Deductas
1536 5348 1630 5419 itaque

103 5448 231 5506 rimomis
239 5465 248 5517 ;
260 5449 289 5503 et
300 5446 431 5503 Codicem
442 5445 535 5517 ipsum
548 5443 641 5498 delere
655 5440 765 5513 pollici·
816 5446 857 5498 tot
871 5441 990 5497 testibus
1001 5438 1190 5510 blasphemias
1205 5441 1255 5495 has
1270 5440 1330 5511 ejus
1345 5457 1403 5498 esse
1422 5442 1486 5514 quis
1503 5439 1630 5495 dubitat?

102 5548 141 5599 ter
161 5540 348 5598 conservabat
369 5537 494 5594 Iudaicae
515 5534 668 5608 impietatis
683 5533 765 5590 viati·
816 5535 850 5590 Et
863 5534 947 5590 tantis
959 5532 1144 5606 blasphemiis
1155 5532 1231 5589 illins
1241 5534 1370 5608 cognitis,
1378 5551 1445 5591 eum
1460 5534 1629 5588 damnatum

102 5639 151 5692 »ost
171 5651 279 5708 pauca:
295 5634 440 5690 Christum
454 5630 531 5687 enim
543 5631 640 5685 lesum
655 5628 766 5701 generis
812 5628 878 5701 jure
890 5626 955 5700 quis
967 5626 1071 5699 neget?

102 5730 235 5787 lvetorem
257 5732 285 5783 et
304 5726 458 5783 Dominum
481 5727 575 5795 (quem
588 5722 766 5795 splendorem
851 5721 916 5777 llVl.
930 5719 1058 5777 Discussa
1068 5736 1137 5794 ergo
1146 5721 1240 5793 primo
1251 5722 1287 5778 de
1296 5716 1437 5777 Theodori
1448 5712 1629 5772 damnatione

102 5822 189 5900 cloria
201 5827 230 5886 et
240 5821 397 5896 imaginem
414 5816 580 5880 substantiae
599 5815 703 5877 Paulus
716 5832 766 5877 vo·
817 5813 950 5890 capitulo,
972 5830 1048 5875 nunc
1070 5815 1107 5874 ad
1126 5814 1202 5876 dicta
1219 5812 1345 5889 epistole
1363 5806 1528 5870 theodoreti
1553 5806 1628 5882 [tha]
