3884 6150
197 313 200 320 -
220 276 269 336 :rut

617 270 780 332 ,aetrauhtx
801 278 844 331 ab
862 276 973 332 orent
991 276 1106 333 sancti
1126 277 1277 334 ellassam
1296 277 1509 334 emissenus,

1849 280 1901 334 :lut

219 391 292 453 tens,
313 391 417 441 aeterne
441 386 523 451 Deus,
547 388 664 454 patema
687 383 868 440 miseratione
887 400 1028 442 succurre.
1042 385 1181 470 Atrabas
1194 385 1340 455 carissimi,
1355 385 1404 458 qui
1418 387 1585 440 ornamenta
1597 387 1707 439 naturas
1732 383 1836 439 amasa
1850 401 1902 455 per

219 483 281 536 Per.

281 578 329 626 Pro
348 573 464 639 captivis,
481 574 522 623 rel
539 574 581 638 qui
596 574 623 623 in
640 575 788 626 carceribus
806 576 962 626 detinentur.

254 665 354 730 Deum,
375 661 423 732 qui
447 663 558 713 maestas
581 660 673 715 clades
692 662 826 732 dissolvit,
847 661 1030 716 unianimiter

219 757 411 826 deprecemur,
433 756 463 807 ut
477 769 574 808 omnes
593 755 761 825 captivitatis
773 755 846 827 jugo
872 755 1028 827 depressos,

216 849 286 903 etin
300 862 444 902 carcerum
458 851 537 918 septa
550 846 686 918 detrusos,
702 847 766 920 pius
785 865 898 921 semper
917 848 1029 903 miseri·

216 940 317 995 cordiae
330 939 447 1012 largitor
459 939 592 994 absolvat.
604 941 666 996 Per.

554 1033 688 1082 Collectio.

250 1121 324 1175 Deus
336 1117 464 1173 omnium
476 1118 667 1173 laborantium
682 1118 793 1191 insigne
805 1120 981 1191 praesidium,
997 1120 1030 1174 li-

213 1215 282 1270 bera
295 1228 405 1267 carcere
418 1211 534 1278 clausos,
548 1216 632 1283 atque
647 1211 780 1283 captivos,
801 1228 848 1268 eos
869 1212 1028 1286 praesertim

214 1309 264 1382 qui
276 1324 359 1380 opem
374 1309 430 1360 tuae
443 1305 555 1377 pietatis
567 1305 731 1376 implorant.

471 1404 519 1452 Pro
533 1403 766 1467 peregrinantibus.

249 1490 438 1547 habitatorem
452 1488 523 1558 caeli,
537 1489 783 1561 inspectoremque
796 1489 924 1544 omnium
938 1489 1029 1561 regio

213 1579 296 1654 num,
310 1582 461 1638 [lominum
471 1598 522 1653 pro
531 1582 778 1653 peregrinantibus
792 1581 974 1637 unianimiter
982 1582 1029 1638 de-

212 1694 372 1752 precemur,
386 1681 418 1732 ut
431 1676 470 1730 eis
483 1692 535 1746 pro
557 1692 615 1730 suas
637 1676 748 1747 pietatis
766 1676 916 1732 elementia
938 1679 1029 1731 matu-

212 1790 276 1828 rum
289 1771 412 1827 reditum
424 1769 571 1841 largiatur.
585 1771 648 1824 Per.

557 1863 691 1913 collectio.

248 1951 419 2006 Salvatmem
431 1949 570 2016 omnium,
589 1947 636 2020 qui
649 1949 731 2003 esaia
744 1953 772 2004 et
790 1948 892 2004 veritas
913 1952 940 2004 et
961 1948 1026 2019 vita,

208 2043 406 2100 itinerantibus
431 2043 598 2114 angelorum
624 2041 738 2113 ducem,
764 2059 937 2114 quaesumus,
962 2042 1028 2113 pius

210 2139 301 2208 Pater,
316 2137 455 2193 adtribue.
467 2138 530 2191 Per.

407 2260 411 2267 -
428 2231 477 2279 Pro
490 2227 664 2292 eleemosynis
676 2227 807 2290 largitore.

245 2320 396 2371 auctorem
408 2315 476 2369 boni
490 2314 595 2385 operis,
618 2318 646 2367 et
658 2313 853 2368 fidelissimum
872 2313 1025 2368 retributo-

1080 480 1192 550 culpam
1206 480 1338 551 dignatus
1351 484 1393 534 est
1406 494 1536 550 reparare
1550 493 1602 549 per
1615 479 1745 549 gratiam,
1758 478 1812 531 sub
1825 494 1901 533 reve

1080 573 1169 627 reuda
1185 573 1312 643 mysterii
1331 572 1480 643 praesentis
1501 571 1594 625 allicio
1612 571 1778 642 suppliciter
1799 587 1899 627 exore-

1080 682 1155 735 mus,
1172 669 1203 719 ut
1214 666 1294 736 aquis
1306 666 1352 719 his
1367 666 1501 720 virtutem
1527 664 1715 732 transfundat,
1738 665 1770 718 in
1793 664 1902 720 animas

1079 758 1289 813 benedictiones
1313 758 1455 826 infundat,
1469 761 1497 812 et
1508 757 1544 812 ad
1557 757 1753 828 peragendum
1767 759 1898 812 sacratis·

1080 851 1158 906 simae
1168 852 1391 923 regenerationis
1404 850 1536 907 ellectum
1549 850 1700 922 praeseutia
1713 850 1799 905 trinae
1815 851 1899 923 hiaja-

1079 945 1157 1001 stutis
1170 945 1301 1000 adsistat:
1312 945 1473 1017 confringat
1485 948 1514 998 et
1522 947 1742 1015 canteratsuper
1751 944 1804 998 has
1814 960 1902 1017 aquas

1079 1045 1165 1111 capnt
1176 1038 1321 1108 draconis;
1337 1042 1370 1094 ut
1384 1039 1436 1094 sub
1448 1038 1530 1093 undis
1540 1037 1647 1093 fecibus
1656 1038 1848 1094 transactione
1861 1054 1902 1093 aa·

1079 1136 1154 1187 creta
1166 1132 1390 1205 chirographum
1405 1132 1558 1204 pristinum
1572 1135 1733 1197 evacuetur,
1745 1137 1775 1186 et
1788 1131 1899 1187 debito-

1078 1226 1158 1280 ribus
1171 1243 1236 1281 cum
1255 1226 1364 1281 Christo
1386 1242 1436 1297 per
1456 1225 1630 1296 baptismum
1650 1224 1835 1295 consepultis,
1861 1226 1900 1280 ita

1078 1319 1125 1374 hic
1138 1323 1240 1391 agatur
1256 1319 1356 1375 mortis
1369 1319 1498 1387 imitatio,
1514 1323 1547 1374 ut
1569 1317 1680 1373 salvatis
1701 1318 1821 1389 perditis
1841 1318 1899 1372 sola

1078 1430 1107 1467 ae
1122 1413 1223 1468 sentiat
1235 1413 1263 1467 in
1277 1413 1361 1468 terris
1374 1412 1543 1484 perditione.
1562 1413 1616 1466 Per
1628 1412 1660 1466 h.

1352 1505 1475 1555 Collectio
1489 1504 1614 1568 sequitur.

1113 1592 1297 1663 Omnipotens
1317 1591 1489 1662 sempiterne
1502 1592 1585 1660 Deus,
1599 1589 1695 1644 adesto
1709 1605 1825 1661 magnae
1839 1590 1898 1663 pie-

1077 1684 1141 1739 tatis
1153 1689 1210 1739 tuae
1221 1684 1370 1756 mysteriis,
1385 1684 1481 1739 adesto
1495 1682 1676 1738 sacramentis
1687 1699 1696 1751 3
1712 1682 1790 1738 etad
1801 1700 1901 1739 crean-

1037 1766 1128 1839 Bdos
1139 1794 1226 1833 novos
1238 1778 1367 1851 populos,
1381 1795 1452 1850 quos
1465 1777 1516 1832 tibi
1529 1777 1592 1832 fons
1607 1776 1787 1848 baptismatis
1799 1782 1899 1849 partar-

1077 1872 1124 1942 rit,
1139 1872 1271 1944 spiritum
1285 1872 1442 1943 adoptionis
1454 1871 1562 1941 emitte,
1576 1874 1609 1926 ut
1620 1870 1697 1942 quod
1717 1875 1826 1926 nostras
1849 1871 1901 1926 bu·

1077 1966 1203 2020 militatis
1212 1965 1373 2037 gerendum
1383 1968 1426 2019 est
1438 1964 1606 2034 ministerio,
1620 1968 1677 2020 tuae
1691 1963 1806 2019 virtutis
1819 1979 1898 2019 eom·

1077 2058 1189 2131 plentur
1203 2059 1315 2115 ellectu.
1328 2060 1381 2113 Per
1395 2059 1558 2114 [lominum.

1304 2152 1472 2203 Exorciamua
1490 2165 1563 2215 aquae
1578 2150 1664 2201 tontis.

1112 2239 1245 2293 Exorcizo
1259 2241 1296 2307 te,
1312 2238 1375 2292 torre
1395 2253 1475 2310 aquae
1488 2237 1637 2309 perennis3
1661 2252 1712 2308 per
1724 2236 1818 2291 Deum
1831 2252 1896 2291 san·

1075 2336 1163 2403 ctum,
1180 2338 1208 2387 et
1221 2334 1310 2387 ileum
1322 2347 1432 2401 rerum,
1444 2331 1494 2403 qui
1508 2336 1535 2386 te
1547 2331 1579 2386 in
1598 2329 1740 2402 principio
1764 2329 1801 2384 ab
1819 2330 1897 2384 arida

208 2425 282 2476 rem,
302 2409 453 2463 D⁰ffliss¹1¹1¹
466 2408 660 2479 deprecemur>
682 2412 712 2462 ui
738 2423 835 2462 ⁰¹¹¹¹¹⁰⁵
854 2407 903 2478 ‘issi
930 2407 1025 2478 Plenas
1074 2425 1223 2496 separavit,
1243 2429 1272 2479 et
1290 2425 1320 2479 in
1343 2429 1466 2497 quatuor
1487 2423 1654 2478 fluminibus
1675 2428 1785 2478 terram
1803 2422 1896 2495 rigare

208 2503 404 2575 indigentibus
418 2517 518 2556 manus
537 2501 677 2572 aperiunt,
694 2505 721 2555 et
743 2501 790 2555 hic
806 2499 1025 2571 naultiplicatum
1073 2519 1218 2590 praeoepp,
1235 2518 1277 2574 gi,
1295 2535 1368 2591 aqu,
1386 2523 1491 2585 sanem,
1514 2515 1895 2590 aquabenedjcyg,ab1u0m

208 2597 494 2669 sni⁰ll‘3rissf1'uctum
510 2595 631 2666 calliam,
658 2598 686 2649 ei
700 2595 730 2649 5¹¹
753 2595 883 2650 futurum
905 2593 1023 2665 8¹⁰fi³¹¹¹
1074 2612 1182 2682 sordes,
1208 2617 1236 2666 et
1261 2612 1405 2667 dimittens
1424 2617 1538 2684 peccata
1555 2628 1562 2666 :
1581 2611 1612 2665 iu
1624 2610 1702 2665 illius
1728 2615 1757 2666 te
1778 2609 1893 2666 nomina

208 2694 417 2764 consequantur
429 2694 575 2745 aeternam.
586 2691 648 2744 Per.

550 2781 685 2831 Collectio.

243 2869 370 2941 Respice,
385 2868 516 2935 Domine,
533 2884 632 2922 eorum
644 2868 749 2921 viscera
763 2866 958 2922 benedictione
973 2883 1023 2921 cae·

207 2963 281 3032 testi,
295 2962 344 3034 qui
356 2965 384 3017 te
396 2977 555 3033 pauperum
566 2965 650 3031 pastu
664 2960 805 3015 reficiunt.
821 2962 884 3015 Per.

484 3057 534 3106 Pro
548 3056 742 3120 penitentibus.

1073 2706 1216 2761 exorcidio
1230 2705 1280 2777 qui
1293 2706 1371 2761 dedit
1382 2706 1527 2777 discipulis
1540 2705 1599 2760 suis
1613 2720 1720 2759 nomm
1733 2720 1892 2759 sacramen·

1073 2803 1136 2854 tum
1151 2799 1264 2855 dicens:
1286 2802 1324 2854 lte
1337 2800 1367 2854 in
1382 2800 1524 2871 gentibus,
1536 2799 1708 2871 baptizantes
1721 2814 1769 2853 eos
1795 2797 1828 2852 in
1843 2813 1892 2852 no·

1072 2893 1150 2949 mine
1164 2893 1253 2948 Patris
1266 2899 1294 2949 et
1306 2893 1368 2948 Filii
1383 2897 1412 2948 et
1424 2893 1544 2965 Spiritus
1557 2892 1656 2948 sancti.
1668 2892 1730 2947 Fiat
1741 2907 1833 2959 nunc,
1842 2891 1894 2945 llo·

1072 2987 1160 3055 minc,
1186 3004 1259 3058 aqua
1282 2991 1378 3042 sancta
1399 2986 1571 3042 exorcidiata
1587 2985 1623 3040 ad
1641 2985 1799 3057 expiandos
1825 2983 1893 3039 lilios

1073 3081 1134 3136 Dei.
1156 3082 1210 3135 Per
1228 3082 1340 3136 Patrem
1363 3085 1392 3135 et
1419 3080 1520 3135 Filium
1539 3080 1599 3150 eJus
1623 3080 1719 3135 lesum
1748 3078 1894 3134 Christum

243 3144 368 3201 sumfflae
381 3143 494 3216 Pietatis
508 3142 673 3210 ⁰⁰¹¹¹⁵¹¹¹¹mr
689 3143 739 3213 ‘lm
753 3158 810 3197 ¹¹⁰⁰
829 3143 889 3197 Νη
901 3146 1021 3198 ¹¹¹⁰st⁰¹¹¹
1032 3141 1059 3216 C
1072 3174 1154 3229 Doni.
1165 3179 1295 3229 nostrum
1310 3174 1360 3245 qui
1376 3178 1511 3247 venturus
1533 3178 1574 3228 est
1595 3188 1661 3227 cum
1675 3170 1784 3245 Spiritu
1799 3177 1893 3227 sancta

207 3238 391 3294 morientium
418 3236 572 3292 dummodo
592 3240 774 3291 renascantur
797 3240 825 3291 et
847 3236 950 3305 vivant,
971 3253 1023 3308 pro

206 3332 408 3405 paenitentibus
418 3329 571 3386 Dominum
584 3329 780 3401 deprecemur,
795 3336 828 3384 ut
841 3329 949 3385 indulta
962 3347 1024 3385 suo

206 3442 319 3494 rum...‚
329 3425 503 3482 remissionis
514 3441 571 3479 suae
579 3424 787 3497 plenitudinem
798 3424 947 3495 largiatur.
959 3427 1021 3481 Per.

481 3526 606 3578 collectio
619 3527 744 3590 sequitur.

243 3614 356 3682 Tribue,
372 3614 498 3679 [lumine.
522 3629 641 3668 munere
660 3613 745 3668 tontis
767 3613 859 3668 exutis
883 3617 916 3668 ut
934 3613 1023 3669 tidelis

207 3707 378 3780 paenitentiae
390 3707 517 3779 praemiis
529 3707 634 3761 iterum
650 3705 819 3776 glorientur.
835 3708 896 3762 Per.

508 3799 557 3849 Pro
570 3798 717 3863 neophytis.

244 3886 297 3939 Pro
309 3882 517 3955 negligentibus
531 3884 674 3954 tardisque
687 3883 798 3939 Dourini
811 3885 899 3940 nostri
913 3885 1023 3940 cultori-

207 3980 271 4050 bus,
284 3978 313 4034 id
327 3982 369 4034 est
382 3976 544 4048 neophytis,
558 3977 712 4031 Dominum
726 3977 922 4049 deprecemur,
938 3983 970 4034 ut
983 3979 1023 4035 eis

188 4116 194 4139 ,
208 4073 381 4130 desiderium
394 4072 482 4126 beatae
495 4075 524 4126 et
536 4074 681 4142 perpetuae
696 4072 917 4143 regenerationis
930 4073 1023 4129 infun·

207 4169 264 4225 dat.

545 4235 680 4286 Collectio.

243 4328 327 4393 Deus,
341 4323 391 4397 qui
403 4337 515 4394 semper
526 4321 600 4376 bona
616 4321 683 4377 facis
706 4321 833 4377 invenire
853 4327 1022 4394 maerentes,

207 4425 311 4493 praesta
323 4423 460 4475 uteorum
471 4416 631 4472 rudimenta
640 4420 773 4489 tyronum
784 4416 943 4471 mercedem
953 4433 1022 4472 con-

208 4513 342 4569 summati
354 4513 447 4585 operis
459 4515 679 4583 consequantur.
693 4512 747 4566 Per
761 4509 924 4565 Dominum.

474 4619 525 4667 Pro
537 4617 755 4682 competentibus.

244 4705 397 4762 Dominum
417 4703 569 4772 majestatis
582 4719 706 4774 oremus,
723 4709 754 4758 ut
766 4703 840 4759 cervi
853 4718 931 4758 more
945 4703 1023 4758 fonte

205 4801 266 4876 jam
280 4799 411 4873 proximo
423 4795 560 4865 sitientes,
574 4813 641 4852 nior
656 4797 691 4852 ad
711 4798 829 4853 caelestis
846 4797 949 4870 palmae
965 4797 1023 4852 lau·

208 4913 286 4954 ream
298 4894 517 4965 consequantur.
531 4890 593 4945 Per.

546 4981 679 5033 collectio.

244 5077 348 5135 sitiunt
367 5073 403 5129 ad
422 5077 449 5127 te
472 5071 560 5126 ileum
579 5069 675 5123 vivum
701 5067 798 5142 362
815 5075 941 5143 tuorum,
966 5073 1021 5128 no.

1069 3267 1197 3339 judicare
1211 3267 1353 3322 muudum
1366 3267 1537 3340 perignem.

1228 3364 1345 3415 Praelatio
1359 3366 1392 3415 ad
1410 3363 1622 3415 benedicendum
1640 3363 1735 3414 tontes.

1108 3451 1259 3506 [lominum
1284 3451 1488 3506 immortalium
1507 3467 1661 3506 munerum
1677 3454 1708 3505 et
1726 3449 1893 3506 salutarium

1073 3545 1240 3617 gratiarum,
1263 3546 1364 3602 fratres
1389 3544 1573 3613 dilectissimi,
1603 3544 1736 3600 concordi
1753 3550 1853 3601 mente
1866 3548 1893 3599 et

1072 3637 1176 3693 humili
1188 3639 1312 3694 oratione
1325 3655 1492 3711 poscamus,
1508 3643 1539 3693 ut
1550 3654 1601 3710 per
1620 3637 1755 3709 Verbum,
1774 3638 1890 3711 Sapien-

1072 3732 1152 3803 tiam,
1169 3738 1197 3788 et
1210 3734 1350 3788 Vhtutem
1365 3750 1445 3788 suam
1468 3733 1620 3788 Dominum
1641 3738 1776 3787 nostrum
1795 3733 1890 3788 tasum

1071 3825 1216 3882 Christian
1229 3827 1331 3882 Filium
1344 3844 1439 3894 suum,
1459 3827 1641 3882 concurrenti
1657 3826 1694 3881 ad
1715 3825 1892 3898 baptismum

1072 3921 1225 3975 salutmom
1246 3921 1321 3992 plebi
1343 3912 1408 3976 suae.
1424 3921 1545 3993 gratiam
1569 3937 1649 3976 novae
1667 3920 1894 3992 regenerationis

1072 4013 1236 4086 indulgeat;
1248 4020 1331 4087 atque
1341 4031 1467 4070 accessus
1478 4015 1544 4070 hinc
1553 4014 1666 4086 penitus
1679 4013 1820 4087 maligma
1829 4030 1894 4069 con·

1071 4107 1194 4179 tagionis
1206 4113 1345 4178 avertens,
1360 4106 1458 4182 363
1472 4108 1601 4165 infundat
1612 4108 1689 4164 vitali
1701 4108 1815 4164 lauaem
1828 4108 1893 4180 spi·

1072 4202 1160 4258 ritum
1172 4220 1254 4258 suum
1267 4207 1412 4271 sanctum,
1426 4208 1459 4258 ut
1470 4204 1539 4259 dum
1551 4203 1646 4260 sitiens
1668 4202 1757 4258 ssdem
1770 4202 1894 4276 populu

1072 4313 1161 4369 aquas
1187 4297 1316 4353 salutaris
1335 4297 1511 4370 ingreditur;
1533 4313 1598 4354 vere
1616 4298 1658 4368 (ut
1679 4296 1820 4369 seriptum
1840 4296 1893 4369 eat)
1916 4330 1921 4337 ·

1072 4407 1123 4462 per
1132 4408 1235 4463 aquam
1249 4395 1277 4446 et
1289 4391 1424 4462 Spiritum
1439 4397 1566 4447 sanetum
1579 4394 1759 4458 renascatur3
1779 4395 1808 4447 et
1827 4406 1894 4447 eou-

1073 4485 1199 4556 sepultus
1213 4485 1244 4540 iu
1258 4485 1367 4540 lavacro
1388 4485 1570 4558 Redemptori
1591 4502 1651 4553 suo,
1675 4484 1706 4539 iu
1723 4483 1892 4540 slmilitudi·

1072 4594 1138 4633 uem
1160 4579 1229 4633 sacri
1255 4578 1399 4651 divinique
1416 4579 1552 4651 mysterii,
1579 4579 1625 4634 eui
1644 4579 1825 4634 conmoritur
1843 4592 1895 4651 per

1073 4671 1257 4744 baptismum,
1277 4672 1369 4728 eidem
1382 4677 1565 4745 conresurget
1578 4674 1608 4728 in
1622 4688 1724 4744 regno.
1738 4672 1803 4729 Per.

1353 4770 1503 4820 Benedictio
1514 4769 1602 4821 tontis.

1109 4854 1239 4925 Benedic,
1253 4855 1381 4924 homine,
1397 4857 1471 4912 hanc
1492 4872 1595 4928 aquam
1618 4854 1761 4928 salutaris,
1784 4859 1812 4912 et
1834 4873 1897 4914 sau·

1073 4949 1163 5004 ctifica
1175 4966 1247 5020 eam,
1263 4951 1443 5022 omnipotens
1456 4951 1586 5022 Trinitas,
1601 4950 1650 5023 qui
1662 4951 1829 5007 humanam
1842 4968 1894 5023 ge·

1072 5059 1126 5098 uus
1139 5043 1261 5100 formare
1275 5061 1426 5117 creareque
1435 5044 1560 5117 jussisti;
1575 5045 1681 5119 quique
1694 5045 1784 5101 etiam
1791 5044 1896 5103 dedisti

210 5168 296 5235 mine,
316 5165 398 5220 corda
423 5161 609 5230 famulorum,
631 5159 741 5233 suscipe
759 5162 903 5233 cupientes
923 5164 1023 5218 saecrrlo
1073 5137 1153 5192 ¹²⁰¹]ss
1166 5154 1218 5210 per
1230 5138 1272 5194 tui
1292 5138 1646 5211 b⁰P²i⁵m⁸ffi³mY³i⁰¹'i⁰¹¹¹
1658 5139 1783 5212 &rafim
1809 5156 1893 5197 ΝΜ·

210 5263 293 5332 mori,
307 5265 339 5315 ut
350 5258 413 5328 tibi,
428 5255 556 5326 Domine,
573 5259 774 5324 renascantur3
799 5255 834 5309 da
853 5262 1022 5326 proesenyem
1074 5232 1178 5302 scendi,
1188 5232 1295 5305 respice
1306 5232 1445 5305 propitius
1454 5250 1540 5306 super
1548 5234 1629 5290 istius
1637 5250 1721 5306 aquae
1732 5237 1895 5291 creaturam

209 5355 370 5432 petentibus
380 5351 511 5425 gratiam,
522 5350 608 5405 vitam
619 5349 741 5407 credulis
750 5346 867 5405 daturus
876 5355 1021 5408 aeternam.
1073 5325 1219 5398 religionis
1245 5326 1379 5398 1117ῧῖθῖῘο
1402 5333 1592 5401 Ρΐθθῦΐᾶῖᾶῐῦ)
1621 5327 1779 5400 ⁸Pl¹ll⁸¹⁹m
1810 5334 1894 5385 tuam

208 5455 272 5510 Per·
1073 5420 1299 5476 benedictionem
1313 5421 1463 5492 perfimde,
1476 5428 1509 5477 ut
1521 5422 1557 5477 sit
1568 5421 1619 5493 cis,
1632 5421 1683 5495 qui
1696 5422 1728 5479 in
1741 5438 1776 5478 aa
1796 5421 1894 5496 bapti·

403 5517 475 5572 XXV.
497 5533 564 5572 oeus
583 5532 617 5570 ao
636 5533 830 5574 aaerrzauoun.
1073 5515 1154 5570 zaudi
1168 5518 1244 5585 sunt,
1258 5516 1322 5571 fons
1336 5533 1417 5588 aquea
1436 5515 1565 5573 salutaris
1583 5517 1614 5572 in
1630 5515 1801 5574 remissione
1821 5523 1895 5575 rete·

366 5610 483 5663 Praelatio
503 5613 641 5672 antequam
665 5609 864 5662 exorcidietur¹.
1072 5625 1138 5664 rum
1165 5609 1317 5665 criminum
1344 5611 1390 5682 (te,
1417 5611 1544 5680 Domine,
1573 5611 1726 5685 largiente)
1747 5611 1779 5669 in
1807 5613 1893 5671 vitan

244 5707 380 5760 nutarem
394 5717 426 5754 ae
438 5696 631 5771 reparatorem
644 5701 773 5752 nostrum
788 5698 1021 5771 omnipotentem,
1074 5707 1220 5760 uternam.
1232 5705 1286 5760 Per
1298 5704 1330 5761 D.

244 5833 257 5868 ¹
269 5830 307 5886 lta
319 5827 426 5903 passim
435 5825 519 5899 infra,
535 5823 679 5889 manda,
692 5827 745 5881 etc.
