3878 6150
123 262 174 318 789
759 268 957 326 aubertum
976 271 1164 328 moneare
1745 283 1797 343 790

118 384 268 442 corporea
282 365 387 427 dextris
408 375 437 427 et
454 387 470 427 a
489 370 610 428 sinistris
634 372 729 429 altaris
751 374 884 445 decorati,
906 377 936 432 in
947 379 1085 466 Aartitex
1100 379 1318 437 Hibernsnsium
1330 381 1463 455 prudenti
1475 378 1586 442 locutus
1599 389 1641 444 est
1655 389 1770 448 consilio
1788 409 1796 450 ι

119 465 314 520 monumentis
338 465 428 537 posita
451 468 566 527 ornatis,
590 468 666 522 vario
682 468 760 523 cultu
773 469 833 524 auri
848 475 875 525 et
890 488 936 525 ar·
988 474 1018 528 ln
1031 473 1085 528 hac
1103 481 1309 546 superventura
1331 482 1413 532 nocte
1439 495 1519 535 orare
1541 481 1690 538 Dominum
1714 485 1798 555 juxta

120 558 202 629 genti
216 561 245 612 et
263 575 452 630 gemmarum,
464 564 491 615 et
504 560 620 631 pretiosi
634 561 744 632 lapidis,
758 566 843 634 atque
856 580 934 619 coro·
986 571 1113 623 sanctam
1129 567 1271 639 Brigidam
1293 569 1413 624 lideliter
1434 571 1580 641 debemus,
1593 579 1626 629 ut
1646 576 1705 647 ipsa
1717 578 1797 634 nobis

119 651 165 704 nis
178 652 275 706 aurcis
289 658 317 707 ct
331 653 472 726 argenteis
485 653 606 725 desuper
619 654 807 726 pendentibus
821 657 934 729 requie·
986 659 1127 728 de'mane,
1142 661 1210 732 quid
1224 662 1253 715 in
1268 678 1351 732 opere
1362 662 1416 717 boc
1422 665 1511 719 acturi
1524 683 1631 735 sumus,
1642 671 1796 739 provideat.

120 749 214 798 scunt.
986 753 1021 808 Et
1033 753 1072 807 sic
1084 770 1167 808 orans
1173 755 1256 825 juxta
1271 761 1488 813 monumentum
1502 763 1604 814 sanctae
1618 761 1739 835 Brigidae
1752 769 1796 819 to-

158 838 281 894 Ecclesia
299 856 422 912 namque
444 846 584 897 crescente
608 858 727 897 numero
758 841 884 898 fidelium
909 848 938 900 et
986 850 1045 901 tarn
1056 853 1169 902 noctem
1182 847 1328 919 transegit.

121 936 244 1003 utroque
257 949 336 999 sexu,
350 934 407 987 solo
421 920 550 1005 spatiosa,
565 940 592 990 et
604 934 633 988 in
647 936 737 990 altum
748 937 852 992 minaci
869 954 936 1008 pro·
1022 941 1055 994 Et
1067 956 1152 994 mane
1167 958 1295 1013 surgens,
1309 942 1433 997 oratione
1445 944 1600 1014 premissa,
1612 946 1714 1002 ostium
1728 949 1798 1004 anti-

120 1026 239 1080 ceritate
262 1031 399 1097 porrecta,
416 1044 446 1080 ac
468 1027 599 1082 decorata
619 1029 702 1100 pictis
725 1030 863 1098 tabulatis,
882 1030 938 1084 tria
986 1048 1077 1104 quum
1102 1034 1218 1088 trudens
1238 1051 1270 1088 ac
1290 1051 1400 1106 poneris
1422 1035 1452 1089 in
1476 1053 1527 1091 suo
1543 1038 1666 1107 cardine,
1678 1040 1797 1111 januam

122 1118 293 1173 intrinsecus
306 1119 413 1175 habens
426 1121 557 1187 oratoria,
578 1120 675 1193 ampla
685 1125 714 1176 et
727 1122 813 1177 divisa
826 1122 938 1194 parieti·
987 1126 1125 1181 conclusit
1138 1127 1227 1181 totam
1242 1143 1249 1181 :
1272 1143 1324 1182 nec
1336 1127 1442 1199 aliquid
1455 1128 1543 1184 deluit
1556 1131 1590 1185 de
1603 1131 1691 1202 ipsius
1706 1134 1796 1204 pleni·

122 1210 177 1264 bus
201 1211 344 1281 tabulatis,
360 1213 411 1267 sub
426 1230 484 1267 uno
502 1214 626 1268 culmine
648 1214 761 1285 majoris
780 1216 891 1281 domus,
908 1216 937 1271 in
987 1218 1096 1284 tudine,
1111 1235 1163 1273 nec
1176 1220 1234 1273 ulla
1246 1218 1276 1273 in
1290 1220 1351 1291 ejus
1366 1221 1560 1291 magnitudine
1579 1225 1720 1295 superflua
1733 1244 1799 1298 pars

120 1320 180 1374 quo
194 1321 267 1358 unus
283 1305 374 1375 parles
396 1306 554 1376 decoratus,
568 1312 596 1360 et
610 1306 782 1378 imaginibus
797 1308 936 1379 depictus,
986 1316 1099 1381 reperta
1112 1314 1163 1365 est.
1179 1312 1211 1366 Et
1224 1312 1263 1366 sic
1276 1316 1372 1366 sancta
1385 1313 1499 1384 Brigida
1513 1314 1582 1370 illud
1591 1317 1692 1372 ostium
1704 1324 1800 1374 erten-

121 1413 154 1451 ae
168 1396 380 1452 linteaminibus
394 1403 494 1468 tectus,
511 1416 562 1471 per
574 1400 752 1455 latitudinem
767 1401 795 1455 in
809 1401 938 1456 orientali
988 1402 1029 1458 dit
1041 1403 1071 1457 in
1086 1404 1275 1473 altitudinem,
1297 1411 1327 1460 ut
1340 1409 1398 1459 tota
1410 1411 1490 1477 porta
1510 1407 1559 1461 illa
1580 1409 1614 1462 ab
1628 1426 1661 1465 eo
1683 1411 1719 1465 sit
1731 1428 1798 1466 eon-

122 1489 248 1544 ecclesire
273 1495 363 1562 parte,
378 1509 395 1546 a
415 1492 523 1563 pariete
544 1494 578 1547 ad
599 1494 721 1548 alterurn
736 1494 871 1564 parietem
896 1512 939 1549 ec·
988 1495 1074 1565 clusa,
1093 1513 1144 1551 nec
1159 1497 1188 1551 in
1202 1514 1235 1551 ea
1249 1499 1321 1552 ullus
1335 1498 1413 1553 locus
1428 1499 1581 1569 patefactus
1595 1502 1731 1570 rideatur,
1746 1505 1799 1558 nisi

123 1582 216 1638 clesiae
233 1600 261 1637 se
281 1584 418 1650 tetendit3
433 1586 482 1657 qui
507 1586 535 1640 in
553 1587 610 1640 suis
633 1587 858 1641 extremitatibus
883 1588 938 1642 duo
988 1605 1054 1642 cum
1067 1590 1171 1643 ostium
1184 1590 1350 1660 retruditur,
1365 1596 1396 1645 ut
1409 1591 1522 1646 ecclesia
1548 1593 1679 1650 intretur.
1701 1597 1734 1650 Et
1747 1596 1800 1651 hoc

122 1675 209 1730 habet
228 1676 257 1729 in
272 1693 321 1730 sua
334 1677 403 1732 ostia
415 1695 424 1747 ;
439 1684 467 1733 et
487 1696 642 1750 perunum
664 1680 786 1734 hostium
800 1680 830 1734 in
844 1683 939 1736 extera
988 1680 1100 1735 virtutis
1111 1681 1259 1735 dominicae
1273 1682 1360 1736 oculis
1373 1683 1502 1737 omnium
1514 1684 1670 1741 videntium
1683 1688 1806 1743 miracu-1

122 1774 204 1839 parte
232 1770 353 1841 positum
375 1771 497 1826 intratur
518 1773 552 1826 ad
571 1774 763 1826 sanctuarium
789 1774 824 1827 ad
851 1755 1059 1839 altaresslum,
1074 1774 1152 1828 illam
1164 1774 1283 1843 januam
1295 1777 1322 1828 ct
1337 1774 1447 1828 valvam
1461 1776 1608 1833 manifeste
1622 1784 1708 1849 patet.

123 1879 255 1917 summus
279 1860 480 1934 pontifex'eum
497 1881 549 1919 sua
563 1866 688 1937 regulari
701 1867 776 1920 scola
791 1872 819 1921 et
832 1867 875 1920 his
892 1884 938 1921 sa·
1024 1868 1058 1922 Et
1070 1867 1133 1937 quis
1146 1882 1276 1920 sermone
1287 1866 1425 1937 explicare
1438 1873 1541 1938 potest,
1552 1871 1709 1926 maximum
1722 1874 1803 1928 deco-

123 1955 180 2009 cris
192 1961 259 2011 sunt
276 1957 404 2027 deputati
420 1958 595 2028 ministeriis,
611 1976 687 2013 sacra
701 1960 737 2013 ad
757 1959 899 2014 dominica
912 1964 939 2015 ct
988 1975 1048 2014 rem
1075 1959 1160 2030 hujus
1174 1959 1308 2029 ecclcsiae,
1322 1964 1350 2014 et
1370 1959 1520 2015 innumera
1531 1961 1606 2016 illius
1622 1963 1739 2018 civitatis
1753 1967 1802 2035 qui

122 2048 274 2104 immolare
286 2050 431 2106 sacrificia.
441 2053 473 2106 Et
482 2069 534 2122 per
543 2052 664 2106 alterurn
675 2053 778 2106 ostium
788 2052 818 2107 in
828 2053 941 2108 sinistra
989 2052 1115 2107 dicemus
1128 2051 1285 2106 miracula?
1295 2051 1319 2107 si
1332 2052 1373 2107 fas
1386 2057 1427 2107 est
1437 2053 1495 2107 dici
1508 2054 1614 2121 civitas,
1629 2056 1664 2110 de
1677 2072 1734 2127 qua
1746 2057 1803 2112 vita

123 2148 204 2213 parte
227 2143 342 2213 parietis
356 2160 440 2215 supra
455 2143 521 2198 dieti
535 2149 562 2198 et
578 2146 730 2201 transversi
744 2145 878 2216 positum,
893 2147 940 2200 ab·
990 2144 1019 2198 in
1030 2161 1058 2199 se
1071 2144 1228 2199 multorum
1241 2161 1344 2199 nomen
1359 2145 1474 2215 accepit.
1495 2147 1614 2201 llarirna
1633 2147 1803 2204 haeccivitas

123 2234 229 2289 batissa
240 2253 306 2290 cum
319 2236 376 2290 suis
394 2237 496 2308 puellis
516 2243 544 2291 et
561 2237 653 2292 viduis
677 2238 806 2294 fidelibus
828 2245 940 2294 tanturn
990 2240 1019 2291 ct
1031 2237 1247 2308 metropolitana
1259 2243 1310 2305 est,
1325 2238 1354 2292 in
1367 2238 1447 2309 cujus
1468 2239 1646 2309 suburbanis,
1660 2258 1725 2313 quae
1737 2258 1801 2296 san-

124 2329 213 2383 iverat
229 2328 300 2401 [Leo.
315 2328 421 2400 mtratl,
431 2334 463 2384 ut
476 2331 603 2385 convivio
616 2331 741 2402 corporis
752 2337 781 2386 et
793 2333 940 2404 sanguinis
991 2335 1035 2384 cta
1049 2334 1125 2385 certo
1147 2330 1237 2385 limite
1251 2330 1407 2401 designavit
1422 2331 1545 2403 Brigida,
1567 2333 1661 2387 nullus
1685 2334 1804 2389 carnalis

125 2424 258 2477 fruantur
270 2424 333 2478 lesu
344 2422 457 2478 Christi.
469 2427 559 2495 Atque
570 2424 641 2478 alius
649 2425 740 2496 paries
747 2425 940 2496 pavimentum
990 2423 1175 2492 adversarius,
1189 2440 1241 2477 nec
1254 2440 1352 2478 cursus
1365 2423 1482 2479 timetur
1493 2425 1628 2480 hostium.
1644 2425 1698 2481 Sed
1710 2426 1806 2481 civitas

125 2516 227 2571 domus
250 2516 279 2570 in
303 2517 373 2571 duas
400 2517 521 2588 aequales
545 2518 670 2572 dividens
694 2524 801 2589 partes,
822 2535 839 2572 a
860 2522 940 2589 parte
990 2521 1033 2571 est
1042 2516 1146 2588 refugii
1156 2515 1297 2572 tutissima
1311 2517 1346 2572 de
1360 2517 1427 2571 foris
1440 2518 1607 2572 suburbanis
1621 2519 1652 2572 in
1672 2523 1732 2574 tota
1744 2520 1806 2575 Sco-

126 2609 258 2664 orientali
272 2626 359 2681 usque
372 2611 408 2665 ad
419 2615 611 2665 transversum
624 2610 654 2664 in
676 2610 825 2665 latitudine
850 2611 941 2681 parie-
990 2616 1087 2667 torum
1097 2616 1181 2676 terra,
1199 2626 1264 2663 curn
1278 2609 1336 2664 suis
1348 2610 1477 2665 omuibus
1490 2609 1615 2682 fugitivis
1629 2611 1659 2665 in
1673 2629 1729 2683 qua
1743 2629 1804 2666 ser·

126 2709 184 2757 turn
198 2706 331 2758 extensus
344 2707 395 2758 est.
410 2705 444 2759 Et
454 2703 514 2757 haec
527 2707 604 2760 tenet
616 2703 739 2757 Ecclesia
750 2703 779 2757 in
796 2720 824 2757 se
838 2704 941 2758 multus
991 2709 1092 2758 rantur
1106 2700 1230 2756 thesauri
1249 2718 1361 2772 regum,
1385 2707 1413 2756 et
1427 2701 1552 2757 decorati
1565 2701 1696 2757 culminis
1712 2704 1803 2759 crcel-

124 2797 273 2867 fenestras,
288 2801 408 2852 etuuam
418 2797 448 2851 in
458 2797 544 2852 latere
559 2797 657 2852 dextro
672 2803 802 2851 ornatam
812 2801 936 2868 portam,
990 2795 1145 2853 lentissima
1159 2809 1219 2848 esse
1232 2793 1374 2849 videntur.

125 2907 279 2962 perquam
305 2891 462 2945 sacerdotes
480 2894 507 2945 et
533 2891 654 2962 populns
678 2889 768 2944 fidelis
792 2888 941 2944 masculini
1025 2889 1059 2945 Et
1072 2887 1135 2960 quis
1150 2902 1316 2942 enumerare
1328 2891 1419 2959 potest
1432 2886 1555 2941 diversas
1568 2885 1664 2942 turbas
1677 2891 1705 2944 et
1718 2887 1803 2945 innu-

126 2985 240 3056 generis
254 3000 337 3039 sexus
356 2983 443 3038 intrat
465 2984 616 3038 Ecclesiam
631 2989 677 3051 ;et
691 2984 809 3039 alterma
829 2987 940 3054 portam
990 2982 1138 3037 morabiles
1165 2981 1284 3051 populos
1308 2980 1343 3035 de
1366 2978 1498 3034 omnibus
1522 2978 1672 3050 provinciis
1695 2982 1803 3037 contla-

126 3079 155 3132 in
170 3077 283 3132 sinistro
299 3076 395 3148 latere,
409 3093 461 3148 per
479 3093 566 3149 quam
579 3077 703 3150 virgines
715 3082 743 3132 et
763 3076 889 3131 fidelium
903 3077 941 3130 se-
991 3079 1070 3129 entes
1085 3091 1092 3129 :
1109 3073 1157 3128 alii
1170 3072 1205 3126 ob
1219 3073 1368 3143 epularum
1382 3071 1596 3141 abundantiam,
1611 3072 1658 3126 alii
1678 3073 1806 3146 languidi

125 3171 268 3225 minarum
294 3170 476 3242 congregatio
498 3171 605 3226 intrare
623 3171 705 3225 solet.
730 3171 762 3224 ut
780 3169 820 3224 sic
838 3169 869 3223 in
883 3185 940 3223 una
991 3171 1108 3240 propter
1131 3165 1273 3235 sanitates,
1296 3165 1343 3219 alii
1360 3164 1396 3219 ad
1418 3164 1610 3235 spectaculum
1636 3165 1804 3237 turbarum;

125 3264 241 3319 basilica
254 3264 387 3331 maxima,
403 3263 526 3335 populus
540 3263 655 3335 grandis
669 3263 699 3318 in
713 3263 822 3332 ordine,
832 3266 860 3317 et
875 3279 940 3333 gra·
991 3261 1038 3315 alii
1058 3277 1122 3314 eum
1149 3257 1259 3330 magnis
1282 3257 1363 3312 donis
1378 3257 1521 3311 venientes
1537 3257 1572 3311 ad
1597 3257 1806 3314 solemnitatem

127 3359 221 3426 dibus,
233 3362 261 3412 et
274 3373 352 3427 seru,
368 3361 396 3413 ct
408 3357 476 3411 locis
490 3357 606 3412 diversis
619 3356 773 3427 interjectis
783 3361 811 3410 et
823 3355 899 3410 inter
912 3371 941 3409 se
991 3353 1142 3408 nativitatis
1164 3355 1267 3405 sanctae
1282 3349 1414 3421 Brigidae,
1429 3366 1492 3421 quaa
1510 3349 1541 3403 in
1555 3349 1600 3404 die
1613 3349 1805 3407 Kalendarum

126 3451 255 3523 partibus
274 3465 297 3521 ¹,
312 3449 421 3505 diverso
444 3450 543 3506 ordine
567 3455 595 3506 et
608 3466 665 3504 uno
679 3449 773 3504 auimo
789 3448 941 3503 Dominum
991 3445 1134 3501 Februarii
1147 3443 1251 3498 mensis
1266 3442 1408 3497 dormiens
1429 3457 1534 3521 secure
1548 3441 1687 3496 sarcinam
1702 3442 1804 3513 dejecit

126 3545 352 3616 omnipotentem
365 3549 436 3599 orat.
703 3562 706 3567 ·
991 3538 1095 3606 carnis,
1119 3539 1148 3591 et
1169 3539 1282 3608 lignum
1306 3534 1356 3589 Dei
1377 3533 1408 3589 in
1429 3533 1587 3589 coelestibus
1612 3535 1804 3591 mansionibus

161 3640 280 3693 Etcum
305 3639 408 3692 ostium
428 3636 579 3708 antiquum
601 3641 692 3707 portoe
713 3634 868 3704 sinistralis,
890 3649 942 3706 per
991 3635 1084 3687 secuta
1097 3630 1162 3685 est‘t

127 3731 202 3803 quod
218 3714 325 3786 solebat
348 3735 442 3785 sancta
455 3729 569 3801 Brigida
592 3728 744 3783 Ecclesiam
765 3728 882 3793 intrare,
905 3726 940 3780 ab
1027 3741 1142 3795 ueniam
1154 3742 1252 3811 00000
1272 3737 1406 3794 fratribus
1424 3743 1453 3795 et
1463 3738 1614 3795 lectoribus
1628 3739 1689 3796 000
1711 3741 1805 3813 legen.

127 3824 283 3880 artificibus
294 3824 323 3879 in
337 3824 394 3879 suis
407 3829 479 3880 esset
492 3822 652 3878 cardinibus
665 3821 760 3891 situm,
775 3825 863 3876 totam
876 3836 941 3874 con·
991 3834 1076 3904 00000,
1089 3833 1139 3906 qui
1151 3849 1236 3888 00000
1248 3831 1415 3888 obedientia,
1428 3837 1550 3901 mactus,
1564 3834 1641 3888 001ιο
1658 3851 1802 3907 00000000.

128 3918 241 3974 ⁰¹Ud0f⁰
253 3922 363 3990 P⁰mm
376 3917 562 3972 instauratam
574 3919 602 3970 θῑ
623 3917 752 3970 Πθνᾶῑθῑΰ
766 3930 868 3969 milam
883 3930 941 3968 non
990 3927 1048 3983 tiva
1061 3927 1184 3982 scientiae
1197 3925 1335 3995 sufflatus,
1350 3925 1468 3998 pelagus
1482 3926 1654 3982 immensum
1666 3928 1804 3984 virtutum

129 4011 231 4084 ll⁰t¹¹ib
246 4011 352 4076 Qualia
364 4011 440 4066 enim
454 4015 543 4081 P⁰siae
563 4025 628 4080 pars
642 4012 738 4080 81)θῖῑᾶ
752 4008 812 4062 Sine
826 4008 939 4062 ⁰⁰⁰⁰lll·
991 4027 1093 4077 sanctae
1107 4020 1226 4092 Brigidae
1236 4024 1264 4075 ct
1276 4017 1342 4073 viris
1354 4019 1515 4075 fortissimis
1527 4020 1748 4091 formidandum,
1760 4022 1804 4076 his

129 4106 206 4161 &⁰¹¹⁰
217 4109 245 4159 θῑ
259 4105 397 4177 patefacta
420 4102 581 4176 apparebat·
597 4103 630 4156 Et
648 4101 671 4155 Si
685 4101 780 4156 addila
799 4106 827 4156 0⁸
841 4100 941 4172 juncta
991 4115 1087 4187 paucis
1100 4114 1203 4169 rustico
1217 4129 1347 4168 sermone
1361 4112 1442 4168 dietis
1456 4112 1606 4168 virtutibus
1623 4113 1658 4168 de
1671 4114 1803 4169 maximis

130 4204 163 4258 ad
176 4202 355 4258 altitudinem
371 4201 434 4256 ostii
447 4205 548 4274 quarta
560 4216 625 4271 pars
646 4199 755 4266 fuisset,
772 4203 839 4253 tunc
851 4201 941 4253 totam
991 4213 1020 4264 et
1032 4206 1287 4263 innumerabilibus
1299 4204 1446 4261 currerim,

131 4297 296 4352 concludere
319 4301 431 4367 portam
445 4299 539 4366 posset
551 4294 637 4348 altam
649 4296 677 4347 et
698 4292 892 4347 instauratam.
907 4293 941 4345 Et
1027 4323 1109 4378 ome
1118 4338 1171 4394 pm
1184 4338 1230 4376 m,
1243 4321 1373 4391 Cogitoso
1384 4323 1486 4391 nepote
1500 4319 1642 4390 culpabili,
1656 4324 1684 4375 00
1693 4323 1725 4375 ut
1738 4337 1801 4376 000.

133 4407 194 4444 cum
212 4389 334 4445 artifices
354 4389 476 4445 alterum
489 4388 581 4458 majus
600 4402 705 4441 novum
730 4385 822 4440 facere
836 4384 940 4439 ostium
992 4415 1066 4470 ,ione
1079 4420 1170 4471 vestm
1183 4414 1231 4485 pio
1245 4412 1364 4467 Domino
1378 4429 1425 4467 me
1440 4412 1642 4467 commendetis
1665 4429 1760 4482 exoro,
1775 4420 1803 4470 00

131 4484 327 4551 deliberarent’
341 4482 417 4555 qu⁰d
429 4486 516 4537 mm
531 4480 697 4536 ⁰⁰¹¹⁰l¹²der⁸
710 4483 832 4550 pmm'
844 4481 892 4531 aut
901 4479 980 4550 Ἣ)
991 4510 1063 4564 Deus
1077 4507 1155 4564 vobis
1168 4521 1267 4579 pacem
1287 4504 1480 4576 evangelicam
1503 4508 1640 4561 sectantes
1659 4507 1800 4563 exaudiat.

132 4576 329 4632 bulamsacere
348 4576 478 4648 junctam
500 4575 531 4629 in
555 4579 633 4630 vetus
660 4571 774 4640 ostium,
789 4574 820 4625 ut
843 4574 941 4642 postea

133 4671 256 4727 sufficere
262 4673 366 4742 posset,
376 4668 528 4742 praedictus
537 4668 633 4723 doctor
642 4672 670 4722 et
678 4665 808 4720 omnium
820 4663 941 4737 praevius
1108 4656 1228 4726 mplius
1245 4654 1309 4710 vira
1323 4657 1422 4708 souctae
1434 4652 1552 4721 nuque
1565 4654 1688 4722 virginis.

165 4840 273 4895 ⁸Forte
288 4837 451 4909 parietibus.
465 4837 504 4891 lte
517 4834 569 4889 boc
582 4832 698 4905 antiquo
720 4849 809 4900 more,
826 4849 882 4904 quo
897 4832 939 4886 fe·
990 4827 1093 4897 stasia3
1116 4824 1258 4891 ambros,
1275 4823 1311 4878 ad
1331 4821 1404 4895 virg.
1427 4823 1511 4896 laps.;
1534 4824 1646 4894 Boron,
1662 4822 1692 4879 in
1705 4824 1799 4896 Appa-

134 4910 214 4966 minae
226 4927 243 4964 a
257 4910 323 4964 viris
345 4912 480 4979 separata
496 4907 613 4961 orabant
627 4905 655 4960 in
668 4909 725 4960 tem
747 4904 790 4972 lis,
803 4905 939 4962 Clement.
990 4904 1053 4955 ratu
1066 4899 1180 4966 Eccles,
1194 4896 1230 4951 ad
1242 4911 1322 4951 num.
1340 4897 1384 4950 52.
1398 4895 1465 4951 Cau.
1853 4914 1858 4922 ·

134 4998 205 5038 cons.
229 4981 280 5037 lib.
293 4997 313 5037 11
332 4996 393 5052 cap.
408 4979 561 5049 615Greg.
582 4976 702 5045 Naz.,in
756 4991 795 5030 m.
821 4976 941 5030 denna-
