3884 6150
196 239 246 297 ote
628 235 795 294 irrnnnlx
814 235 859 293 AD
879 234 989 293 orem
1008 234 1035 292 S.
1055 234 1205 294 GERMANI
1224 233 1438 294 rmlstmtms.
1825 234 1878 291 tao

195 346 249 402 bus
262 346 329 403 suis.
343 348 377 402 Et
388 344 689 418 respondensangclus
708 344 780 401 dixit
797 345 840 401 ci:
866 346 925 416 Ego
946 361 1010 400 sum
1022 345 1249 431 Attololostea
1257 349 1354 401 autem
1366 342 1532 416 paenitentia
1542 345 1636 400 motus
1650 341 1730 399 abiit.
1737 342 1879 398 Accedeus

196 441 317 512 Gabriel,
328 442 377 514 qui
391 441 468 496 adsto
481 443 545 494 aute
559 441 658 510 Deum,
673 444 701 495 et
726 439 829 494 missus
849 456 912 495 sum
935 440 1013 510 loqui
1062 445 1157 496 autem
1171 440 1207 495 ad
1221 440 1351 509 alterum,
1366 438 1438 494 dixit
1449 438 1588 494 similiter.
1602 437 1693 494 atille
1703 437 1879 509 respondens

196 535 231 591 ad
243 541 281 602 te,
295 536 390 591 ethaec
404 534 452 589 tibi
469 534 671 606 evangelizare,
695 538 723 589 et
748 551 810 590 ecce
835 534 889 589 eris
907 538 1011 601 tacens,
1063 533 1102 588 ait
1118 551 1125 588 ε
1140 535 1191 603 Εο,
1207 534 1331 602 domine,
1346 538 1374 588 et
1386 549 1443 588 11011
1458 532 1518 589 ivit.
1536 532 1602 597 Quis
1625 547 1659 586 ex
1681 529 1795 587 duobus
1813 530 1879 585 fecit

197 635 225 686 et
236 646 295 685 non
310 629 415 701 poteris
425 628 504 699 loqui
519 628 652 700 usquein
674 627 750 684 diem
773 646 829 703 quo
851 628 911 683 hac
933 627 1011 695 fiant,
1063 628 1234 683 voluntatem
1247 627 1358 683 Patris?
1374 628 1476 683 Dicunt
1489 626 1525 693 ei,
1536 625 1719 682 Nouissimas.
1734 624 1808 680 Dicit
1822 624 1877 679 illis

196 740 248 797 pro
262 741 295 778 eo
309 722 383 795 quod
401 739 460 777 non
479 722 622 777 credidisti
635 722 726 778 verbis
740 723 820 792 meis,
834 739 898 795 quae
915 722 1013 792 imple
1061 723 1140 777 lesus
1155 741 1163 776 ι
1177 725 1268 777 Amen
1280 720 1440 792 dicovobis,
1455 720 1521 793 quia
1538 719 1681 793 publicani
1704 723 1733 774 et
1750 718 1879 774 meretri-

196 818 303 874 buntur
323 816 353 871 in
376 820 503 888 tempore
521 833 582 872 suo.
608 818 641 870 Et
663 822 722 872 erat
745 817 825 889 plebs
849 820 1012 889 exspectans
1063 832 1108 871 ces
1129 815 1291 888 praecedunt
1304 832 1352 870 vos
1364 815 1394 870 in
1407 831 1495 887 regno
1508 815 1567 869 Dei.
1582 815 1664 869 Venit
1679 813 1759 868 enim
1775 813 1812 868 ad
1831 828 1880 868 vos

195 910 384 980 zacchariam,
408 916 436 965 et
453 909 631 965 mirabantur
653 913 730 983 quod
747 912 871 966 tardaret
896 911 955 982 ipse
984 910 1012 964 in
1061 909 1202 965 lohannes
1214 909 1244 964 in
1257 909 1300 963 via
1309 908 1437 980 justitiae,
1449 913 1477 963 et
1500 924 1557 962 non
1579 907 1737 962 credidistis
1756 905 1804 962 ei:
1830 922 1881 979 pu·

196 1004 312 1076 templo.
327 1005 463 1076 Egressus
474 1010 570 1059 autem
585 1021 642 1059 nou
657 1008 768 1076 poterat
778 1005 856 1077 loqui
875 1004 911 1059 ad
928 1004 1010 1059 illos:
1061 1003 1166 1059 blicani
1179 1008 1275 1058 autem
1288 1007 1316 1058 ct
1326 1002 1489 1058 meretrices
1502 1000 1682 1057 crediderunt
1702 1001 1741 1067 ei,
1764 1017 1813 1056 vos
1832 1016 1880 1055 au·

196 1103 225 1154 et
233 1103 429 1171 cognoverunt
438 1098 515 1170 quod
525 1097 847 1171 visionemvidissetipse
856 1098 886 1153 in
895 1099 1011 1171 templo.
1062 1101 1120 1154 tem
1139 1097 1264 1153 videntes
1284 1114 1336 1153 nec
1358 1096 1552 1169 paenitentiam
1570 1094 1707 1151 habuistis
1727 1099 1827 1168 postea
1849 1099 1881 1150 ut

195 1192 302 1265 Etipse
316 1197 376 1247 erat
391 1193 514 1248 innuens
542 1192 608 1262 illis,
629 1197 657 1247 et
679 1194 835 1265 permansit
851 1197 957 1248 mutus.
980 1193 1013 1247 lit
1062 1191 1212 1248 crederetis
1221 1191 1258 1247 ei.

195 1288 302 1344 iactum
315 1291 356 1341 est
368 1291 400 1341 ut
412 1285 523 1358 impleti
536 1290 603 1340 sunt
616 1285 675 1341 dics
689 1286 774 1341 ollicii
796 1287 867 1357 ejus,
891 1286 961 1341 abiit
982 1286 1012 1340 in

196 1383 313 1440 domum
334 1397 424 1435 suam.
446 1381 512 1435 Post
525 1379 577 1434 hos
589 1385 685 1435 autern
697 1380 767 1450 dics,
781 1380 910 1452 concepit
924 1378 1011 1435 Eliza-

196 1476 265 1532 beth
287 1492 358 1530 uxor
380 1475 450 1545 ejus,
472 1478 500 1528 et
520 1474 677 1529 occultabat
689 1491 718 1530 se
732 1474 877 1530 mensibus
887 1473 1012 1546 quinque

197 1568 310 1627 dicens:
325 1567 395 1633 Quia
409 1567 448 1622 sic
464 1566 534 1623 mihi
548 1567 614 1623 fecit
632 1568 767 1622 Dominus
780 1567 810 1622 in
822 1567 932 1634 diebus,
947 1568 1011 1639 qui-

196 1662 250 1719 bus
263 1661 387 1734 respexit
400 1661 512 1717 auferre
524 1661 709 1733 opprobrium
720 1677 818 1717 meum
830 1661 904 1716 inter
917 1660 1011 1715 homi·

197 1773 256 1813 nes.
270 1754 411 1811 Elizabeth
420 1759 514 1809 autem
525 1755 674 1826 impletum
688 1759 729 1809 cst
741 1759 854 1827 tempus
872 1754 1011 1827 pariendi,

198 1856 226 1907 et
237 1849 347 1922 peperit
360 1848 461 1904 filium.
477 1848 634 1903 Audierunt
650 1849 734 1904 vicini
755 1854 784 1904 et
804 1848 917 1921 cognati
940 1849 1011 1920 ejus,

197 1945 264 2018 quia
276 1941 611 2015 magnificavitDominus
620 1942 844 1997 misericordiam
854 1960 932 1998 suam
946 1959 1012 1997 cum

108 2024 112 2033 ¹
196 2038 254 2106 illa,
270 2043 298 2092 et
310 2036 577 2109 congratulabantur
590 2036 625 2090 ei.
641 2037 675 2090 Et
687 2036 845 2092 factumest
857 2037 886 2091 in
901 2037 946 2092 die
969 2053 1012 2091 oc-

196 2137 260 2187 tavo
275 2135 414 2188 venerunt
439 2129 640 2184 circumcidere
665 2146 800 2201 puerum,
824 2137 852 2186 et
878 2131 1013 2185 vocabant

197 2241 264 2282 eum
284 2223 401 2278 nomine
418 2222 506 2294 patris
527 2222 588 2293 ejus
606 2222 763 2278 zaccharia.
788 2224 820 2278 Et
839 2223 1012 2295 respondens

198 2317 360 2389 materejus
373 2316 463 2372 dixit:
481 2316 675 2388 Nequaquam,
694 2316 896 2375 sedvucabitur
906 2316 1010 2372 lohan-

198 2429 258 2468 nes.
269 2412 303 2466 Et
316 2409 450 2466 dixerunt
463 2409 499 2464 ad
512 2409 611 2464 illam:
626 2409 696 2474 Quia
710 2426 795 2466 nemo
807 2415 848 2465 est
866 2410 896 2465 in
908 2426 1011 2482 cogna-

196 2505 273 2562 tione
285 2509 334 2560 tua
342 2503 392 2577 qui
401 2507 516 2558 vocetur
524 2503 579 2558 hoc
595 2503 720 2559 nomine.
743 2505 899 2560 lnnuebant
919 2507 1013 2559 autem

197 2599 271 2675 patri
284 2600 345 2671 ejus
358 2614 444 2670 quem
458 2597 541 2653 vellet
561 2598 652 2653 vocari
667 2614 743 2653 eum.
757 2600 791 2653 Et
803 2598 946 2670 postulans
957 2616 1011 2670 pu-

198 2695 336 2768 gillarem,
356 2692 467 2764 scripsit
483 2691 597 2746 dicens:
616 2693 757 2764 lohannes
769 2697 811 2747 est
820 2709 928 2748 nomen
940 2693 1011 2764 ejus.

197 2790 232 2846 Et
243 2787 338 2844 mirati
349 2790 416 2842 sunt
428 2785 561 2841 universi.
575 2789 712 2858 Apertum
726 2791 767 2843 est
780 2791 876 2842 autem
899 2787 962 2842 ilico
983 2803 1014 2841 os

197 2884 267 2956 ejus,
282 2887 310 2938 ct
321 2882 420 2953 lingua
430 2881 501 2952 ejus,
516 2885 545 2936 et
553 2880 724 2952 loquebatur
733 2880 902 2936 benedicens
913 2882 1011 2935 Deum.
1374 2930 1434 2980 post
1448 2929 1556 2980 nomina

197 2977 328 3033 Etfactus
342 2980 384 3077 est
396 2974 482 3029 timor
494 2990 580 3045 super
602 2991 706 3077 (11111100Ι
726 2974 832 3029 vicinos
853 2991 964 3044 eorum,
986 2979 1014 3076 et
1097 3015 1164 3084 Tua,
1179 3012 1308 3080 Domine,
1320 3011 1488 3067 muneribus
1507 3010 1665 3066 salutariae
1688 3009 1885 3080 cumulamus,

198 3085 284 3141 ⁵¹¹D⁰r
307 3084 401 3123 ⁰m¹¹¹⁸
423 3069 558 3121 ¹⁰⁰¹¹¹³¹¹³
578 3067 657 3122 ΜΨ
680 3067 898 3139 (ΙΠΠῙΒΜΜ
918 3083 1287 3181 011111,1861101111101111111110
1311 3105 1442 3177 Baptista
1461 3105 1636 3161 nativitatem
1657 3105 1769 3161 honore
1787 3104 1887 3161 debito

198 3162 283 3219 verba
300 3162 372 3217 haec.
394 3162 428 3216 Bt
448 3164 603 3232 posueruut
624 3177 721 3216 onmes
742 3161 792 3233 qui
815 3161 963 3216 audierant
982 3178 1012 3216 ru
1061 3202 1234 3258 celebrantes
1270 3200 1319 3273 qui
1341 3200 1513 3256 salvatorem
1531 3200 1631 3257 mundi
1644 3199 1745 3256 cecinit
1758 3198 1797 3255 ad
1810 3199 1885 3256 mlu-

197 3257 281 3316 corde
296 3272 346 3311 suo
360 3255 484 3310 dicentes
502 3254 594 3319 :Quid
609 3260 690 3327 putas
706 3271 778 3326 puer
795 3253 846 3310 iste
865 3255 939 3311 erit‘l
958 3259 1013 3312 ete·
1061 3300 1130 3353 tem·
1236 3243 1244 3268 ’

197 3352 260 3408 111111
272 3366 373 3407 manus
387 3348 498 3404 Domini
512 3354 571 3404 erat
580 3365 646 3404 cum
655 3348 715 3404 illo.
731 3350 764 3404 Et
786 3349 946 3404 Zaccharias
960 3366 1012 3421 pa·
1357 3350 1359 3355 ’
1392 3364 1431 3415 Λα
1445 3378 1547 3429 pacem,

197 3451 241 3503 ter
252 3446 314 3518 ejus
325 3443 460 3517 impletus
470 3446 512 3498 est
526 3442 633 3516 Spiritu
656 3447 763 3512 sancto,
784 3447 813 3498 et
835 3442 1014 3515 prophetavit
1098 3451 1212 3516 Praesta,
1225 3463 1400 3520 quaesumus,
1415 3448 1543 3515 Domine,
1559 3452 1591 3503 ut
1613 3448 1735 3520 populus
1759 3453 1828 3503 taus
1849 3449 1885 3504 ad

198 3540 312 3596 dicens:
337 3537 504 3594 Benedictus
524 3537 661 3592 Dominus
681 3538 755 3592 Deus
777 3537 869 3593 lsrael.
883 3538 1014 3593 Puerau·
1062 3543 1155 3616 plena
1169 3541 1322 3599 devotionis
1347 3541 1490 3613 ellectum,
1513 3541 1587 3598 beati
1600 3542 1734 3598 iohannis
1752 3542 1884 3616 Baptista

197 3639 256 3690 tem
268 3633 411 3690 crescebat
424 3637 452 3687 et
464 3631 673 3687 confortabatur
682 3630 794 3703 spiritu,
808 3635 904 3687 eterat
917 3631 947 3687 iu
962 3631 1011 3687 de·
1063 3638 1196 3694 natalitiis
1209 3636 1363 3706 imbuatur,
1380 3652 1466 3710 quem
1478 3636 1639 3709 praemisisti
1661 3636 1731 3692 Filio
1754 3642 1806 3692 tuo
1823 3635 1882 3709 ple·

199 3732 273 3782 serto
285 3740 374 3798 usque
388 3725 418 3780 in
429 3725 505 3780 diem
520 3725 690 3781 ostensionis
699 3742 757 3780 suae
769 3726 805 3781 ad
821 3726 914 3780 lsrael.
1063 3730 1128 3789 bem
1138 3747 1237 3805 parare
1250 3731 1417 3804 perfectam.

230 3836 317 3888 Lectio
334 3835 415 3885 sancti
430 3835 565 3900 Evangelii
587 3837 731 3887 secundum
748 3836 906 3898 Misitheum,
926 3850 983 3902 qun
1386 3825 1556 3875 contestatio·

339 3899 433 3961 legitur
449 3903 508 3961 90⁸²
521 3899 604 3949 Sancti
618 3899 743 3949 J0h⁸11ssi⁸
759 3900 873 3950 missam·
1099 3908 1168 3962 Vere
1181 3907 1300 3978 dignum
1314 3910 1342 3962 et
1351 3905 1462 3976 justum
1474 3910 1526 3975 est,
1540 3904 1719 3978 omnipotens
1743 3906 1831 3975 Deus,
1853 3908 1882 3964 in

235 3994 336 4050 Diebus
348 3993 413 4062 illis,
426 4009 492 4048 cum
506 3993 627 4049 venisset
643 3995 778 4051 Dominus
791 3997 870 4051 iesus
890 3996 920 4051 in
941 4001 1012 4052 tem·
1063 4000 1108 4056 die
1120 4000 1277 4056 festivitatis
1299 3999 1454 4070 hodierna,
1479 4016 1537 4072 quo
1554 3999 1653 4056 beatus
1670 4000 1719 4055 ille
1739 4001 1882 4058 iohannes

197 4088 288 4164 plum,
301 4091 480 4144 accesserunt
491 4087 526 4143 ad
548 4104 615 4143 eum
636 4089 783 4144 docentem
804 4089 946 4162 principes
964 4091 1012 4146 Sa-
1064 4099 1177 4149 exortus
1199 4099 1250 4165 est,
1265 4094 1313 4166 qui
1328 4110 1425 4149 vocem
1442 4094 1536 4150 llatris
1550 4094 1662 4150 Domini
1674 4095 1808 4152 noudum
1822 4096 1881 4153 edi·

141 4219 144 4225 ·
198 4185 356 4254 cordatum,
381 4181 1015 4256 011001011000111111,ᾱί10111001111011000
1063 4192 1109 4244 tus
1124 4188 1219 4256 sensit,
1231 4193 1260 4244 et
1270 4188 1363 4244 adhuc
1374 4188 1484 4244 clausus
1502 4193 1583 4244 utero
1605 4188 1761 4245 adveutum
1784 4191 1881 4246 salutis

198 4284 297 4337 testate
308 4280 370 4336 haec
381 4277 460 4347 facis,
472 4281 499 4332 et
509 4277 571 4348 quis
582 4276 661 4332 dedit
670 4276 723 4331 tihi
738 4277 809 4331 hanc
824 4278 1015 4349 potestatem?
1064 4283 1197 4339 humane
1209 4283 1372 4355 prophetica
1382 4282 1553 4338 exultatione
1568 4283 1678 4356 gestivit
1693 4301 1700 4338 s
1721 4284 1775 4357 qni
1795 4289 1824 4340 et
1836 4300 1881 4357 gc«

197 4374 380 4448 Respondeas
392 4375 471 4428 Jesus
484 4371 555 4428 dixit
567 4371 642 4427 illis:
659 4372 842 4444 interrogabo
860 4389 907 4427 vos
925 4375 1015 4444 etego
1064 4377 1180 4434 natricis
1198 4377 1376 4432 sterilitatem
1400 4382 1552 4448 conceptus
1576 4377 1716 4448 abstersit,
1740 4382 1771 4434 et
1795 4379 1881 4451 patris

197 4483 289 4524 uuum
299 4482 470 4535 sermonem,
482 4481 569 4538 quem
586 4465 610 4520 si
622 4464 749 4520 dixeritis
762 4465 844 4536 mihi,
858 4469 887 4520 et
899 4481 953 4538 ego
964 4482 1012 4521 vo·
1024 4485 1054 4558 D
1065 4471 1194 4544 linguam
1208 4475 1290 4526 natus
1304 4470 1432 4541 ahsolvit,
1446 4471 1578 4543 solusque
1587 4471 1717 4526 omnium
1729 4472 1881 4545 propheta·

197 4561 242 4618 bis
256 4563 346 4618 dicam
361 4562 390 4616 in
415 4577 470 4633 qua
492 4563 630 4632 potestate
649 4560 711 4615 hace
733 4559 814 4614 facio.
837 4559 1012 4631 Baptismum
1062 4583 1138 4634 rum,
1154 4564 1354 4621 Rcdcmtorem
1369 4565 1480 4635 mundi,
1494 4582 1579 4637 quem
1603 4567 1820 4638 prenunciavit,
1842 4584 1881 4623 os·

198 4654 333 4711 iohannis
345 4654 422 4710 unde
435 4654 517 4710 erati
530 4671 544 4708 e
559 4654 639 4723 caelo,
659 4670 695 4709 an
717 4670 753 4708 ex
774 4653 960 4709 homiuibus?
978 4656 1014 4709 At
1061 4662 1169 4731 tendit3
1185 4665 1212 4716 et
1227 4665 1258 4714 ut
1270 4676 1355 4715 sacrae
1367 4659 1570 4731 purificationis
1590 4660 1723 4715 effectum
1741 4677 1879 4733 aquarum

197 4747 243 4806 illi
266 4748 427 4822 cogitabant
448 4748 524 4801 iuter
545 4764 584 4815 se,
609 4748 752 4803 dicentes:
771 4748 1013 4818 Sidixerimus,E
1062 4761 1163 4811 nature
1185 4753 1354 4825 conciperet,
1379 4753 1583 4810 sanctificandis
1610 4753 1740 4810 iordanis
1768 4755 1880 4811 fluentis

199 4843 278 4916 calo,
293 4841 475 4898 dicctuohis:
502 4841 592 4904 Duare
614 4857 682 4912 ergo
699 4858 756 4896 non
774 4843 930 4898 credidistis
942 4843 1013 4899 iltot
1061 4850 1157 4922 ipsum
1177 4847 1352 4920 baptismatis
1365 4847 1432 4903 lavit
1454 4853 1598 4904 auctorem
1618 4850 1714 4904 iesum
1737 4848 1879 4906 Christum

198 4941 222 4996 si
230 4944 326 4995 autem
335 4935 502 4995 dixerimus:
514 4935 554 4989 Ex
564 4934 873 5006 hominibus,timemus
887 4938 1011 4994 turbam.
1062 4943 1214 4999 Dominum
1224 4947 1363 4997 nostrum.
1376 4943 1429 4996 Per
1441 4959 1537 5014 quem.

199 5032 304 5089 Omnes
316 5033 394 5090 enim
407 5030 549 5087 habebant
562 5029 719 5085 iohannem
740 5029 812 5086 sicut
830 5033 1011 5105 prophetam.
1196 5056 1275 5097 mssg
1293 5056 1320 5097 lp
1340 5056 1435 5097 mm
1453 5057 1581 5098 lofflpms
1600 5056 1742 5099 pgssmgg,

200 5126 234 5183 Et
248 5127 448 5199 respondentes
459 5126 533 5193 iesu,
550 5123 700 5179 dixerunt:
715 5123 871 5180 Nescimus.
890 5126 936 5181 Ait
956 5125 1013 5180 illis
1118 5135 1227 5186 electio
1242 5135 1301 5184 111111
1315 5134 1451 5198 Sapientia
1464 5135 1617 5197 Salomonis,
1631 5135 1664 5185 ds
1682 5149 1735 5187 uno
1746 5135 1826 5202 justo.

200 5225 229 5275 et
249 5219 329 5290 ipse:
353 5221 408 5274 Nec
431 5236 484 5291 ego
500 5218 577 5274 vohis
601 5217 663 5273 dico
684 5216 714 5273 in
736 5234 791 5290 qua
804 5222 939 5290 potestate
952 5219 1012 5274 heac
1100 5222 1200 5277 Beatus
1214 5221 1255 5275 vir
1272 5220 1320 5292 qui
1342 5220 1472 5276 inventus
1492 5225 1535 5276 est
1555 5221 1614 5276 sine
1635 5222 1757 5292 macula,
1781 5226 1811 5278 et
1832 5223 1879 5295 qui

198 5312 364 5378 racio.de
374 5316 470 5367 autem
479 5312 557 5367 vobis
567 5313 701 5368 videtur?
715 5313 804 5368 Homo
818 5311 1013 5368 habebatduos
1062 5319 1126 5387 post
1148 5332 1251 5371 aurum
1273 5332 1332 5370 uon
1355 5314 1434 5386 abiit,
1455 5331 1508 5372 nec
1529 5316 1652 5388 speravit
1671 5315 1702 5372 in
1719 5315 1880 5389 pecuniact
1923 5360 1935 5375 .

199 5408 284 5477 filios,
296 5409 325 5463 et
335 5404 468 5461 accedeus
480 5405 515 5461 ad
525 5405 650 5478 primum
663 5406 751 5463 dixit:
770 5406 829 5477 Fili,
844 5407 912 5461 vade
929 5405 1012 5463 hodie
1062 5409 1211 5465 thesauris.
1228 5408 1294 5474 Quis
1315 5413 1358 5465 est
1374 5409 1431 5479 bic,
1452 5416 1480 5466 et
1505 5409 1682 5466 laudabimus
1704 5410 1797 5467 sumt
1817 5409 1880 5467 tecit
1903 5426 1935 5468 :a

200 5500 312 5576 operari
333 5500 363 5556 iu
379 5499 460 5555 vinea
476 5516 550 5555 mea.
576 5501 623 5555 ille
646 5506 741 5557 autem
763 5501 937 5575 respondens
950 5501 1010 5557 ait:
1062 5503 1139 5560 enim
1152 5503 1291 5560 mirabilia
1298 5503 1328 5559 in
1340 5503 1396 5559 vita
1408 5520 1468 5560 sua.
1482 5504 1549 5570 Quis
1561 5504 1697 5578 probatus
1710 5509 1755 5562 est
1771 5504 1801 5561 in
1822 5505 1879 5574 illo,
1898 5547 1935 5576 .

1347 1262 1407 1312 Post
1415 1259 1589 1324 prophetiam.

1097 1347 1191 1419 Aperi,
1210 1346 1338 1414 Domine,
1360 1347 1481 1402 claustra
1502 1346 1560 1401 oris
1579 1345 1680 1413 nostri,
1704 1361 1764 1402 non
1788 1347 1878 1401 solum

1062 1441 1201 1513 linguam,
1212 1440 1260 1496 sed
1275 1445 1303 1497 et
1313 1446 1451 1508 mentem,
1464 1439 1620 1495 secundum
1629 1439 1702 1495 servi
1711 1439 1880 1495 1012000111-

1062 1535 1279 1607 riaeprophetae,
1301 1539 1335 1589 ut
1357 1535 1488 1590 omnibus
1511 1534 1610 1590 diebus
1632 1533 1696 1589 vitre
1725 1538 1831 1589 nostre
1852 1537 1879 1587 te

1061 1629 1175 1684 laudare
1188 1628 1337 1700 possimus,
1353 1632 1382 1682 et
1396 1627 1590 1683 remissionem
1613 1632 1795 1699 peccatorum
1818 1642 1883 1682 con·

1022 1734 1051 1807 B
1063 1723 1142 1795 sequi
1154 1738 1317 1778 mereamur
1328 1722 1358 1776 in
1371 1721 1416 1776 via
1428 1721 1505 1793 pacis
1519 1725 1642 1777 ceterum
1653 1722 1717 1778 Per.

1353 1831 1453 1872 rucrrrr
1472 1814 1585 1872 rrssrr'.

1097 1910 1279 1982 Omnipotens
1291 1909 1462 1982 sempiterne
1473 1910 1557 1980 Deus,
1570 1910 1621 1982 qui
1638 1909 1716 1965 hunc
1731 1907 1817 1965 nobis
1834 1908 1884 1965 ho·

1062 2004 1218 2060 norabilem
1232 2005 1308 2060 diem
1317 2003 1348 2059 in
1362 2003 1437 2059 beati
1449 2004 1585 2059 iohannis
1595 2003 1726 2076 Baptistae
1735 2003 1882 2059 nativitate

1062 2099 1152 2154 fecisti
1170 2099 1322 2170 insignem,
1339 2114 1503 2170 quae-sumus
1518 2102 1551 2153 ut
1564 2102 1630 2153 tuus
1645 2113 1819 2170 precursor,
1835 2097 1884 2170 qui

1061 2193 1230 2249 internatas
1250 2193 1405 2247 mulierum
1429 2192 1563 2247 omuibus
1575 2192 1667 2263 major
1678 2190 1817 2260 surrexit,
1836 2206 1884 2246 110

1062 2290 1149 2343 stram
1162 2287 1346 2359 fragilitatem
1356 2291 1412 2342 tuae
1422 2285 1521 2357 pietati
1536 2286 1723 2342 commendet.

1403 2379 1538 2430 Collectio.

1099 2464 1172 2519 Deus
1196 2461 1246 2535 qui
1271 2461 1347 2516 hunc
1364 2460 1439 2518 diem
1467 2459 1620 2516 nativitatis
1644 2460 1720 2516 beati
1745 2459 1885 2515 iohannis

1062 2558 1195 2629 Baptistae
1218 2554 1467 2626 incomparabilem
1491 2554 1655 2609 hominibus
1691 2553 1883 2609 consecrasti:

1062 2654 1165 2724 praesta
1179 2649 1260 2705 nobis
1275 2649 1309 2704 de
1323 2649 1383 2719 ejus
1397 2649 1516 2716 meritis,
1538 2647 1612 2703 illius
1631 2663 1682 2702 uos
1698 2648 1886 2703 calceamenti

1063 2746 1144 2818 sequi
1157 2743 1309 2816 vestigium
1331 2740 1388 2815 [qui
1401 2759 1430 2797 se
1441 2743 1477 2798 ad
1486 2742 1647 2798 solvendam
1659 2741 1811 2798 salvatoris
1826 2758 1886 2797 cor·

1063 2840 1166 2912 rigiam
1179 2836 1344 2912 predicavit
1357 2835 1519 2909 indiguum.

234 5644 319 5700 ‘lloec
332 5638 612 5713 prepostereposiu,
636 5656 701 5710 quae
724 5642 881 5714 precedere
905 5643 1010 5700 debue·
1062 5651 1118 5716 tur,
1133 5647 1363 5721 legiturattorio.

151 5724 153 5729 ·
199 5719 262 5773 rant
271 5711 418 5844 superiora
429 5713 492 5768 Post
500 5713 612 5794 missam
624 5713 713 5793 sancti
723 5715 862 5770 iohannis.
1096 5719 1110 5761 b
1125 5719 1279 5805 Sequentea
1288 5721 1432 5804 lectiones
1440 5722 1620 5806 assignantur
1628 5738 1682 5796 pro
1691 5723 1935 5799 subsemrent=

235 5786 294 5842 blu
331 5781 793 5858 omano,ub1hoecCollectxoiere
806 5786 904 5843 01110111
921 5788 1010 5845 reler-
1061 5788 1281 5865 festopassroms
1294 5793 1527 5852 sanctilohanms
1541 5793 1680 5867 Baptista.
