3878 6150
38 315 41 321 ,
102 308 104 310 ψ
128 262 193 321 loti

694 259 821 316 SAECULl
840 259 936 316 snxn
957 257 1235 317 SUPPLEMENTUM.
1741 256 1807 310 {⁰32

163 372 191 426 Si
204 371 268 442 quis
283 374 380 425 contra
394 367 560 440 quempiam
572 367 616 422 rel
629 367 773 439 clericum,
787 368 830 423 vel
847 385 944 423 mona·
954 385 983 456 Α
994 369 1071 440 prius
1086 366 1320 438 metropolitanus
1342 364 1470 436 ipsorum
1490 379 1556 418 cum
1573 361 1636 417 aliis
1648 360 1762 416 duobus
1776 361 1808 413 dc

128 466 225 532 chum,
242 464 286 520 vel
307 463 501 528 diaconissam,
514 462 557 517 rel
578 462 771 531 monastriam,
798 461 842 516 vel
865 479 941 516 asce-
993 468 1087 518 sancta
1100 461 1207 533 synodo
1218 459 1355 531 episcopis
1366 475 1426 513 rem
1439 457 1604 529 dijudicato.
1622 457 1654 511 nt
1667 455 1723 509 nisi
1738 460 1810 508 utra·

128 554 212 608 triam
226 553 326 608 habeat
339 551 464 622 aliquam
477 550 627 618 actionem,
642 551 774 604 instruito
787 550 865 622 prius
881 551 943 605 reli·
993 572 1047 627 que
1061 573 1126 626 pars
1137 553 1270 626 judicatis
1282 552 1401 622 insistat,
1416 556 1484 606 tunc
1496 550 1677 606 beatissimus
1692 547 1809 619 patriar·

130 647 317 719 giosissimum
337 661 370 699 eo
389 645 423 699 de
442 661 473 698 re
490 644 662 715 episcopum,
686 644 731 698 cui
750 643 943 714 unusquisque
993 650 1045 704 cha
1063 648 1297 703 illiusdioeceseos
1311 645 1483 701 arrdientiam
1496 643 1563 715 ipsis
1576 641 1807 698 accommodato:

130 742 234 796 horum
248 737 375 792 subditus
388 743 439 792 est.
455 738 502 793 llic
517 742 612 792 autern
624 738 773 808 negotium
782 737 857 791 inter
867 737 942 807 ipsos

130 835 293 904 disceptato.
308 833 341 885 nt
355 831 470 902 quidem
492 831 514 885 si
532 834 650 902 utraque
670 847 734 901 pars
750 829 883 900 judicatis
895 845 941 883 ac·

130 926 256 998 quiescit,
266 925 400 995 jubemus
413 930 446 979 ut
458 942 510 996 per
523 924 576 979 loei
591 925 792 995 magistratum
806 940 838 977 ea
850 922 943 993 plena·

129 1021 179 1075 ria
193 1019 341 1072 tradantur
354 1017 538 1073 exsecutioni.
553 1017 580 1071 Si
600 1018 664 1088 quis
679 1033 745 1072 vero
766 1016 943 1088 litigatorum

129 1110 518 1181 intradeccmdiesjudicatis
538 1111 800 1179 cout1·adicat,tunc
817 1109 942 1163 locorum

129 1205 311 1276 magistratus
327 1204 472 1275 negotium
491 1204 661 1260 erarainato.
682 1204 717 1258 nt
735 1203 759 1257 si
775 1202 944 1274 compererit

129 1302 203 1354 recte
213 1297 417 1369 judicationem
431 1298 636 1369 interpositam,
650 1296 793 1352 snaotiam
804 1295 944 1351 sententia

130 1394 202 1448 hanc
215 1393 336 1460 lirmato,
351 1394 380 1444 et
387 1390 513 1461 judicata
524 1390 695 1445 exsecutioni
708 1390 811 1444 tradito
826 1406 832 1443 :
849 1405 943 1460 neque

993 746 1021 797 et
1033 742 1080 796 illa
1094 741 1220 809 delinito,
1234 756 1298 812 quae
1313 738 1503 793 ecclesiasticis
1517 735 1676 790 canonibus
1691 739 1720 788 et
1742 734 1809 803 legi-

992 835 1045 890 bus
1064 835 1226 903 conciuunt,
1250 838 1349 888 neutra
1364 836 1443 902 parte
1459 830 1605 885 sententiae
1624 828 1689 898 ejus
1702 832 1810 880 contra-

993 928 1086 982 dicere
1105 931 1241 998 queunte.
1255 926 1307 982 Sed
1322 931 1350 981 et
1364 925 1386 978 si
1404 942 1421 978 a
1441 923 1553 991 clerico,
1567 926 1616 975 aut
1638 936 1810 992 quocunque

993 1021 1047 1075 alio
1060 1024 1158 1074 eontra
1172 1019 1336 1090 episcopum
1356 1032 1524 1088 quacunque
1539 1015 1573 1069 de
1594 1029 1681 1067 causa
1701 1011 1753 1066 frat
1765 1012 1809 1064 in-

992 1113 1164 1184 terpellatio,
1180 1112 1305 1183 primum
1329 1108 1556 1181 religiosissimus
1575 1105 1811 1176 metropolitanus

994 1205 1151 1261 secundum
1164 1221 1256 1259 sacros
1269 1220 1391 1259 canones
1404 1208 1433 1257 et
1445 1205 1555 1256 nostras
1570 1201 1648 1272 leges
1660 1198 1811 1268 negotium

994 1299 1155 1370 dijudicato.
1170 1298 1197 1353 Si
1216 1297 1279 1369 quis
1287 1296 1421 1367 judicatis
1435 1295 1580 1362 reclamet,
1592 1309 1679 1347 causa
1690 1291 1725 1346 ad
1739 1290 1808 1345 bea·

993 1393 1133 1448 tissimum
1150 1391 1225 1446 illius
1238 1390 1386 1445 dioeeeseos
1406 1387 1652 1458 archiepiscopum
1673 1389 1702 1439 et
1721 1384 1809 1455 patri-

130 1488 238 1542 licitum
253 1488 310 1539 esto
325 1485 351 1537 ci
364 1484 413 1554 qui
426 1485 515 1538 victus
524 1484 690 1538 fuititerum
704 1484 734 1537 in
746 1481 886 1553 ejusmodi
897 1499 945 1537 ne·
993 1485 1108 1540 archam
1122 1484 1257 1553 defertor,
1272 1488 1300 1539 et
1317 1484 1364 1538 illc
1384 1481 1539 1537 secundum
1552 1494 1678 1535 canones
1691 1483 1720 1532 et
1733 1477 1811 1548 leges

132 1580 208 1653 gotio
222 1594 384 1650 provocare.
399 1578 478 1641 Quod
494 1577 516 1631 si
527 1577 707 1648 magistratus
723 1575 861 1630 sententia
875 1591 942 1630 con·
993 1578 1059 1633 huic
1069 1578 1155 1633 finem
1164 1577 1307 1632 adhibeto.
1318 1575 1397 1640 Quod
1409 1575 1431 1628 si
1441 1579 1541 1629 contra
1553 1570 1810 1642 metropolitanum

130 1673 216 1730 traria
229 1673 264 1727 sit
276 1671 320 1727 his
334 1687 397 1743 quae
409 1688 426 1723 a
440 1670 486 1724 Dei
500 1669 700 1724 amantissimis
712 1668 848 1740 episcopis
864 1669 942 1738 judi·
994 1671 1152 1727 istiusmodi
1169 1670 1359 1742 interpellatio
1368 1668 1510 1740 procedat,
1525 1668 1584 1721 sive
1605 1666 1642 1719 ab
1666 1664 1809 1736 episcopo,

132 1769 274 1834 catasunt,
286 1770 352 1820 tunc
363 1767 459 1817 contra
472 1764 655 1834 magistratus
669 1762 838 1817 seutentiam
849 1747 982 1819 locumB
994 1766 1051 1821 siue
1067 1783 1084 1820 a
1106 1765 1217 1831 clerico,
1231 1768 1281 1819 aut
1293 1777 1463 1835 quacunque
1476 1760 1532 1814 alia
1553 1774 1687 1831 persona,
1702 1757 1806 1811 diaece-

131 1858 499 1930 habetoprovocatio,atque
507 1873 539 1912 ea
545 1857 699 1911 secundum
706 1855 833 1910 ordinem
847 1856 944 1926 legum
993 1876 1053 1914 scos
1063 1859 1137 1914 illius
1145 1856 1322 1913 beatissimus
1336 1854 1499 1926 patriarcha
1511 1851 1652 1908 consimili
1664 1850 1751 1905 modo
1766 1866 1809 1904 ne

131 1954 251 2009 refertor
265 1957 292 2006 et
303 1955 457 2006 exercetor.
472 1951 612 2005 Caeterum
629 1952 652 2004 si
669 1949 815 2020 episcopus
834 1966 866 2003 er
886 1949 945 2019 jus·
995 1954 1102 2026 gotium
1115 1952 1277 2023 disceptato.
1295 1951 1345 2004 Pro
1358 1948 1573 2020 quibuscunque
1583 1945 1678 2000 causis
1690 1944 1811 2014 denique

131 2047 209 2103 sione
227 2044 378 2116 imperiali,
398 2044 441 2097 rel
453 2043 603 2113 judiciario
622 2042 752 2097 mandato
767 2042 842 2095 inter
865 2058 945 2113 quas·
994 2046 1116 2118 episcopi
1129 2044 1344 2111 conveniuntur,
1361 2042 1418 2096 sive
1429 2041 1505 2113 apud
1520 2055 1604 2094 sunm
1619 2037 1811 2109 metropolita·

132 2155 245 2211 cunque
260 2154 395 2210 personas
411 2137 528 2207 judicet,
542 2135 693 2207 appellatio
710 2135 746 2189 ad
768 2137 944 2206 majestatem
994 2157 1074 2210 num,
1095 2140 1152 2194 sive
1171 2137 1247 2209 apud
1261 2135 1459 2209 patriarcham,
1473 2134 1529 2188 sire
1544 2133 1620 2204 apud
1639 2132 1710 2185 alios
1733 2146 1812 2201 quos·

130 2232 353 2305 imperatoriam,
367 2235 416 2284 aut
428 2245 495 2283 eum
509 2229 559 2300 qui
572 2245 684 2283 causam
697 2229 841 2299 deligavit,
853 2228 942 2283 refer·
994 2250 1105 2304 cunque
1113 2232 1233 2303 judices,
1247 2232 1324 2285 nulla
1338 2229 1372 2284 ab
1395 2229 1429 2283 iis
1440 2226 1584 2298 fideiussio
1605 2230 1657 2279 aut
1672 2223 1810 2279 confessio

129 2333 186 2382 101·
200 2325 378 2380 111δί101111
392 2322 942 2394 (1111111111111110111151111111111111-
995 2327 1029 2382 de
1042 2326 1091 2380 lite
1105 2325 1236 2395 exigitor.
1250 2327 1290 2380 lta
1302 2327 1397 2379 tamen
1411 2326 1444 2376 ut
1456 2324 1485 2375 et
1505 2320 1558 2391 ipsi
1579 2318 1716 2373 studeant
1730 2316 1812 2370 illatis

131 2421 216 2474 simas
240 2434 373 2489 personas
398 2417 505 2470 crimen
527 2416 674 2485 inferatur,
700 2416 841 2486 siquidem
870 2415 945 2486 apud
995 2420 1048 2474 sihi
1061 2416 1285 2473 accusationibus
1298 2433 1327 2471 se
1343 2415 1481 2470 eximere.

133 2513 296 2584 episcopum
317 2509 419 2580 aliquis
438 2513 598 2563 acccnsutus
611 2508 707 2574 luerit,
723 2514 751 2562 et
760 2508 783 2561 is
797 2509 957 2562 veritatem
1029 2513 1289 2579 OEconomosvero,
1302 2514 1352 2564 arrt
1363 2506 1596 2580 ptochotrophos,
1612 2509 1664 2559 aut
1684 2501 1810 2558 xenodo-

131 2605 256 2678 potuerit
274 2603 496 2674 deprehendere,
512 2602 619 2656 honore
635 2601 691 2656 sire
706 2601 795 2672 gradu
809 2602 886 2655 hunc
899 2617 943 2655 se·
995 2608 1073 2673 elios,
1089 2611 1138 2660 ant
1153 2620 1328 2673 nosocomos,
1345 2607 1372 2657 et
1392 2601 1511 2655 aliorum
1536 2598 1746 2652 uenerabilium
1765 2597 1811 2650 do-

131 2701 257 2755 cundum
284 2695 483 2751 ecclesiasticos
508 2710 630 2749 canones
661 2694 789 2764 dejicito,
821 2700 945 2766 tuncque
995 2716 1095 2754 muum
1106 2699 1322 2769 dispensatores,
1332 2711 1425 2766 neque
1435 2709 1493 2748 nou
1506 2708 1607 2747 omnes
1620 2691 1690 2745 alios
1701 2690 1813 2744 clericos

132 2798 294 2863 competens
303 2789 391 2860 judex
404 2789 480 2843 hunc
495 2787 739 2859 comprehendito,
750 2796 779 2842 et
790 2788 944 2843 secundum
991 2795 1135 2866 jubemus,
1150 2796 1182 2846 nt
1195 2807 1247 2863 pro
1261 2787 1551 2845 administrationibus
1564 2786 1634 2857 ipsis
1646 2786 1812 2841 concredins

131 2886 209 2957 118θὸ
224 2901 337 2939 causam
358 2882 528 2948 1111111111),
547 2885 575 2936 el
594 2881 680 2935 11111111
698 2880 723 2935 ei
744 2881 892 2952 1111101110·
918 2880 945 2935 Si
994 2887 1070 2959 apud
1082 2886 1245 2957 episcopum
1259 2899 1353 2951 suum,
1368 2882 1413 2936 cui
1427 2882 1555 2948 subsunt,
1570 2879 1776 2950 respondeant,
1787 2885 1812 2934 et

132 2994 198 3033 1110
213 2975 572 3046 1111111101111113111111111
589 2975 715 3044 judicem
736 2975 827 3042 111111,
840 2978 869 3028 el
890 2974 944 3027 Cl‘i·
996 2979 1245 3035 administrationis
1260 2993 1318 3031 suae
1331 2977 1455 3031 rationes
1468 2974 1601 3040 reddant,
1618 2978 1648 3026 et
1663 2972 1813 3043 exigantur

956 3074 1070 3186 Cquod
1084 3089 1118 3127 er
1130 3072 1198 3144 ipsis
1213 3070 1315 3126 debere
1325 3068 1497 3140 comprobati
1508 3065 1628 3133 luerint,
1645 3065 1688 3120 illi
1702 3082 1813 3119 uenera-

994 3167 1045 3222 bili
1054 3164 1261 3221 restituendum
1280 3162 1387 3228 domui,
1403 3162 1450 3216 cui
1461 3177 1496 3216 cx
1509 3159 1760 3214 administratione
1770 3159 1812 3212 de·

131 3087 200 3127 men
212 3070 339 3140 legitima
348 3068 550 3138 disceptatione
561 3068 738 3137 comprobari
748 3067 862 3138 poterit,
879 3070 945 3120 tunc

132 3163 259 3219 locorum
274 3161 405 3232 episcopo
420 3166 549 3214 aetorum
569 3165 752 3214 monumenta
767 3160 943 3214 intimantor.

133 3258 168 3314 Et
180 3257 203 3311 si
222 3273 255 3311 ex
269 3255 304 3309 iis
321 3253 478 3308 innotuerit
493 3253 635 3325 proposita
652 3270 717 3308 eum
738 3253 857 3307 crimina
873 3252 943 3306 deli·
994 3260 1086 3315 bitum
1101 3257 1273 3330 apparuerit.
1286 3256 1313 3311 Si
1321 3272 1349 3310 se
1359 3255 1389 3309 in
1401 3252 1542 3326 exigendo
1554 3256 1688 3324 gravatos
1701 3256 1811 3323 putare-

49 3384 54 3397 ·
133 3346 869 3425 (1111811,111111191100111111]1151111111111110110115110
885 3362 947 3416 grn-
995 3353 1061 3422 rint,
1073 3350 1307 3422 metropolitanus
1318 3349 1466 3420 negotium
1477 3345 1654 3401 examinato.
1667 3345 1699 3400 Si
1711 3350 1810 3399 metro·

135 3445 174 3500 du
189 3459 275 3514 quern
288 3447 366 3496 tenet
387 3440 545 3495 secundum
564 3456 685 3494 canones
705 3443 843 3510 separata,
857 3439 946 3509 judex
996 3447 1136 3517 politanus
1149 3445 1185 3498 sit
1197 3444 1246 3515 qui
1260 3448 1358 3497 contra
1378 3441 1503 3512 aliquam
1524 3439 1733 3511 praedictarum
1749 3455 1808 3510 per-

134 3544 228 3592 autem
244 3535 395 3590 vindictam
410 3535 436 3587 ci
450 3533 551 3588 inferto
564 3533 675 3604 iugibus
688 3538 908 3603 competentem.
996 3555 1130 3594 sonarum
1155 3536 1314 3592 istiusmodi
1333 3551 1429 3590 causae
1443 3532 1629 3598 examinavit,
1645 3537 1675 3586 et
1689 3531 1810 3587 debitum

169 3632 273 3685 Verum
295 3628 317 3681 si
331 3628 480 3699 episcopus
493 3627 632 3698 putaverit
644 3632 704 3680 anta
717 3642 773 3680 n0n
785 3626 861 3696 juste
876 3642 944 3679 001¹·
997 3633 1101 3703 exegit,
1116 3637 1144 3686 et
1156 3648 1173 3685 a
1185 3646 1241 3702 quo
1254 3634 1384 3685 exactum
1400 3633 1452 3696 est,
1465 3627 1489 3681 is
1501 3629 1585 3697 putet
1601 3643 1632 3680 se
1656 3632 1808 3696 gravatum,

133 3722 245 3791 stitisse,
257 3726 324 3776 tunc
336 3720 444 3775 licitum
459 3720 485 3775 ei
494 3724 564 3788 esto,
575 3719 610 3773 ad
623 3722 782 3774 accusatum
796 3734 945 3789 personam
997 3725 1145 3780 dioeceseos
1159 3724 1234 3778 illius
1248 3721 1425 3777 beatissimus
1436 3719 1598 3791 patriarcha
1608 3719 1760 3790 negotium
1772 3719 1808 3772 di·

133 3815 243 3871 honore
258 3831 307 3868 seu
322 3814 410 3884 gradu
421 3813 629 3879 denudandam,
645 3830 754 3867 moram
766 3812 946 3883 interponere
996 3823 1130 3894 sooptnto.
1156 3818 1250 3888 Neque
1268 3816 1344 3870 enim
1367 3813 1509 3886 praedictis
1531 3813 1665 3884 personis
1687 3811 1808 3867 concedi·

135 3907 175 3963 sie
187 3913 292 3969 tamon,
313 3911 345 3959 ut
360 3922 390 3959 ea
406 3923 527 3977 persona
542 3906 593 3959 sub
609 3905 737 3977 legitima
759 3905 948 3960 constituatur
996 3928 1061 3966 mus
1072 3916 1101 3965 ut
1115 3910 1149 3965 de
1162 3909 1325 3964 memoratis
1338 3908 1427 3961 causis
1451 3910 1517 3960 ante
1532 3905 1776 3961 examinationem
1787 3908 1809 3959 tt

134 4000 326 4070 fidejussione,
341 4002 435 4069 'atque
456 3999 495 4052 1111
518 4014 602 4053 causa
626 4001 684 4052 11111
711 4015 761 4069 per
782 3999 947 4070 episcopum
996 4005 1173 4060 exactionem
1197 4002 1285 4057 debiti
1304 4017 1370 4055 suos
1388 3999 1533 4070 refugiant
1554 3999 1718 4070 episcopos,
1738 4003 1764 4054 et
1781 3996 1809 4051 ad

134 4110 220 4167 qnam
234 4093 319 4148 etiam
339 4109 390 4164 pel·
403 4092 529 4162 jndicem
552 4091 588 4145 nd
603 4107 654 4144 1105
667 4091 815 4160 1111111111,
831 4091 947 4145 1111111111
996 4099 1049 4153 alia
1068 4114 1096 4152 se
1110 4097 1255 4152 conferant
1262 4094 1378 4167 judicia.
1392 4093 1473 4157 Quod
1485 4092 1507 4147 si
1522 4092 1588 4163 quis
1601 4109 1638 4147 ex
1650 4091 1809 4147 ecclesiasti·

134 4191 333 4261 cognoscentes
353 4202 414 4253 110³,
434 4202 498 4256 quae
517 4184 598 4239 nohis
618 4184 765 4239 videantur
781 4184 945 4254 jubeamus·
996 4191 1035 4247 cis
1055 4190 1099 4246 cui
1115 4189 1252 4260 ejusmodi
1268 4189 1361 4259 aliqua
1373 4184 1584 4241 administratio
1599 4184 1764 4240 concredita
1775 4188 1810 4238 est

133 4283 213 4340 certe
233 4282 255 4335 si
278 4279 341 4351 quie
357 4296 408 4351 pro
422 4279 584 4351 pecuniaria
604 4294 686 4333 causa
705 4283 801 4332 contra
824 4278 948 4348 aliquam
996 4289 1060 4338 aute
1073 4283 1215 4354 expositas
1227 4281 1350 4336 rationes
1363 4285 1391 4335 et
1400 4279 1493 4334 debita
1504 4278 1651 4349 persoluta
1667 4277 1809 4343 moriatur,

133 4380 359 4432 memoratarum
373 4390 558 4445 personarum
572 4371 736 4443 quampiam
751 4372 891 4426 actionem
900 4371 948 4425 ha·
993 4377 1128 4447 jubemus
1142 4380 1174 4430 nt
1186 4376 1246 4446 ejus
1259 4374 1387 4429 haeredes
1400 4371 1540 4427 consimili
1552 4371 1644 4425 modo
1659 4377 1691 4426 et
1705 4370 1811 4426 reddeu-

133 4470 209 4537 beat,
220 4474 247 4524 et
259 4468 405 4540 episcopus
415 4467 491 4522 inter
503 4467 577 4537 ipsos
585 4465 713 4536 judicare
727 4465 847 4532 differat,
863 4464 985 4552 licen-1)
996 4470 1040 4525 dis
1051 4469 1217 4537 rationibus,
1232 4473 1260 4522 et
1272 4466 1464 4522 exactionibus
1479 4464 1598 4519 obnoxii
1613 4464 1682 4519 sint.

134 4564 206 4618 tiam
222 4562 323 4616 habeto
349 4566 425 4615 actor
441 4565 473 4616 ut
491 4559 601 4614 civilem
611 4558 828 4631 judicetadeat.
845 4559 886 4611 lta
904 4562 944 4612 ta·

134 4672 212 4725 men,
225 4659 257 4710 ut
279 4658 406 4709 accusata
425 4669 545 4725 persona
558 4652 635 4706 nullo
648 4651 733 4706 modo
747 4656 864 4723 cogatur
877 4651 946 4705 hde-

131 4752 274 4822 jussorem
287 4747 363 4815 dare,
373 4746 422 4801 sed
433 4747 525 4800 solum
536 4745 737 4800 confessionem
752 4745 856 4815 absque
871 4744 948 4814 jura-

134 4847 306 4898 mentorum
319 4839 551 4914 oppigneratione
562 4855 657 4894 rerum
667 4855 782 4893 suarum
795 4854 946 4909 exponere.

135 4936 222 5007 Sipro
233 4934 374 4990 criminali
387 4950 471 4989 causa
483 4933 621 4987 accusatio
634 4937 733 4987 eontra
747 4932 871 5002 aliquam
885 4947 947 4985 me-

135 5035 310 5085 moratarum
330 5044 516 5099 personarum
532 5031 719 5098 proponatur,
741 5041 862 5097 persona
884 5040 948 5095 quae

132 5120 282 5176 'accusatur
294 5121 344 5176 suh
357 5121 515 5193 legitimam
528 5119 739 5192 fidejussionem
750 5119 946 5173 constituatur.

136 5214 163 5272 Si
171 5214 386 5269 ecclesiasticum
394 5215 541 5286 negotium
549 5214 594 5283 sit,
604 5213 711 5267 nullam
718 5212 947 5267 communionem

134 5308 257 5363 habento
271 5307 366 5362 civiles
389 5308 570 5380 magistratus
591 5324 658 5363 cum
681 5323 713 5361 ea
735 5305 946 5376 disceptatione,

134 5402 183 5458 sed
197 5399 399 5473 religiosissimi
412 5402 535 5473 episcopi
548 5401 706 5457 seeundum
721 5415 813 5455 saeros
825 5414 948 5454 canones

135 5495 252 5567 negotio
262 5495 348 5549 linem
360 5494 542 5565 imponunto.

171 5593 309 5647 Praeterea
318 5592 340 5647 si
353 5592 403 5663 qui
417 5591 545 5663 ejusdem
556 5591 654 5662 synodi
669 5591 871 5663 religiosissimi
883 5591 944 5662 epi-

132 5684 214 5756 scopi
228 5685 351 5757 aliquam
371 5685 446 5739 inter
466 5701 495 5740 se
508 5685 728 5739 controversiam
741 5684 872 5753 habeant,
888 5685 946 5740 sive

113 5782 159 5869 'de
167 5783 238 5857 jure
251 5779 456 5852 cedmiastico,
471 5778 530 5840 site
545 5777 581 5836 de
593 5776 765 5853 quibusdam
776 5776 840 5836 eliis
849 5777 946 5848 rebus,

1032 4562 1059 4618 Si
1073 4563 1137 4634 quis
1152 4562 1309 4633 episcopus,
1323 4565 1372 4615 aut
1384 4559 1503 4615 clericus
1518 4573 1552 4612 ex
1568 4574 1747 4630 quacunque
1758 4573 1813 4631 pro

997 4656 1088 4711 vincia
1101 4655 1344 4725 Constantinopoli
1358 4653 1527 4725 reperiatur,
1538 4657 1567 4706 et
1577 4653 1707 4708 voluerit
1721 4651 1814 4723 aliquis

998 4753 1095 4804 contra
1119 4749 1214 4820 ipsum
1232 4747 1372 4803 actionem
1398 4761 1568 4818 proponere.
1596 4745 1745 4817 siquidem
1766 4744 1814 4800 litis

998 4843 1162 4899 contestatio
1172 4843 1203 4896 iu
1217 4841 1360 4912 provincia
1370 4840 1405 4895 de
1418 4856 1452 4894 ea
1469 4838 1665 4893 conhorersia
1678 4839 1753 4895 iacta
1768 4842 1811 4902 ast.

997 4937 1056 4991 illic
1076 4937 1111 4991 lis
1129 4935 1273 5007 impletor.
1293 4935 1321 4991 si
1339 4934 1372 4988 lis
1393 4949 1459 4988 vero
1478 4931 1611 4987 nondum
1633 4933 1734 5004 coepit,
1747 4929 1814 5003 apud

997 5031 1069 5086 solos
1083 5028 1295 5101 gloriosissimos
1307 5027 1452 5099 praefectos
1464 5025 1670 5096 praetoriorum
1686 5024 1813 5090 Orientis,

997 5129 1046 5180 aut
1061 5139 1152 5178 sacros
1162 5122 1284 5193 judices,
1296 5121 1345 5192 qui
1358 5137 1375 5175 a
1387 5119 1468 5175 nobis
1480 5118 1614 5190 deputati
1633 5119 1755 5185 fuerint,
1776 5117 1812 5172 his

997 5217 1123 5289 quicum
1136 5215 1309 5271 conveniunt
1320 5213 1498 5285 respondeto.
1512 5212 1758 5268 Reverendissimi
1770 5226 1812 5265 au·

998 5315 1055 5366 tem
1068 5309 1239 5382 apocrisiarii
1265 5308 1458 5379 cujuscunque
1478 5311 1669 5361 sacrosanctae
1691 5304 1810 5361 Ecclesia

997 5403 1168 5475 quiinregia
1180 5398 1697 5467 urbeversantur,autadbeatissimos
1703 5398 1812 5471 patriar

997 5498 1063 5553 chas
1074 5498 1130 5552 sire
1147 5494 1377 5567 metropolitanos
1389 5511 1407 5550 a
1419 5492 1476 5547 suis
1494 5491 1655 5548 mittuntur
1670 5490 1809 5567 episcopis.

996 5607 1089 5663 neque
1102 5606 1154 5663 pro
1166 5589 1223 5644 suis
1234 5588 1380 5661 episcopis,
1392 5602 1485 5659 nequa
1495 5601 1549 5657 pro
1559 5586 1683 5659 negotio
1691 5583 1809 5642 Bedesis

997 5682 1217 5751 suoe‚autdebito
1227 5679 1810 5755 puhliccseuprivato,acdcusmautcxae·

996 5778 1103 5834 tionem
1112 5772 1657 5850 aliquamsustinento,uisiruandstum
1667 5748 1818 5832 babeuutt‘
