3884 6150
69 245 124 298 997
503 242 686 302 JUSTlNthl
705 243 869 302 NOVELLAE
889 244 1054 304 SELECTAE.
1076 245 1229 304 NOVELLA
1248 247 1322 304 LXV.
1707 258 1757 314 998

68 350 217 407 memoria
231 349 334 419 Studii,
353 355 381 408 et
394 351 552 425 magnificae
574 354 721 410 memoria
742 354 888 426 Stephani,
902 355 1058 448 Aelieujus
1071 356 1247 412 funeratione
1260 357 1352 413 danda
1365 357 1410 414 sit.
1427 357 1507 414 Nulla
1519 358 1594 416 inter
1608 360 1755 420 defuneto-

68 450 231 522 requirunt.
246 449 274 506 si
289 450 352 521 quis
375 450 452 506 enim
469 451 516 507 illa
536 452 640 507 hahere
660 452 765 524 cupiat,
781 458 811 508 ut
827 469 891 524 quae
941 467 1006 504 rum
1019 467 1153 522 personas
1175 451 1353 507 distinetione
1372 453 1576 510 introducenda
1589 472 1595 522 ;
1610 456 1668 510 sire
1684 457 1755 512 diri-

68 548 100 598 et
108 544 715 618 multishominibusindigeant,etmajorem
723 547 888 614 custodiam,
940 543 986 599 tiis
1000 547 1129 610 affluant,
1145 545 1202 600 sive
1218 551 1384 617 premantur
1396 546 1500 618 inopia,
1516 548 1568 604 nisi
1579 549 1651 605 forte
1663 550 1704 619 (ut
1717 552 1758 606 di·

66 640 156 709 atque
169 637 198 691 in
212 655 323 693 summa
335 639 449 711 plenam
462 640 571 713 negotii
585 640 804 696 asservationem
821 641 891 695 desi·
940 642 1042 713 ximus)
1055 657 1142 696 unam
1156 656 1190 694 ex
1206 640 1295 694 tribus
1308 640 1364 694 illis
1376 641 1487 696 feretris
1499 641 1630 713 diligant,
1642 643 1671 698 in
1690 645 1753 717 qui·

66 729 181 800 derant,
203 731 258 786 hoc
281 724 504 803 praedictis'non
524 733 727 804 connectimus,
741 734 789 789 sed
810 734 890 806 quasi
939 736 991 791 bus
1015 741 1044 791 et
1064 734 1117 808 ipsi
1131 733 1324 788 convenientia
1349 733 1547 806 disposuimus.
1566 736 1755 810 volumusque

67 823 119 895 qui
140 823 316 879 ambitiosius
330 831 458 882 mortuos
473 844 536 881 suos
548 826 644 882 elierri
658 819 788 900 gestiant,
804 828 887 899 quid·
939 830 985 884 illa
999 834 1027 886 et
1040 830 1075 883 ad
1089 829 1164 883 hune
1177 827 1304 883 obtinere
1319 829 1446 897 medum,
1461 832 1490 883 et
1507 829 1612 901 absque
1627 832 1754 901 prefini-

67 916 139 988 quid
152 935 203 989 pro
216 918 313 974 labore
329 936 358 976 se
371 919 495 990 decanis,
507 924 556 975 aut
566 920 807 976 reverendissimis
816 938 890 976 asce-
937 924 1015 979 tione
1030 921 1164 994 temporis
1177 921 1294 976 immota
1309 937 1424 976 manere
1438 926 1466 977 et
1479 926 1594 977 aetema.
1608 927 1699 995 Atque
1712 943 1754 980 sa·

66 1010 130 1078 tris,
145 1015 194 1066 aut
207 1013 349 1068 canonicis
370 1006 484 1069 daturus
503 1013 758 1086 compromiserint,
778 1018 889 1069 tantum
938 1035 986 1072 cra
1010 1018 1063 1072 hac
1090 1015 1264 1088 pragmatica
1294 1015 1356 1087 lege
1383 1015 1412 1070 in
1437 1020 1608 1087 perpetuum
1634 1019 1754 1089 valente,

67 1108 251 1176 etpraestent,
266 1111 298 1161 ιιι
313 1110 408 1162 tamen
423 1108 456 1162 ad
478 1108 571 1180 ipsum
595 1108 624 1163 in
646 1108 755 1162 duobus
777 1107 888 1163 feretris
938 1109 1076 1182 quamdiu
1090 1108 1219 1163 homines
1232 1112 1308 1175 sunt,
1320 1124 1463 1180 quamque
1476 1108 1525 1163 diu
1538 1126 1675 1181 magnum
1685 1111 1756 1167 illud

67 1197 173 1253 Studiii
185 1200 358 1272 etStephaui
369 1201 518 1256 duedecim
531 1201 685 1257 solidomm
701 1202 888 1274 quantitatem
938 1207 967 1258 et
990 1204 1073 1273 longe
1086 1200 1301 1257 celeberrimum
1316 1200 1539 1257 Christianorum
1558 1220 1663 1258 nomen
1681 1205 1755 1261 iuter

67 1293 205 1348 excedere
218 1299 349 1366 nequeat.
359 1296 413 1350 Pro
421 1312 454 1351 eo
463 1313 529 1350 vero
538 1295 688 1368 quodauro
703 1296 887 1351 intertextum
937 1296 1068 1352 homines
1080 1295 1242 1360 habebitur,
1258 1295 1382 1366 quotidie
1393 1296 1480 1350 etiam
1495 1297 1605 1351 domini
1621 1299 1669 1352 Dei
1679 1298 1755 1353 beni·

67 1390 120 1455 est,
137 1387 212 1458 quod
234 1388 265 1442 in
283 1392 460 1444 sacrosancta
475 1390 581 1461 majore
601 1390 717 1445 ecclesia
730 1390 886 1462 reponitur,
938 1391 1045 1463 gnitate
1060 1390 1268 1444 incrementum
1281 1388 1409 1460 accipiat.
1422 1389 1490 1443 lluie
1502 1390 1629 1445 videlieet
1639 1393 1754 1464 negotio

67 1479 91 1533 si
104 1481 221 1552 quidem
234 1498 291 1537 uno
304 1483 363 1538 solo
385 1483 415 1537 in
430 1483 492 1554 ejus
510 1485 603 1538 locum
619 1485 659 1554 (ut
672 1484 819 1555 probabile
835 1484 886 1553 est)
937 1502 996 1557 pree
1016 1482 1124 1539 ceteris
1146 1482 1278 1538 omnihus
1292 1482 1352 1553 ipso
1365 1482 1575 1554 religiosissimo
1596 1485 1755 1555 patriarcha

66 1575 241 1644 apparando,
265 1583 388 1648 quatem
418 1576 530 1646 solidis;
556 1577 680 1632 ascetriis
701 1581 806 1646 aulem,
830 1577 887 1632 sive
937 1579 1022 1649 hujus
1033 1577 1115 1632 almae
1130 1576 1208 1631 urbis
1220 1575 1421 1648 prospiciente,
1436 1593 1472 1630 ne
1487 1577 1540 1631 hac
1553 1594 1635 1632 causa
1648 1596 1699 1650 pro
1710 1597 1752 1634 sa—

66 1667 219 1737 canouicis,
243 1669 299 1724 sire
322 1670 467 1737 acoluthis,
483 1670 569 1743 duplo
587 1671 695 1742 majora
716 1688 801 1742 quam
821 1676 887 1725 ante
937 1671 1070 1726 cerdotali
1083 1673 1219 1743 potestate
1243 1685 1310 1724 usus
1329 1669 1497 1738 committat,
1513 1674 1546 1724 ιιι
1567 1671 1601 1725 ab
1617 1672 1674 1726 ulla
1689 1689 1753 1743 per·

66 1760 101 1815 de
126 1761 162 1816 iis
186 1762 391 1833 praeliniriuurs
414 1763 593 1819 ferentibus:
609 1762 1006 1837 utvidelicetipsumBsoua
1026 1766 1069 1819 rel
1093 1763 1268 1832 sacerdotali,
1292 1762 1336 1832 rel
1361 1757 1536 1836 magistratu'
1552 1764 1691 1834 decorata,
1709 1767 1753 1822 vel

65 1870 180 1926 quoque
214 1857 397 1913 ascetriarum
419 1874 467 1912 seu
484 1858 688 1914 canonicarum
707 1859 884 1928 asceterium,
936 1875 1114 1933 quacunque,
1129 1857 1158 1912 in
1173 1861 1268 1911 nostia
1283 1855 1463 1928 delinquatur
1477 1857 1638 1913 constituta.
1654 1860 1706 1915 Sed
1726 1867 1753 1917 et

65 1949 144 2020 quod
159 1951 246 2021 gratis
256 1957 356 2007 caetera
371 1951 477 2007 feretra
488 1953 636 2025 praeeedit,
651 1953 781 2008 eamdem
794 1970 884 2024 quan·
935 1959 967 2008 ut
980 1954 1041 2025 ipsa
1054 1952 1186 2023 majestas
1200 1951 1382 2022 imperatoria
1397 1950 1425 2004 in
1445 1954 1503 2004 tam
1522 1952 1648 2024 amplam
1663 1953 1754 2025 digni-

64 2042 180 2098 titatem
193 2045 329 2117 percipiat
342 2063 429 2117 quam
447 2052 475 2101 et
496 2047 605 2119 reliqua
620 2048 764 2102 asceteria.
779 2048 885 2102 Eodem
934 2048 998 2103 tatis
1012 2052 1040 2103 et
1062 2045 1177 2100 honoris
1197 2043 1294 2100 sedem
1318 2044 1458 2099 conversis
1478 2045 1576 2112 aculis,
1592 2045 1753 2119 quicunque

63 2135 129 2206 hoe,
143 2139 219 2209 quod
243 2139 437 2211 praediximus,
460 2146 488 2196 et
509 2140 538 2194 in
549 2140 686 2195 acoluthis
699 2141 883 2210 obseruando,
934 2141 1048 2207 taudem
1068 2139 1181 2212 imperii
1195 2144 1305 2210 secptra
1330 2137 1447 2207 tenebit,
1462 2138 1528 2192 huic
1543 2139 1584 2193 rei
1598 2139 1751 2211 provideat,

63 2235 96 2286 ut
109 2234 138 2286 et
149 2232 180 2285 hi
196 2232 314 2304 duplum
328 2251 504 2306 eorumquae
514 2235 576 2306 jam
590 2251 607 2289 a
619 2235 702 2291 nobis
723 2235 884 2290 constitutae
934 2233 1121 2290 decernimus.
1136 2234 1231 2304 Neque
1246 2231 1322 2286 enim
1333 2248 1383 2303 pre
1395 2230 1533 2286 defunctis
1544 2235 1654 2287 tantum
1667 2233 1752 2301 istud,

63 2325 271 2381 suntauferant
282 2345 289 2382 ι
301 2327 467 2383 nimirumsi
480 2328 508 2383 id
522 2328 615 2400 inquo
623 2329 763 2384 funeratio
773 2329 886 2401 peragi·
934 2328 983 2383 sed
996 2328 1081 2383 etiam
1094 2343 1146 2398 pro
1160 2325 1325 2391 virentium,
1339 2325 1465 2396 adeoque
1475 2325 1699 2396 imperitantium
1712 2345 1753 2382 sa·

62 2421 121 2488 tur,
138 2435 230 2474 uuum
245 2420 280 2476 de
293 2420 383 2476 tribus
395 2421 450 2477 illis
463 2422 574 2477 feretris
584 2422 629 2489 sit,
644 2423 697 2478 hoe
710 2423 815 2479 seilicet
834 2440 882 2479 ro·
933 2421 991 2476 lute
1006 2426 1057 2490 est,
1074 2424 1106 2475 ut
1119 2419 1284 2475 omnimodo
1301 2418 1355 2490 pioe
1370 2418 1493 2474 actiones
1508 2421 1544 2475 ad
1558 2419 1689 2476 eflectum
1700 2422 1749 2478 de·

61 2511 139 2567 lente
152 2529 185 2567 eo
194 2513 240 2568 cui
250 2513 435 2570 funerationis
446 2533 514 2570 eura
525 2515 674 2571 incumbit.
684 2517 883 2571 Necessitatem
933 2515 1083 2583 ducantur,
1093 2531 1185 2586 neque
1195 2514 1329 2586 praeelara
1340 2512 1484 2584 majorum
1497 2513 1627 2570 instituta
1640 2532 1691 2587 per
1704 2533 1754 2572 ne·

62 2605 170 2660 seilicet
194 2609 391 2663 tantummodo
416 2609 587 2665 habentibus
611 2610 660 2665 Dei
682 2609 884 2665 amantissimis
934 2608 1101 2681 gligentiam
1122 2610 1302 2680 posterorum
1328 2607 1491 2678 depereant.
1505 2608 1750 2673 Quemadmodum

62 2698 269 2768 defensoribus,
285 2707 316 2756 ut
335 2702 505 2758 decanomm
524 2720 641 2775 corpora
663 2720 698 2760 ex
713 2704 883 2776 octingentis
932 2709 1028 2758 autem
1042 2707 1158 2767 eentum
1177 2702 1238 2756 illas
1251 2705 1278 2755 et
1292 2700 1369 2754 mille
1385 2700 1511 2755 officinas
1526 2702 1711 2758 indiminutas
1725 2710 1752 2760 et

61 2791 120 2847 illis
133 2794 263 2864 officinis,
276 2812 344 2867 quas
358 2796 425 2869 ipsis
437 2796 653 2869 assignavimus,
665 2797 770 2853 etitem
779 2797 883 2853 feretra
932 2797 1075 2853 immunes
1092 2795 1224 2850 custodiri
1240 2794 1440 2866 disposuimus,
1455 2795 1494 2848 ita
1517 2811 1615 2850 omnes
1629 2797 1750 2869 reliquas

63 2887 227 2958 exhibeant,
240 2905 298 2945 uon
312 2895 407 2945 autem
422 2895 453 2945 ut
465 2896 613 2962 sumptum
629 2890 754 2963 aliquem
767 2891 880 2963 impen-
933 2891 1058 2946 oliieinas
1079 2889 1231 2962 prestandi
1245 2888 1426 2961 vectigalibus
1439 2889 1580 2944 sancimus
1592 2907 1650 2946 esse
1662 2892 1749 2949 obno·
1770 2938 1778 2962 ,

63 2978 148 3035 dant.v
159 2982 207 3035 llei
219 2998 287 3038 vere
306 2984 508 3039 amantissimis
527 2985 679 3040 oeeonomis
698 2985 841 3058 cogendis,
850 2989 884 3040 ut
932 2984 992 3040 xias
1006 3000 1013 3039 τ
1028 2982 1142 3039 nemine
1156 2983 1276 3038 omnino
1290 2982 1435 3037 licentiam
1451 2982 1573 3038 habente
1587 2989 1619 3039 ut
1630 3001 1677 3039 eas
1689 2986 1748 3041 exi-

61 3076 124 3128 tam
139 3091 174 3129 ex
190 3076 282 3131 reditu
294 3095 310 3130 a
323 3076 511 3132 sacratissimo
524 3078 653 3151 principe
674 3078 821 3135 Anastasio
836 3096 881 3133 re·
932 3082 1000 3147 mat,
1015 3078 1073 3132 sive
1091 3076 1127 3132 ad
1148 3093 1242 3132 sacras
1261 3077 1344 3142 aedes,
1360 3075 1417 3130 sire
1439 3077 1474 3130 ad
1496 3093 1629 3148 xenonas,
1644 3078 1700 3134 sire
1715 3078 1750 3135 ad

16 3204 18 3209 -
60 3164 139 3238 licto,
156 3185 241 3240 quam
256 3188 290 3225 ex
305 3172 436 3226 trecentis
453 3172 572 3228 officinis
587 3173 616 3227 in
628 3172 774 3244 praedictas
787 3190 883 3244 perso·
933 3172 1077 3239 asceteria,
1100 3171 1157 3226 sive
1172 3169 1353 3240 monasteria,
1370 3169 1426 3224 sive
1450 3171 1640 3242 quodcunque.
1661 3173 1747 3242 aliud,

62 3276 123 3332 nas,
138 3263 583 3321 seeundumanobisinomnibus
596 3268 779 3321 constitutam
790 3266 882 3322 distri-
930 3265 978 3320 sed
993 3282 1085 3336 neque
1100 3265 1122 3318 si
1135 3265 1170 3319 ad
1186 3264 1280 3336 regias
1296 3268 1407 3318 nostras
1418 3263 1531 3332 domus,
1547 3265 1591 3319 vel
1602 3265 1751 3335 magistra·

61 3354 327 3427 butienem,omnes
337 3360 469 3431 praefatas
480 3360 621 3432 impensas
634 3361 747 3416 faciant.
760 3362 799 3415 lta
809 3361 881 3416 nihil
931 3363 972 3427 tn,
987 3363 1036 3413 aut
1048 3359 1174 3429 potentia
1189 3358 1323 3429 praeditos
1341 3357 1523 3429 pertineant,
1547 3357 1595 3411 sed
1613 3373 1647 3411 ex
1666 3375 1748 3432 aequo

60 3447 316 3507 indeterminatum
329 3453 393 3522 erit,
407 3453 455 3508 sed
470 3459 498 3509 et
509 3454 558 3526 qui
572 3453 775 3509 moderatiores
789 3455 881 3526 sepul·
932 3451 1064 3506 omnibus
1085 3450 1204 3505 oflicinis
1225 3448 1405 3517 vectigalium
1434 3450 1642 3520 praestationem
1663 3469 1749 3524 agno·

59 3547 140 3598 tures
154 3544 215 3598 fieri
229 3546 337 3614 volunt,
352 3563 386 3602 ex
410 3547 462 3602 hae
484 3547 667 3620 dispositione
679 3530 812 3603 ¹fructum
832 3565 879 3603 ca·
931 3545 1083 3614 stantibus,
1099 3562 1134 3600 ne
1148 3544 1171 3598 si
1185 3543 1321 3615 paulatim
1338 3542 1530 3613 unusquisque
1546 3551 1705 3615 excirsetur,
1720 3553 1748 3602 et

59 3636 143 3708 pient
153 3655 161 3707 ;
176 3644 203 3694 et
215 3639 263 3711 qui
277 3640 313 3694 ad
322 3640 505 3696 ambitionem
512 3642 741 3714 respiciunt,non
754 3659 806 3714 per
814 3643 880 3698 inite
930 3639 1049 3711 quisque
1067 3655 1119 3694 sua
1144 3638 1256 3706 relevet,
1280 3635 1376 3708 paucis
1393 3635 1570 3707 quibusdam,
1592 3638 1641 3709 qui
1664 3639 1748 3695 reliu-

61 3731 596 3806 magnisinvolventurdispendiis,sed
611 3736 685 3791 intra
697 3740 806 3791 certum
821 3753 882 3791 mo·
930 3738 1063 3804 quantur,
1088 3736 1179 3787 lotum
1198 3729 1412 3802 praestationum
1434 3746 1504 3784 onus
1525 3730 1696 3803 imponatur,
1718 3740 1748 3790 et

59 3822 132 3878 dum
146 3826 271 3880 munifici
292 3832 386 3882 amnt.
403 3813 465 3883 llaec
479 3845 530 3883 uos
543 3829 631 3900 igitur
643 3835 702 3884 tam
714 3830 748 3886 de
762 3830 880 3886 officinis
929 3843 1070 3898 magnum
1096 3825 1198 3881 exinde
1224 3823 1404 3896 dispendium
1430 3824 1586 3881 sustineant
1603 3827 1632 3881 hi
1652 3828 1747 3899 quiid

60 3933 152 3989 quam
165 3919 312 3988 reditibus,
328 3924 357 3975 et
367 3922 500 3977 funerum
515 3922 694 3992 elationibus,
710 3924 767 3979 sire
781 3926 878 3996 gratis,
931 3920 1005 3976 ferre
1020 3923 1173 3993 nequeant.

59 4010 120 4068 aire
134 4014 488 4086 eumquadamamhitione
501 4018 879 4090 peragantur,delinirimus.
965 4016 1033 4080 Quae
1046 4014 1135 4087 igitur
1152 4029 1202 4085 per
1216 4015 1387 4083 praesentem
1413 4029 1520 4069 sacram
1538 4014 1744 4087 pragmaticam

59 4105 206 4161 Utautem
215 4108 394 4164 officinarum
403 4126 539 4165 numerus
548 4112 626 4166 nullo
637 4129 763 4184 unquam
773 4118 881 4184 tempo·
929 4109 1051 4164 formam
1077 4108 1159 4164 nobis
1185 4107 1363 4178 placuemnt,
1389 4124 1420 4162 ea
1445 4111 1505 4163 tam
1521 4109 1745 4165 excellentiatua

59 4214 93 4253 re
107 4199 328 4256 diminutionem
342 4202 476 4274 patiatur,
496 4206 624 4261 custodes
641 4207 700 4277 ejus
721 4208 761 4262 rei
774 4207 878 4262 consti·
930 4219 1015 4275 quam
1032 4202 1079 4275 qui
1096 4204 1158 4273 post
1175 4207 1202 4256 te
1217 4201 1350 4255 eumdem
1364 4202 1562 4272 magistratum
1588 4200 1744 4274 suscepturi

59 4291 179 4362 luimus,
189 4311 245 4349 non
259 4298 368 4350 tantum
378 4298 611 4369 gloriosissimum
619 4300 793 4371 hujusalmae
802 4301 880 4356 urhis
930 4300 1007 4364 sunt,
1021 4302 1049 4351 et
1061 4296 1262 4366 obtemperans
1275 4292 1325 4348 tibi
1341 4294 1442 4348 cohors
1456 4295 1623 4350 custodient.
1636 4296 1696 4351 ilat.
1713 4297 1746 4352 lll

58 4386 237 4458 praefectum,
263 4393 289 4443 et
313 4382 563 4463 ‘obtemperantem
588 4392 628 4447 illi
652 4394 806 4461 eohortem,
831 4395 880 4449 sed
930 4391 995 4445 Nor.
1011 4391 1146 4445 Constant
1159 4387 1228 4459 imp.
1249 4388 1276 4442 d.
1297 4404 1327 4442 n.
1341 4386 1443 4442 lustin.
1460 4388 1511 4442 PP.
1526 4391 1598 4459 hug.
1615 4405 1682 4445 ann.
1700 4393 1742 4458 ll,

59 4480 149 4535 etiam
161 4481 348 4555 multomagis
357 4485 550 4540 excellentiam
559 4489 685 4554 tuamet
693 4486 878 4559 quiunquam
889 4513 919 4585 D
929 4487 994 4557 post
1008 4482 1084 4538 Bilis.
1099 4498 1125 4537 v.
1142 4499 1167 4537 c.
1178 4497 1254 4536 cons.
1270 4497 1346 4536 annu
1359 4485 1388 4537 ι.

59 4572 115 4628 hoe
128 4574 275 4647 dignitatis
287 4577 442 4650 fastigium,
457 4579 546 4635 cuitu
565 4580 650 4635 modo
663 4597 764 4652 praees,
778 4586 878 4636 tenua·

58 4667 130 4722 rint.
146 4670 180 4725 Et
200 4669 317 4743 insuper
340 4688 454 4743 poenam
473 4672 581 4729 cohorti
596 4679 653 4729 tuae
674 4674 880 4747 quinquaginta
1110 4732 1115 4744 ,
1214 4633 1371 4742 ΝΟ,νΕι’[Α
1385 4634 1494 4744 LXV‘,
1599 4731 1604 4747 ,

57 4762 156 4833 pondo
172 4764 234 4818 auri
253 4765 421 4837 irrogamus,
437 4767 460 4822 si
474 4767 664 4839 negligentius
683 4769 794 4841 egerit:
811 4769 880 4825 item
1036 4734 1072 4787 ΒΘ
1086 4731 1128 4786 '²²⁸
1143 4746 1202 4802 Μ
1212 4731 1308 4786 remia
1323 4736 1387 4786 mm
1402 4731 1518 4787 “dm
1531 4733 1635 4802 ΗΜ·

58 4853 205 4927 duplicem
219 4861 316 4912 eontra
331 4860 441 4931 eosqui
456 4861 880 4932 unquamthronumtuumsu-
965 4860 1074 4918 Scimus
1086 4866 1170 4916 antea
1181 4861 1285 4932 legem,
1300 4865 1352 4916 etc.
1375 4861 1481 4917 Relicta
1507 4863 1630 4918 ecclesiae
1651 4864 1744 4936 llysioe

59 4950 185 5021 scepturi
198 4957 273 5023 sunt,
288 4969 345 5024 quo
360 4953 455 5007 minus
465 4940 646 5013 committant
658 4962 689 5013 ιιι
698 4958 879 5013 secunduma
929 4956 964 5010 ad
987 4955 1211 5027 redemptionem
1233 4955 1409 5026 captivorum
1435 4959 1463 5011 et
1487 4973 1645 5029 pauperum
1675 4960 1743 5016 sub·

57 5043 257 5100 nobisdietam
272 5046 438 5102 divisionem
451 5049 878 5106 milleetcentumoflicinarum
929 5049 1128 5105 stentationenr
1157 5050 1327 5119 venduntor,
1353 5048 1376 5103 si
1398 5049 1511 5122 longius
1529 5051 1565 5106 ab
1587 5068 1620 5107 eo
1641 5052 1701 5109 loco
1713 5055 1743 5110 in

57 5152 198 5194 numerus
212 5139 331 5198 deficiat.
350 5141 402 5197 Sed
422 5141 445 5196 si
468 5143 522 5198 hoc
547 5143 735 5213 doceatur,ut
750 5146 792 5199 uel
807 5145 877 5217 ipse,
928 5144 1036 5200 aedibus
1060 5147 1109 5198 aut
1134 5143 1223 5198 vineis
1245 5142 1401 5198 consistant
1426 5159 1433 5197 ι
1458 5148 1491 5198 ut
1515 5149 1610 5201 tamen
1635 5148 1693 5219 qui·
1712 5165 1745 5206 ea

18 5227 28 5246 ⁸
57 5232 103 5287 vel
116 5236 351 5303 successorestui,
365 5236 395 5290 in
408 5236 481 5291 hane
495 5253 556 5292 rem
569 5239 878 5310 providentiamconfe-
928 5238 1053 5309 reliquit,
1078 5254 1113 5292 ex
1139 5236 1300 5291 venditione
1322 5235 1484 5292 relictorum
1504 5238 1622 5310 jusserit
1644 5259 1743 5315 eroga-

57 5324 138 5393 ratis,
148 5329 362 5400 procuretisque
376 5331 564 5401 ulperemnia
577 5332 600 5386 is
608 5331 667 5387 sine
677 5332 875 5402 diminutione,
926 5332 1034 5387 tionem
1049 5331 1119 5386 [ieri.
1137 5332 1161 5384 ls
1174 5331 1223 5402 qui
1245 5329 1274 5384 in
1292 5330 1359 5401 jure
1374 5332 1542 5403 postulatur,
1565 5335 1588 5389 si
1603 5351 1632 5389 se
1643 5335 1743 5391 absen-

57 5418 120 5475 sine
132 5436 229 5489 onere,
240 5422 301 5478 sine
315 5424 524 5480 machinatione
537 5426 639 5497 aliqua,
650 5432 711 5481 turn
725 5443 775 5497 per
788 5426 877 5482 excel·
927 5431 976 5493 tet,
992 5425 1203 5492 condemnator,
1221 5423 1350 5479 videlieet
1363 5426 1467 5481 rnalam
1482 5444 1543 5485 rem
1555 5444 1652 5500 agens,
1666 5429 1745 5499 quod

57 5512 178 5569 lentiam
189 5519 278 5585 tuam,
293 5523 352 5572 tum
368 5520 804 5592 perquamrisalinmpersonam
815 5537 877 5592 per·
927 5523 1080 5574 contestata
1099 5518 1146 5572 lite
1166 5520 1195 5571 et
1207 5516 1334 5589 legitime
1355 5523 1480 5589 vocatus,
1496 5537 1553 5576 non
1564 5521 1745 5591 obtempera-

56 5613 190 5664 maneat:
206 5626 242 5665 ne
253 5611 355 5667 exinde
367 5629 439 5668 noua
449 5613 593 5669 oboriatur
601 5614 720 5683 occasio,
732 5618 766 5669 ut
774 5619 877 5686 praeter
926 5613 1008 5668 verit.
1021 5611 1084 5680 Pr,
1099 5627 1195 5666 mense
1210 5612 1311 5684 Aprili,
1326 5631 1401 5671 anno
1417 5613 1530 5687 imperii
1552 5612 1579 5668 d.
1596 5612 1749 5674 iustiniani

58 5699 255 5761 definitionem
278 5710 404 5763 nostram
425 5708 519 5764 denuo
539 5724 646 5764 merces
675 5724 876 5782 propersonae
927 5710 970 5775 ιι,
985 5708 1092 5763 Ioanne
1105 5723 1132 5761 v.
1149 5723 1174 5762 c.
1192 5721 1249 5764 cos.
