3884 6150
203 262 250 324 itt
594 260 761 320 APDENDlll
779 262 824 316 AD
841 261 953 318 OPERA
970 259 1088 317 5thch
1108 258 1258 318 Genuam
1277 257 1489 316 PARlSlENSlS.
1835 263 1886 319 itt

199 374 287 441 toras,
303 373 336 429 ut
347 371 538 446 cognoscatis,
554 371 620 443 quia
637 387 695 426 non
711 368 825 425 invenio
840 368 870 424 in
885 386 918 425 eo
931 370 1019 425 ullam
1028 382 1059 456 Α
1069 370 1165 424 autem
1176 367 1292 423 titulum
1308 369 1422 441 Pylatus
1438 367 1548 441 (toan),
1564 370 1594 426 et
1614 366 1710 442 posuit
1722 384 1809 442 super
1821 387 1885 428 cru·

200 484 326 525 causam.
347 467 420 522 Exiit
441 484 511 539 ergo
522 466 661 523 Dominus
682 465 784 521 thasus
797 464 890 537 ¹latras,
908 463 1018 520 habens
1068 477 1142 517 cem.
1169 462 1237 516 Erat
1255 465 1354 517 autem
1379 462 1535 518 scribtum:
1558 465 1638 518 lesus
1660 465 1823 520 Nazarenus
1837 481 1885 522 rex

200 562 332 634 spineam
352 577 490 617 eoronam
506 562 535 615 et
549 575 725 631 purpureum
748 559 962 614 vestimentum.
984 559 1019 614 Et
1066 555 1241 612 ludoeorum.
1257 556 1337 611 Hunc
1352 573 1423 628 ergo
1443 557 1558 612 titulum
1579 558 1662 612 multi
1685 559 1820 631 legerunt
1837 560 1884 616 lu·

202 656 271 713 dicit
291 656 331 710 eis
348 655 461 727 Pylatus
475 671 482 709 ε
496 655 569 709 Ecce
588 654 686 709 homo.
707 653 778 709 Cum
798 669 868 724 ergo
882 652 1019 708 vidissent
1070 649 1209 717 deornm,
1226 649 1293 721 quia
1306 667 1395 722 prope
1409 651 1553 706 civitatem
1569 655 1632 707 erat
1645 653 1724 707 locus
1737 652 1786 708 ubi
1799 653 1887 709 cruci-

202 767 269 806 eum
293 749 441 820 pontifices
466 750 495 800 el
519 746 652 815 ministri,
676 746 842 802 clamabant
866 746 1017 802 dicentes:
1069 743 1139 798 llxus
1164 745 1207 797 est
1230 743 1370 799 Dominus
1395 745 1506 800 thasus.
1535 745 1569 800 Et
1590 749 1653 801 erat
1672 747 1812 818 scriptum
1836 747 1888 803 lla-

201 842 349 914 Crucifigc,
367 840 510 911 crucifige.
522 841 595 896 Dicit
610 840 650 895 eis
664 842 780 913 Pylatus
797 839 941 911 :Accipite
952 856 1019 895 curn
1068 837 1175 905 braica,
1192 836 1290 906 Gracc,
1307 841 1335 893 et
1350 838 1459 894 Latine.
1476 839 1615 895 Dicebant
1628 857 1697 912 ergo
1709 841 1808 913 Pylato
1819 857 1888 913 pon·

201 953 260 1003 vos,
286 939 316 990 et
336 934 518 1006 crucifigite:
542 951 596 1006 ego
616 935 695 990 enim
718 951 777 990 non
799 933 913 989 invenio
932 933 961 988 in
984 950 1018 990 eo
1069 930 1159 986 tisrces
1178 931 1345 987 ludaeorum
1360 949 1366 987 :
1382 932 1445 989 Noli
1465 933 1600 1001 seribere,
1623 935 1682 989 Rex
1699 934 1886 1004 ludaeorum

202 1046 328 1087 causam.
343 1029 566 1100 Responderunt
581 1030 609 1083 ei
620 1029 732 1085 ludaei:
750 1030 806 1084 Nos
820 1030 916 1099 legem
929 1028 1017 1083 habe-
1069 1025 1120 1079 sed
1133 1024 1201 1097 quia
1213 1025 1273 1096 ipse
1287 1024 1365 1095 dixit,
1381 1027 1440 1081 Rex
1459 1044 1521 1082 sum
1536 1027 1712 1084 Judaeorum.
1728 1028 1889 1102 Respondit

201 1141 275 1191 mus,
292 1126 320 1179 et
342 1123 501 1178 secundum
522 1124 618 1194 legem
632 1122 719 1178 debet
734 1122 818 1189 mori,
842 1122 910 1194 quia
928 1121 1018 1177 illium
1068 1119 1205 1191 Pylatus:
1231 1119 1314 1183 Quod
1338 1119 1445 1189 scribsi,
1469 1121 1577 1176 scribsi.
1600 1121 1700 1177 Milites
1722 1138 1793 1194 ergo
1823 1139 1889 1179 cum

201 1218 252 1275 Dei
267 1235 297 1273 se
312 1217 388 1272 lecit.
409 1217 480 1271 Cum
505 1233 576 1288 ergo
592 1216 719 1271 audisset
739 1218 854 1288 Pylatus
871 1216 948 1270 lrunc
963 1232 1020 1271 ser·
1069 1211 1274 1267 crucifixissent
1294 1214 1453 1269 Dominum
1476 1215 1583 1281 Jesum,
1605 1220 1780 1287 aeceperunt
1802 1216 1888 1273 vesti·

201 1327 330 1378 monem,
345 1309 439 1381 magis
453 1309 559 1377 timuit,
578 1313 607 1364 ct
624 1310 770 1381 ingressus
785 1313 828 1364 est
839 1308 1017 1381 preturium.
1070 1309 1170 1361 menta
1189 1307 1260 1378 ejus,
1277 1311 1306 1362 et
1324 1308 1455 1363 fecerunt
1475 1312 1599 1380 quatuor
1611 1313 1717 1380 partes,
1733 1306 1890 1383 unicuique

202 1406 308 1460 lterum
329 1403 410 1458 dicit·
421 1403 458 1458 ad
480 1403 635 1458 Dominum
653 1403 771 1458 thesum
784 1419 790 1459 :
805 1403 887 1458 Unde
913 1419 944 1457 es
964 1402 1019 1458 tut
1070 1399 1153 1454 militi
1164 1403 1288 1472 partem,
1300 1403 1330 1455 et
1343 1401 1448 1457 tonica.
1460 1402 1528 1457 Erat
1538 1407 1636 1458 autem
1649 1404 1746 1460 tonica
1757 1405 1891 1462 inconsu-

200 1500 302 1555 thesus
323 1503 419 1553 autem
438 1515 610 1569 responsum
630 1515 689 1553 non
708 1499 790 1553 dedit
803 1498 838 1553 ei.
861 1497 935 1553 Dicit
949 1514 1019 1569 ergo
1070 1492 1143 1563 tiles,
1159 1494 1283 1568 desuper
1304 1499 1438 1551 contexta
1459 1513 1511 1568 per
1532 1500 1637 1553 totum.
1659 1498 1798 1554 Dixerunt
1819 1515 1889 1573 ergo

203 1593 229 1648 ei
243 1593 359 1664 Pylatus
373 1609 379 1646 :
395 1592 461 1646 llihi
476 1609 535 1646 non
551 1591 697 1663 loqueris?
712 1592 805 1646 nescis
817 1591 885 1663 quia
897 1594 1019 1663 potesta·
1070 1587 1241 1643 adinvicem
1253 1606 1260 1644 ε
1272 1590 1335 1644 Non
1345 1589 1510 1646 scindamus
1522 1608 1598 1660 eam,
1614 1593 1665 1647 sed
1679 1593 1839 1649 sorciamur
1853 1593 1889 1651 de

201 1689 261 1741 tem
276 1685 369 1741 habeo
385 1685 552 1756 crucifigere
571 1689 616 1752 te;
631 1688 660 1740 et
680 1689 854 1757 potestatem
867 1685 961 1741 habeo
976 1684 1018 1739 di·
1069 1679 1118 1735 illa
1128 1681 1208 1752 cujus
1221 1682 1265 1751 sit,
1276 1686 1308 1738 ut
1317 1683 1458 1739 scribtura
1468 1684 1637 1757 impleretur
1652 1685 1750 1742 dicens
1767 1704 1773 1742 :
1789 1686 1891 1745 Partiti

201 1779 317 1834 mittere
337 1778 384 1833 to?
396 1778 555 1851 Respondit
570 1779 708 1834 Dominus
722 1780 840 1834 thasus:
854 1779 916 1834 Non
929 1778 1018 1834 habe·
1030 1756 1058 1828 Β
1071 1777 1136 1828 sunt
1148 1776 1320 1832 vestimenta
1332 1794 1400 1833 mea
1412 1778 1475 1847 sibi,
1487 1781 1516 1833 et
1528 1779 1557 1833 iu
1572 1782 1681 1835 vestem
1694 1797 1792 1836 meam
1806 1781 1892 1838 mise·

202 1891 248 1928 res
270 1875 443 1944 potestatem
465 1872 601 1928 adversus
622 1890 670 1928 me
692 1873 791 1941 ullam,
808 1872 861 1927 nisi
879 1872 930 1928 tibi
946 1876 1021 1927 esset
1069 1871 1137 1922 runt
1156 1872 1274 1925 sortem.
1291 1872 1325 1925 Et
1347 1871 1481 1926 sedentes
1501 1873 1654 1929 servabant
1677 1891 1744 1929 eum
1757 1874 1890 1947 (Dant).

203 1967 303 2023 datum
320 1965 453 2037 desuper.
462 1967 619 2037 Propterea
631 1967 680 2038 qni
695 1966 783 2021 tradit
793 1983 839 2021 me
856 1966 917 2034 tibi,
928 1966 1021 2036 majus
1071 1962 1193 2017 Stabant
1214 1967 1312 2018 autem
1326 1964 1408 2035 juxta
1423 1969 1538 2022 crucem
1555 1967 1670 2022 Domini
1690 1969 1778 2023 lhesu
1796 1973 1893 2024 mater

201 2063 352 2132 peccatum
365 2059 462 2114 habet.
475 2061 509 2114 Et
521 2058 623 2114 exinde
637 2060 785 2131 quaerebat
797 2061 912 2130 Pylatns
928 2059 1020 2114 dimit·
1071 2056 1133 2126 ejus
1145 2056 1257 2128 (June),
1269 2061 1298 2112 et
1311 2075 1393 2113 soror
1406 2060 1507 2115 matris
1517 2061 1588 2131 ejus,
1602 2059 1697 2134 135
1711 2062 1802 2117 Maria
1812 2063 1894 2119 Cleo·

200 2156 262 2209 tere
285 2170 361 2209 eum.
384 2152 475 2208 Judaei
499 2155 596 2207 autam
621 2153 795 2219 clamabant,
820 2153 970 2208 dicentes:
991 2152 1020 2208 Si
1071 2166 1114 2220 pse
1126 2150 1248 2206 etlllaria
1260 2151 1529 2223 llagdalenae.Cum
1539 2171 1608 2225 ergo
1621 2155 1739 2210 vidisset
1749 2156 1893 2212 Dominus

202 2246 279 2302 hunc
294 2246 425 2313 dimittis,
437 2262 496 2302 non
510 2263 541 2301 es
556 2246 665 2301 amicus
679 2247 808 2302 Caesaris.
820 2246 920 2301 Omnis
931 2246 979 2317 qni
991 2263 1021 2301 sc
1070 2243 1170 2298 Jhesus
1186 2248 1320 2313 matrem,
1331 2249 1361 2300 et
1375 2246 1547 2318 discipulum
1556 2250 1778 2321 stantemquem
1792 2250 1895 2322 dilige-

202 2355 303 2410 regem
318 2340 396 2408 facit,
418 2338 589 2396 contradicit
609 2339 724 2395 Caesari.
737 2340 853 2411 Pylatus
870 2356 940 2411 ergo
955 2356 1021 2394 omn
1070 2336 1130 2403 bat,
1145 2337 1214 2392 dicit
1228 2339 1314 2394 metui
1328 2356 1386 2394 suae
1399 2357 1406 2395 ι
1417 2341 1591 2397 Mulierecce
1602 2342 1676 2397 filius
1692 2348 1767 2399 tuus.
1779 2343 1893 2400 Deinde

203 2433 329 2488 audisset
343 2434 396 2488 hos
409 2449 566 2501 sermones,
583 2433 688 2488 iterum
701 2433 819 2489 adduxit
833 2434 910 2488 foras
922 2432 1019 2488 Domi·
1061 2428 1140 2484 dieu
1155 2430 1293 2503 discipulo
1312 2450 1319 2488 :
1345 2434 1415 2489 Ecce
1441 2438 1535 2490 mater
1557 2440 1616 2491 tna.
1642 2436 1676 2491 Et
1690 2453 1724 2491 ax
1747 2437 1799 2493 illa
1821 2439 1895 2494 hora

203 2543 273 2581 num
283 2527 411 2594 ihesum,
426 2530 454 2581 et
467 2525 542 2581 sedit
550 2543 602 2598 pro
616 2527 763 2593 tribunali,
777 2531 805 2580 et
816 2526 885 2581 dicit
896 2526 1019 2582 Judauis:
1072 2524 1183 2595 accepit
1199 2542 1264 2580 eam
1281 2526 1436 2598 discipulus
1456 2529 1485 2583 iu
1505 2546 1565 2584 sua.
1590 2530 1666 2585 Tunc
1688 2531 1897 2587 crucifixerunt

202 2622 272 2675 Ecce
283 2637 332 2675 rex
346 2623 448 2675 vester.
464 2620 507 2674 llli
521 2624 618 2675 autem
633 2621 798 2675 clamabant
814 2637 820 2675 :
836 2621 924 2688 Tolle,
943 2620 1020 2685 tolle,
1072 2632 1137 2672 cum
1158 2634 1192 2673 eo
1214 2618 1287 2674 duos
1310 2620 1439 2675 latrones
1463 2622 1594 2694 (blunt),
1611 2640 1684 2679 unus
1707 2641 1724 2679 a
1739 2617 1850 2680 dextris
1866 2628 1896 2682 et

202 2713 336 2784 crucifige
352 2731 428 2769 eum.
444 2713 518 2768 Dixit
543 2714 583 2767 eis
604 2715 742 2785 Pylatus:
764 2715 873 2785 Regem
895 2716 1022 2768 vestrum
1073 2728 1146 2765 unus
1170 2728 1187 2766 a
1209 2712 1350 2769 sinistris:
1374 2714 1482 2770 Medius
1506 2720 1604 2771 autem
1627 2718 1766 2773 Dominus
1790 2720 1895 2775 thasus

202 2807 624 2879 crucifigamtflesponderunt
635 2807 798 2879 pontifices:
810 2808 872 2862 Non
880 2808 1021 2863 habemns
1073 2803 1183 2875 (loom).
1208 2805 1242 2860 Et
1264 2805 1422 2879 adimpleta
1440 2812 1483 2863 est
1507 2809 1647 2865 scribtura
1666 2828 1729 2882 quie
1749 2811 1842 2868 dicit:
1860 2813 1896 2869 Et

202 2917 302 2972 regem
318 2901 371 2955 nisi
386 2902 539 2957 Cmsarem.
553 2903 630 2956 Tunc
646 2917 716 2972 ergo
733 2900 852 2955 tradidit
865 2901 906 2955 eis
921 2901 1021 2956 Domi·
1072 2914 1137 2952 cum
1159 2898 1265 2970 iniquis
1289 2903 1438 2972 reputatus
1460 2905 1503 2957 est
1528 2903 1645 2976 (Mora).
1669 2905 1772 2960 thasus
1795 2910 1895 2962 autem

203 3010 273 3048 num
287 2994 406 3049 thesum
425 2997 456 3048 ut
473 2993 698 3064 crucifigeretur.
715 2994 908 3065 suscipientes
924 2997 1022 3050 autem
1073 2991 1205 3047 dicebat:
1221 2993 1306 3048 Pater
1326 2994 1438 3050 dimitte
1459 2996 1524 3064 illis,
1540 3014 1597 3053 non
1614 2998 1693 3053 enim
1714 2999 1812 3054 sciunt
1824 2999 1895 3071 quid

202 3087 358 3142 Dominum
367 3086 485 3142 llresum
496 3085 771 3158 (Mottt.),cxuerunt
780 3104 846 3142 eum
856 3087 1020 3156 clamidem,
1072 3085 1181 3140 iaciunt
1193 3085 1291 3158 (Luc).
1307 3088 1517 3145 Praetercuntcs
1530 3093 1628 3146 autem
1647 3091 1896 3164 blasphemabant

203 3182 232 3235 et
251 3180 407 3235 induerunt
430 3197 497 3235 eum
521 3180 699 3235 vestimentis
720 3179 786 3235 suis.
807 3182 842 3235 Et
862 3131 1059 3236 eduxeruntC
1072 3180 1777 3255 eumllllnttb.),moventescapitasuaetdicentes
1792 3203 1800 3241 z
1813 3186 1891 3243 Vah!

203 3289 269 3328 eum
283 3273 462 3345 bajolantem
478 3273 531 3328 sibi
553 3290 679 3341 crucem,
696 3277 727 3328 ut
741 3274 943 3345 crucifigerent
954 3292 1021 3330 eum
1072 3272 1120 3342 qui
1136 3272 1259 3328 destruis
1270 3276 1409 3345 templum
1425 3277 1485 3344 Dei,
1495 3281 1524 3331 el
1538 3278 1567 3332 in
1583 3277 1678 3334 triduo
1694 3280 1776 3335 illum
1788 3279 1893 3345 reaedi-

202 3367 314 3439 (Joon.).
331 3369 399 3422 Erat
421 3369 518 3422 autem
539 3367 611 3422 hora
628 3367 719 3422 tercia
740 3367 857 3439 (illucet
880 3369 1022 3423 Exeuntes
1071 3364 1149 3432 ficas
1164 3366 1241 3420 salva
1261 3368 1456 3440 temetipsum.
1472 3370 1501 3425 si
1522 3371 1597 3426 tilius
1615 3373 1665 3427 Dei
1684 3389 1725 3439 es,
1745 3373 1892 3430 descende

203 3465 300 3517 autem
338 3461 457 3534 (Mottlr.)
488 3461 655 3516 invenirunt
680 3461 831 3517 hominem
859 3462 1022 3533 cyreneum
1072 3457 1108 3512 de
1119 3475 1211 3513 cruce.
1224 3459 1362 3516 Similiter
1373 3465 1403 3516 el
1414 3463 1749 3535 principessncerdotum
1760 3466 1892 3522 inluden-

204 3554 300 3629 134
324 3555 488 3610 Vtssitsslem
509 3555 622 3611 Obviam
638 3555 701 3624 Sibi,
719 3555 836 3611 nomine
852 3556 1019 3628 Symoncm.
1070 3554 1115 3605 tes
1124 3569 1190 3607 cum
1205 3554 1305 3609 scribis
1318 3558 1347 3610 et
1359 3555 1520 3612 senioribus
1533 3558 1669 3614 dicebant
1684 3577 1691 3613 ε
1705 3560 1785 3616 Alios
1800 3561 1891 3616 salros

202 3650 282 3704 llunc
293 3649 518 3720 angariaverunt
528 3652 559 3703 ut
572 3649 686 3705 tolleret
696 3666 810 3704 crucem
821 3650 882 3720 eJ'us
897 3652 1021 3722 :etpor-
1054 3646 1148 3713 lecit,
1164 3664 1193 3701 se
1215 3648 1309 3720 ipsum
1334 3666 1393 3705 non
1413 3654 1508 3722 potest
1529 3654 1639 3707 salvum
1652 3653 1766 3709 lacere.
1788 3654 1818 3710 si
1843 3669 1891 3709 rex

202 3745 278 3796 taret
292 3745 357 3811 post
370 3742 526 3797 Dominum
537 3743 654 3796 ihesum
666 3742 764 3814 (luel.
777 3743 959 3815 Sequebatur
971 3761 1020 3798 an·
1072 3740 1178 3794 israhel
1203 3745 1255 3809 est,
1270 3742 1427 3798 descendat
1441 3762 1517 3800 nunc
1531 3745 1566 3800 de
1589 3763 1683 3815 cruce,
1698 3750 1728 3802 et
1746 3747 1891 3803 credimus

201 3837 262 3888 tem
284 3834 365 3888 illum
384 3835 476 3888 multa
496 3834 579 3888 turba
601 3834 701 3905 populi
721 3838 751 3889 et
775 3836 929 3891 mulierum
957 3852 1022 3908 quie
1072 3833 1108 3888 ei.
1123 3834 1248 3890 Conlldit
1262 3836 1290 3890 in
1302 3837 1372 3904 Deo,
1389 3837 1492 3893 liberet
1505 3855 1581 3894 nunc
1598 3857 1665 3895 eum
1683 3840 1705 3895 si
1719 3841 1780 3896 rrrlt
1796 3859 1803 3898 ε
1821 3840 1892 3897 dixit

203 3927 390 3998 plangebant,
404 3927 640 3982 lamentabantur
658 3944 733 3982 eum.
750 3929 909 3984 Conversus
925 3932 1022 3985 autem
1072 3927 1160 3994 enim,
1176 3928 1244 4000 quia
1258 3929 1309 3984 Dei
1325 3930 1410 3985 Rilius
1426 3949 1499 3987 sum.

203 4021 240 4076 ad
259 4022 323 4077 illas
345 4020 484 4076 Dominus
497 4021 598 4076 thasus
616 4020 686 4075 dixit
707 4037 713 4075 :
738 4021 813 4076 Filios
832 4023 1019 4090 Hierusalem,
1106 4020 1233 4092 ldipsum
1246 4026 1344 4078 autom
1357 4024 1445 4097 (Luc.)
1460 4043 1533 4081 unus
1553 4027 1588 4082 de
1606 4027 1650 4083 his
1663 4027 1892 4100 quipendebaut

203 4116 291 4170 nolite
313 4115 383 4170 llere
399 4131 486 4185 super
509 4130 565 4181 me,
583 4114 634 4168 sed
656 4115 1022 4188 supervosipsaslleteet
1070 4115 1230 4170 latronibus
1252 4116 1474 4189 blasphemabat
1497 4137 1565 4175 eum
1594 4122 1691 4177 dicens
1714 4139 1721 4177 :
1748 4122 1777 4181 Si
1806 4127 1839 4178 tu
1862 4139 1891 4179 es

202 4226 288 4282 super
302 4209 376 4264 lilios
388 4210 519 4264 vestros:
536 4207 675 4280 quoniam
690 4224 755 4263 ecce
771 4208 889 4264 venient
901 4209 972 4277 dies,
990 4209 1020 4263 in
1071 4207 1208 4277 Christus,
1224 4210 1334 4266 salvum
1353 4212 1399 4267 lac
1413 4214 1611 4286 temetipsum
1630 4220 1659 4271 ct
1679 4232 1742 4272 nos.
1759 4217 1890 4289 Respon-

201 4304 306 4376 quibus
321 4303 439 4359 dicent:
466 4303 561 4358 Deatae
583 4301 686 4358 sterilis
708 4306 737 4358 et
761 4303 868 4359 ventris
888 4303 937 4374 qui
961 4320 1020 4359 non
1071 4301 1142 4357 dens
1162 4307 1259 4358 autem
1275 4306 1348 4360 alter
1367 4305 1536 4378 increpabat
1556 4309 1638 4364 illum
1659 4310 1758 4365 dicens
1774 4327 1781 4365 :
1796 4311 1890 4378 Miser,

201 4399 375 4468 genuerunt,
390 4400 418 4452 et
428 4396 518 4451 ubera
532 4413 596 4468 quae
609 4413 668 4451 non
683 4399 870 4453 lactaverunt.
885 4398 962 4451 Tunc
976 4396 1019 4451 in·
1071 4412 1164 4467 neque
1177 4400 1210 4452 tu
1225 4397 1309 4453 times
1324 4401 1425 4468 Deum,
1441 4401 1519 4472 quod
1534 4402 1564 4456 in
1580 4402 1683 4458 eadem
1700 4404 1891 4461 damnatione

201 4491 309 4562 cipient
320 4489 414 4546 dioere
427 4491 595 4546 montebus:
607 4491 713 4547 Cadete
727 4508 813 4563 super
826 4508 888 4559 nos,
901 4494 930 4546 et
940 4491 1059 4580 colli-1)
1071 4490 1120 4545 est
1132 4492 1167 4545 Et
1185 4508 1238 4546 nos
1260 4492 1379 4564 quidem
1390 4493 1477 4565 juste,
1494 4512 1562 4550 nam
1582 4496 1672 4567 digna
1688 4497 1773 4552 lactis
1789 4499 1892 4571 recipi·

128 4598 135 4607 ·
201 4583 253 4637 bus
271 4601 277 4637 :
295 4583 410 4654 Operita
433 4601 495 4651 nos,
517 4585 624 4655 quiasi
646 4584 781 4640 inviride
803 4585 883 4657 ligno
900 4585 962 4640 haec
981 4585 1021 4640 fa·
1070 4601 1134 4639 mus
1151 4584 1218 4640 :hic
1232 4602 1299 4640 vero
1314 4587 1384 4642 nihil
1407 4588 1476 4643 mali
1490 4589 1587 4660 gessit.
1601 4591 1636 4645 Et
1649 4590 1764 4647 dicebat
1782 4592 1822 4647 ad
1834 4593 1891 4648 Do·

201 4675 295 4743 ciunt,
305 4675 336 4729 in
356 4675 437 4730 arido
454 4676 524 4747 qnid
540 4677 609 4732 nat?
622 4679 807 4734 Ducebantur
819 4683 916 4735 autem
932 4682 961 4733 ct
973 4677 1020 4734 ulii
1070 4678 1182 4733 minum
1196 4679 1314 4734 ihesum
1330 4698 1337 4736 z
1360 4681 1492 4749 Domine,
1507 4688 1655 4739 memento
1671 4685 1740 4752 moi,
1759 4701 1828 4740 curn
1842 4702 1889 4740 ve-

202 4769 258 4824 duo
270 4785 397 4840 nequam
409 4785 474 4823 cum
484 4785 530 4836 eo,
541 4774 571 4823 ut
582 4769 822 4827 interficerentur.
836 4774 870 4827 Et
880 4774 1021 4827 venerunt
1070 4772 1148 4827 neris
1163 4772 1192 4827 in
1214 4790 1305 4844 regno
1327 4777 1386 4829 tuo.
1404 4775 1438 4829 Et
1455 4775 1525 4831 dixit
1544 4777 1583 4831 illi
1605 4778 1744 4833 Dominus
1763 4780 1891 4836 thasus:

200 4862 230 4919 in
253 4863 348 4920 locum
373 4861 422 4934 qui
444 4861 548 4918 dicitur
570 4862 712 4934 Golgotha
725 4865 856 4937 (Mutila),
873 4867 950 4938 quod
966 4869 1018 4934 est,
1069 4867 1161 4921 Amen
1175 4866 1239 4922 dico
1254 4867 1485 4940 tibi,quiahodie
1498 4871 1678 4927 mecumeris
1693 4872 1723 4927 in
1734 4874 1891 4946 paradyso.

201 4957 337 5014 Calvariae
355 4958 443 5012 locus.
461 4958 497 5012 Et
512 4956 655 5012 dederunt
674 4957 700 5011 ei
723 4958 821 5014 vinum
839 4960 938 5016 bibere
954 4977 1020 5016 cum
1257 4974 1349 5019 noun
1369 4976 1408 5019 ur
1430 4977 1699 5025 ousenvnrrouus.

200 5050 267 5106 felle
282 5052 402 5107 mixtum
418 5069 425 5107 :
440 5055 470 5107 et
484 5067 550 5106 cum
564 5053 717 5122 gustasset,
733 5051 824 5107 noluit
835 5052 944 5109 bibere.
1104 5056 1154 5110 Die
1167 5059 1259 5110 sancto
1274 5057 1421 5112 Pornceoes
1441 5058 1479 5112 od
1500 5073 1589 5114 omnes
1606 5061 1687 5115 boras
1699 5063 1895 5131 prescribitur

282 5164 385 5218 χχχιχ,
406 5179 531 5220 mmm
550 5180 584 5219 ,m
604 5180 688 5219 sgffl
708 5181 736 5218 ,Ν
755 5178 935 5220 pfflgcgvgp,
1065 5163 1135 5219 poss
1149 5148 1244 5218 eliqua
1264 5152 1403 5219 passionis
1425 5150 1527 5207 Christi
1540 5155 1658 5217 Domini,
1678 5154 1797 5222 singulis
1818 5157 1894 5214 toris

490 5258 570 5309 Amos
582 5257 726 5323 propheta.
1070 5244 1239 5307 conueniens,
1250 5246 1394 5312 premisso
1406 5245 1444 5299 ad
1455 5246 1653 5314 stenensium
1670 5248 1752 5304 beros
1765 5250 1896 5308 Lectione

234 5340 337 5395 Audite
352 5341 407 5397 hoc
423 5343 473 5415 qni
487 5343 643 5399 conteretis
659 5359 827 5416 pauperem,
845 5346 874 5399 et
894 5343 1017 5400 deficere
1070 5352 1104 5391 tw
1123 5338 1208 5392 vttm'
1228 5338 1405 5394 Testamenta
1426 5340 1538 5396 Excidit
1558 5357 1571 5396 e
1593 5341 1689 5397 Codice
1709 5347 1803 5398 metro
1823 5361 1894 5415 pars

200 5432 292 5488 tacitis
307 5449 425 5505 egenos,
447 5439 513 5506 etc,
535 5453 620 5507 usquc
640 5439 737 5509 Neque
760 5438 836 5493 sitim
853 5455 944 5510 aquoe,
966 5439 1016 5494 sod
1069 5431 1155 5500 emoti
1165 5431 1204 5486 oct
1217 5431 1377 5496 Matutinus,
1394 5432 1425 5487 td
1438 5438 1478 5488 est
1488 5437 1583 5505 premo
1595 5437 1671 5491 lectio
1683 5451 1717 5491 ca
1735 5438 1829 5493 Veteri
1846 5441 1896 5495 Tc·

200 5527 337 5584 audiendi
350 5529 469 5584 verbum
482 5530 543 5586 nei,
558 5530 652 5602 (Amos
667 5548 727 5599 vm,
744 5532 784 5586 4-1
793 5531 828 5603 1,)
1068 5528 1210 5590 stomcnto,
1225 5541 1285 5580 cum
1299 5527 1378 5581 initio
1393 5529 1520 5584 secunda
1533 5531 1667 5585 lectionis
1682 5545 1716 5584 ee
1728 5531 1892 5603 Eoonpels'o.

444 5622 593 5674 &cundum
610 5623 769 5676 llauhoeum.
1068 5619 1147 5673 Deest
1164 5621 1245 5676 ctiam
1267 5619 1305 5676 od
1325 5622 1432 5678 Nouum
1450 5637 1552 5690 mopso
1561 5639 1631 5694 pars
1651 5625 1774 5681 bebonis
1790 5641 1825 5682 ec
1843 5628 1894 5683 Zo-

233 5708 599 5781 Postquamcrucifixernnt
611 5710 768 5766 Dominum
777 5711 904 5780 tiresum,
918 5710 1019 5766 divise·
1069 5711 1173 5777 oborto,
1192 5719 1217 5770 et
1240 5718 1297 5770 toto
1316 5715 1392 5771 tectio
1412 5733 1445 5773 ee
1464 5718 1622 5787 Evangelio.
1636 5721 1778 5777 Passionis
1800 5726 1891 5778 mun

199 5803 268 5857 runt
281 5803 334 5862 sibi
355 5805 528 5865 vestimenta
543 5804 604 5880 ejus
619 5809 697 5865 sorte
720 5803 877 5864 mittentes.
901 5804 1018 5881 scribsit
1068 5808 1150 5867 ceses
1165 5824 1220 5866 uon
1241 5810 1341 5880 lenitur
1355 5814 1482 5873 motinus
1494 5828 1529 5871 ee
1543 5830 1597 5873 uuo
1611 5814 1703 5890 utque
1720 5815 1890 5888 meonetius
