3884 6150
223 257 290 313 rear
428 228 433 233 ’
520 291 526 303 .
788 249 914 308 suouu
934 248 1029 306 sexu
1049 248 1325 306 sueauuuuuruu.
1838 250 1901 305 rose

222 379 277 435 que
289 363 442 427 taxeotam,
452 356 616 432 episcopum
629 363 677 413 aut
686 358 882 430 presbyterum
891 357 1033 413 decaetero
1043 370 1074 443 Α
1084 361 1184 426 teram,
1198 357 1244 412 ubi
1256 357 1380 412 maxime
1393 356 1546 411 curialium
1559 356 1711 412 constituta
1724 360 1768 411 est
1774 356 1902 427 penuria.

220 455 284 511 lieri
292 474 300 525 3
311 454 381 510 nihil
395 453 532 508 attinente
547 454 596 507 aut
607 451 766 523 attingente
779 451 834 507 hec
846 451 910 522 lege
923 467 971 507 eos
984 453 1034 524 qui
1085 450 1113 506 Si
1127 466 1194 505 vero
1212 451 1354 506 latitantes
1376 449 1417 520 (ut
1433 449 1579 521 probabile
1596 450 1647 522 est)
1661 449 1742 516 liant,
1758 448 1901 504 licentiam

222 551 289 603 ante
314 564 378 604 eam
393 545 559 616 hujusmodi
572 544 732 600 sacerdotio
747 543 827 616 digni
841 544 933 599 habiti
946 547 1032 600 sunt:
1084 543 1185 599 damus
1198 543 1363 613 curialibus,
1378 541 1475 599 statim
1488 542 1600 615 ingredi
1616 559 1662 597 res
1674 558 1789 610 eorum,
1805 557 1902 596 comm

221 642 257 697 de
273 643 373 696 caetero
386 655 453 693 vero
469 638 614 694 neminem
627 637 743 694 omnino
757 637 806 711 qui
820 637 987 709 supradictae
998 636 1035 693 sit
1083 641 1157 697 hona
1170 639 1308 704 detinere,
1321 641 1349 692 et
1359 635 1425 691 satis
1438 635 1491 691 sibi
1504 636 1660 691 secundum
1673 635 1769 707 legem
1788 635 1856 689 inde
1866 635 1902 690 te·

220 735 341 789 fortune
357 732 393 786 ad
406 730 558 803 praedictas
572 731 800 787 consecrationes
815 731 968 786 ascendere
986 747 992 785 :
1007 736 1035 787 et
1084 751 1157 789 cere.
1171 731 1423 802 Haecigitursuper
1436 728 1679 784 reverendissimis
1693 727 1805 783 clericis
1814 728 1903 798 cujus·

220 826 343 881 maxime
359 825 382 879 si
395 830 423 880 et
432 825 494 896 jam
503 829 587 880 antea
602 824 822 891 ministraverat,
835 827 884 879 aut
890 823 1034 879 taxeoticis
1080 841 1194 898 cunque
1211 824 1317 897 gradus
1329 821 1456 877 obtinere
1477 821 1689 893 inperpetuum
1705 819 1864 886 sancimus,
1876 824 1902 875 et

220 919 356 973 servierat
366 917 554 989 jussionibus;
570 934 637 973 eum
653 917 729 972 enini
743 917 791 989 qui
804 916 944 972 enutritus
953 917 1033 974 estin
1083 920 1113 975 in
1127 919 1171 974 his
1184 934 1247 990 quae
1258 917 1319 989 jam
1333 918 1570 987 perpetratasunt
1585 915 1715 970 obtinere
1730 914 1828 986 legem
1842 929 1900 968 eam

220 1010 669 1066 exsecutionibusvehementibus
677 1010 738 1082 (sen
745 1010 861 1082 asperis)
874 1015 902 1064 et
914 1009 959 1064 his
968 1026 1033 1081 quae
1082 1012 1208 1067 volentes
1221 1026 1285 1083 quae
1295 1013 1324 1064 et
1334 1007 1413 1080 prius
1422 1007 1638 1072 ersttluoniam
1648 1009 1748 1062 antem
1763 1010 1794 1062 et
1806 1022 1900 1078 quam·

220 1120 253 1160 ex
266 1121 299 1160 ea
313 1120 344 1159 re
355 1103 498 1171 accidunt,
511 1105 646 1176 peccatis,
662 1120 718 1158 non
729 1103 828 1174 utique
842 1119 957 1175 aequum
969 1103 1031 1158 lue·
1082 1105 1148 1161 dam
1165 1102 1398 1161 constitutionem
1416 1101 1576 1157 invenimus
1594 1100 1629 1156 de
1653 1099 1808 1155 monachis
1821 1099 1899 1155 disse

218 1198 266 1265 rit,
277 1196 364 1252 modo
378 1196 508 1269 quidem,
519 1199 549 1253 et
562 1196 636 1252 illico
651 1213 711 1252 esse
721 1199 873 1264 taxeotam,
890 1198 919 1251 et
931 1195 1032 1251 buleu·
1081 1203 1202 1266 rentem,
1216 1202 1244 1252 et
1265 1196 1407 1251 volentem
1430 1194 1505 1265 ipsos
1523 1210 1580 1248 non
1600 1192 1766 1266 relinquere
1788 1193 1897 1265 propria

218 1295 290 1360 tarn,
306 1294 335 1344 et
349 1291 441 1346 iacere
454 1289 584 1345 omnium
598 1290 872 1357 acerbissima,mox
885 1292 979 1344 eutem
992 1305 1033 1343 sa-
1081 1289 1263 1359 monasteria,
1287 1302 1377 1360 neque
1401 1286 1519 1341 turbare
1545 1285 1681 1355 civitates,
1710 1302 1801 1358 quam
1828 1285 1895 1341 etad

218 1382 363 1439 cerdotem
376 1382 512 1452 ordinari,
526 1383 561 1437 de
574 1382 752 1438 humanitate
768 1385 797 1437 et
808 1382 972 1437 innocentia
982 1398 1031 1437 ex·
1082 1383 1229 1456 quoddam
1239 1381 1375 1438 sancitam
1386 1396 1446 1436 esse
1457 1381 1569 1452 tempus
1580 1379 1699 1451 quidam
1709 1379 1892 1451 suspicentur,

218 1480 374 1548 ponentem
394 1476 541 1547 dogmata.
558 1477 748 1547 Praeterquam
764 1477 789 1530 si
801 1475 836 1530 ab
855 1475 984 1545 infantia,
1003 1479 1032 1530 et
1080 1480 1212 1549 oportere
1225 1474 1447 1531 existimavimus
1456 1472 1631 1553 occasionem
1640 1472 1710 1528 inde
1721 1472 1892 1544 accipientes,

219 1571 350 1627 nondum
360 1571 636 1644 quideniephebiam
645 1571 795 1627 excedente
803 1576 894 1638 vetate,
905 1570 1030 1626 eieonti·
1078 1570 1286 1642 perfectiorem,
1310 1572 1339 1623 et
1352 1567 1383 1622 in
1403 1582 1487 1622 omne
1500 1570 1612 1638 tempus
1632 1565 1722 1621 etiam
1738 1565 1794 1620 hoc
1818 1565 1891 1620 refor-

218 1665 261 1736 git
272 1664 346 1720 inter
358 1649 1049 1732 reverendissimosmonachosconnumerariet'
1079 1679 1168 1731 mare,
1183 1663 1223 1718 ite
1234 1666 1268 1717 ut
1288 1660 1396 1716 nemini
1416 1659 1451 1715 de
1470 1664 1572 1715 caetero
1591 1658 1890 1714 reverendissimorum

218 1757 364 1813 morariin
374 1775 408 1813 eo
422 1757 483 1829 ipso
497 1757 658 1825 schemate;
675 1760 743 1813 tunc
753 1757 832 1813 enim
838 1757 1030 1830 permittimus
1040 1738 1068 1810 Β
1079 1755 1283 1811 monachorum
1296 1753 1410 1809 licentia
1424 1752 1470 1821 sit,
1485 1751 1542 1807 tale
1561 1751 1629 1825 quid
1642 1768 1743 1823 agere,
1761 1754 1791 1807 et
1813 1750 1889 1805 relin-

218 1851 283 1923 ipsi,
299 1850 614 1923 etpresbyterumlieri‚
627 1854 656 1905 et
666 1850 702 1905 ad
712 1850 906 1922 episcopatum
916 1851 1027 1906 venire:
1079 1866 1165 1922 quere
1180 1848 1297 1921 quidem
1312 1846 1511 1902 monachicum
1521 1845 1662 1914 habitum,
1675 1844 1890 1918 circumcingere

151 2001 156 2007 ,
217 1943 985 2016 cumsitmanifestumsimulatquetalequidevenerit,
1001 1946 1031 1997 61
1079 1946 1175 1998 autem
1192 1940 1419 2014 qualemcunque
1441 1937 1583 2006 militiam,
1604 1943 1655 1992 aut
1677 1937 1837 2010 cingulum,
1850 1942 1892 1992 aut

218 2036 323 2109 dignus
337 2037 494 2092 sacerdotio
504 2036 679 2109 apparuerit,
693 2038 767 2109 quod
777 2036 924 2093 confestim
939 2037 1028 2092 licen·
1080 2035 1261 2108 dignitatem,
1272 2037 1320 2089 aut
1330 2049 1428 2089 eorum
1440 2031 1488 2104 qui
1498 2032 1528 2087 in
1533 2030 1648 2103 judiciis
1659 2035 1814 2086 versantur
1824 2032 1892 2104 sequi

215 2130 287 2186 tiam
301 2130 420 2185 hebebit
437 2146 556 2186 manere
574 2129 604 2185 in
624 2129 799 2202 episcopatu,
814 2135 843 2185 ct
855 2129 1028 2197 ministrare,
1077 2127 1267 2198 vitam‚etllei
1278 2126 1392 2183 servitio
1404 2126 1546 2180 humanas
1559 2123 1762 2196 occupationes
1770 2125 1892 2196 preferre

216 2223 374 2279 dummodo
383 2227 516 2294 quartam
525 2226 702 2294 partemsuae
713 2222 876 2277 substantiae
888 2222 1030 2277 universe
1077 2225 1127 2277 aut
1139 2237 1316 2294 cognoscere,
1326 2220 1375 2274 illo
1381 2218 1430 2291 qui
1437 2219 1492 2274 tale
1504 2216 1572 2289 quid
1586 2217 1686 2273 iecerit
1700 2217 1803 2274 dando
1814 2219 1892 2273 curie

215 2315 342 2386 praebeat
354 2315 563 2384 decurionibus,
579 2320 608 2371 et
621 2315 688 2371 fisco
703 2314 871 2387 (secondum
885 2331 978 2389 nuper
992 2314 1029 2370 de
1078 2314 1196 2370 civitatis
1211 2314 1286 2369 illius
1300 2330 1333 2369 ex
1347 2329 1403 2385 qua
1419 2314 1471 2382 est,
1480 2313 1530 2366 aut
1544 2311 1631 2366 etiarn
1640 2311 1772 2382 alterius,
1788 2316 1819 2367 ut
1831 2327 1895 2383 pree

215 2412 319 2479 quarta
328 2412 408 2479 parte
417 2407 565 2480 positama
576 2409 659 2463 nobis
668 2409 773 2480 legem)
790 2408 901 2464 autsoli
916 2409 993 2477 fisco,
1006 2407 1029 2461 si
1078 2407 1186 2464 dietum
1201 2410 1251 2477 est,
1266 2412 1294 2463 et
1314 2406 1338 2461 si
1359 2405 1475 2478 quidem
1490 2404 1615 2477 locuples
1636 2404 1684 2472 sit,
1705 2404 1794 2460 etiam
1814 2420 1894 2476 pecu-

215 2501 334 2573 quidem
347 2501 494 2556 taxeoticae
508 2502 630 2556 fortunae
642 2501 667 2557 ei
679 2518 739 2556 csse
749 2501 912 2572 eontigerit.
928 2501 1028 2556 sivero
1079 2501 1168 2555 niaria
1181 2500 1326 2555 subiturus
1341 2515 1472 2566 munera,
1486 2496 1530 2552 sin
1544 2497 1651 2566 minus,
1666 2498 1830 2569 corporalia
1840 2514 1896 2552 mu-

215 2596 245 2648 et
265 2595 294 2648 in
317 2593 560 2648 reverendissimis
580 2593 809 2649 archimandritis
824 2598 984 2661 censeatur,
1000 2597 1029 2648 et
1077 2610 1146 2648 nera
1154 2611 1162 2663 3
1177 2596 1206 2649 el
1218 2592 1265 2648 hic
1279 2591 1391 2648 licentia
1403 2591 1496 2648 danda
1509 2589 1593 2646 curiis
1606 2589 1648 2661 (ut
1661 2590 1860 2663 praediximus)
1872 2590 1891 2644 si

214 2687 354 2742 manserit
369 2686 444 2741 inter
457 2687 542 2758 ipsos,
557 2691 585 2741 et
600 2687 654 2742 hoc
665 2687 753 2742 etiam
763 2686 848 2742 modo
859 2687 959 2741 damus
969 2686 1027 2741 foe
1076 2685 1229 2742 invisibiles
1243 2685 1320 2755 liant,
1337 2701 1472 2757 occupare
1485 2684 1568 2753 bona,
1585 2685 1613 2738 et
1636 2683 1689 2738 sihi
1704 2700 1741 2738 ex
1755 2684 1801 2738 his
1816 2685 1891 2739 satis·

214 2783 293 2835 tunae
304 2779 509 2848 liberationem,
520 2781 651 2852 quartam
662 2781 691 2835 et
699 2784 765 2834 tunc
780 2782 891 2851 partem
900 2795 957 2833 suae
965 2778 1029 2833 sub·
1076 2778 1167 2834 tacere
1180 2778 1337 2834 secundum
1349 2778 1454 2850 legem.
1467 2779 1498 2832 ln
1514 2775 1647 2831 omnibus
1660 2780 1761 2832 autem
1784 2777 1894 2834 casibus

214 2871 572 2945 stantiaetutpraediximus)
582 2873 756 2945 praebituro:
773 2872 855 2927 aliter
869 2875 965 2926 antem
975 2889 1027 2926 uc·
1076 2871 1106 2927 in
1119 2871 1221 2943 quibus
1233 2871 1358 2943 occipere
1369 2887 1403 2927 ex
1419 2869 1463 2925 his
1477 2865 1714 2940 curiasjuhemiis
1729 2870 1833 2939 causis,
1849 2888 1893 2925 vo·

214 2981 270 3036 que
289 2965 330 3019 illi
349 2964 475 3020 ordinari
496 2965 689 3033 concedimus,
712 2981 805 3038 neque
825 2964 956 3020 ordinato
974 2965 1029 3019 talc
1076 2965 1171 3019 lomus
1183 2964 1307 3020 mediam
1319 2963 1434 3036 quidem
1443 2963 1669 3034 horumpartem
1680 2963 1805 3019 curiales
1817 2963 1896 3019 susci

213 3056 281 3129 quid
293 3073 379 3128 agere
389 3057 714 3128 permittimus-Sciente
724 3062 773 3112 tua
783 3057 950 3112 excellentia
960 3056 1028 3128 quia
1076 3074 1143 3130 pere
1154 3074 1211 3112 non
1225 3057 1256 3112 iu
1269 3073 1348 3126 auro,
1361 3057 1409 3113 sed
1422 3054 1562 3112 immobili
1574 3055 1767 3127 possessione,
1780 3058 1825 3113 vel
1837 3075 1894 3129 qne

213 3149 274 3205 haec
284 3149 424 3204 observari
435 3149 778 3205 debentabomuibuslleo
787 3149 956 3204 amabilibus
966 3149 1025 3222 epi·
1037 3103 1064 3177 C
1077 3150 1175 3215 subsit,
1195 3149 1238 3205 vel
1260 3166 1324 3222 quae
1344 3150 1381 3205 sit
1403 3148 1591 3221 comparanda
1611 3149 1775 3204 secundum
1790 3151 1895 3221 priusa

214 3242 318 3314 ecepis,
338 3258 452 3315 poenam
477 3242 677 3314 exspectaturis
700 3242 774 3297 circa
788 3241 881 3314 ipsum
896 3242 1026 3298 sacerdo·
1074 3242 1297 3298 nobisemissam
1310 3243 1413 3314 legero,
1429 3242 1513 3297 aliem
1530 3257 1595 3297 vero
1609 3239 1764 3297 dimidiam
1775 3243 1897 3315 generali

213 3335 296 3404 tium,
311 3335 333 3390 si
348 3335 416 3407 quid
434 3335 491 3390 tale
504 3335 638 3399 iecerint;
660 3338 764 3407 praeter
777 3335 817 3406 id,
843 3336 921 3408 quod
938 3337 1025 3391 etiarn
1077 3353 1183 3392 meusae
1198 3341 1255 3391 tuae
1271 3335 1566 3408 excellentissiulerri5
1585 3340 1617 3390 ut
1630 3342 1700 3392 turis
1716 3337 1803 3391 etiam
1818 3337 1894 3391 thro·

213 3445 266 3484 nec
283 3427 344 3500 ipse
364 3428 510 3483 ordinatus
533 3428 688 3484 sacerdotio
709 3429 829 3497 fruetur,
848 3429 913 3484 licet
941 3429 1027 3485 fuerit
1075 3446 1129 3484 nus
1143 3428 1290 3501 provideat
1303 3427 1463 3501 vigilanter,
1477 3445 1513 3484 ne
1526 3429 1593 3502 quid
1609 3429 1664 3484 tole
1693 3430 1894 3501 (commissum)

213 3525 298 3576 antea
312 3522 341 3576 in
350 3520 446 3592 aliquo
460 3520 550 3593 gradu
558 3521 709 3576 sacerdotii
719 3521 876 3589 ordinatus,
891 3522 940 3577 sed
950 3521 1024 3576 inter
1075 3522 1170 3589 lateat,
1187 3521 1246 3590 sed,
1263 3520 1446 3593 simulatque
1465 3521 1533 3593 quid
1553 3522 1660 3578 factum
1680 3521 1780 3591 luerit,
1801 3539 1894 3577 conve

211 3614 335 3686 privatos
357 3614 511 3685 redigetur,
527 3617 555 3669 et
569 3612 725 3669 ministeria
742 3618 911 3685 exsequetur
924 3614 1026 3685 quibus
1074 3614 1155 3670 niens
1178 3631 1263 3685 super
1283 3614 1337 3670 hoc
1357 3613 1407 3670 fiat
1427 3614 1546 3686 medela,
1561 3620 1760 3688 preterquam
1784 3617 1808 3670 si
1826 3632 1895 3669 nunc

213 3706 469 3777 subjacebotprius.
479 3707 548 3771 Quae
559 3707 657 3761 omnia
665 3707 795 3762 obtinere
804 3707 834 3761 in
842 3708 970 3762 loturum
980 3723 1026 3762 vo-
1075 3711 1128 3785 ipsi
1142 3711 1216 3766 ultro
1230 3716 1258 3767 et
1268 3715 1369 3783 sponte
1382 3711 1513 3767 militiam
1527 3711 1709 3786 reliquerint,
1723 3713 1769 3768 vel
1786 3713 1892 3785 simpli·

213 3799 439 3871 lamustempus,
448 3799 1026 3872 quoniamriuncprimumenobisinveuta
1074 3805 1145 3859 citer
1156 3805 1233 3876 quod
1244 3803 1352 3859 hebent
1363 3804 1477 3859 schema
1485 3809 1513 3861 et
1523 3806 1559 3861 ad
1569 3806 1771 3861 monachicam
1786 3823 1894 3862 mum

213 3894 288 3958 sunt,
300 3907 359 3945 non
372 3891 534 3961 pertinente
544 3893 695 3949 ullomodo
706 3893 832 3965 haclege
842 3892 884 3965 (ut
894 3892 1023 3964 diximus)
1075 3897 1149 3952 serio
1163 3902 1192 3953 et
1203 3913 1268 3953 vero
1281 3901 1460 3953 revertantur
1472 3897 1568 3969 vitam,
1581 3903 1610 3954 et
1628 3898 1707 3954 inter
1720 3899 1893 3955 reverendis·

214 3982 251 4038 ad
265 3983 375 4055 eosqui
392 3984 478 4038 semel
495 3984 549 4038 hac
563 3984 701 4056 dignitate
716 3986 883 4041 sacerdotali
902 3986 1027 4042 decorati
1075 3992 1161 4049 simos
1175 3989 1290 4048 clericos
1305 3991 1503 4047 connumerari
1524 3991 1668 4047 festinent.
1693 3993 1722 4047 Si
1745 3995 1826 4048 enim
1847 3994 1917 4054 hoc,

213 4081 289 4145 sunt,
303 4077 353 4132 sed
370 4075 515 4131 licentiam
527 4077 700 4132 habentibus
713 4078 781 4149 ipsis
794 4095 846 4150 per
860 4078 1026 4163 substitutos
1074 4083 1193 4140 fecerint
1205 4084 1281 4139 intra
1295 4100 1403 4138 annum
1413 4085 1547 4139 unumab
1562 4084 1623 4140 haec
1636 4084 1704 4156 lege
1718 4083 1789 4152 lata,
1803 4085 1892 4141 remit·

131 4177 134 4183 '
212 4170 384 4239 ministrare,
395 4169 476 4241 juxta
488 4169 646 4240 Theodosii,
660 4171 885 4227 etValentiniani
895 4171 950 4242 piae
964 4189 1024 4228 me·
1075 4177 1162 4231 timus
1178 4176 1218 4232 eis
1235 4193 1357 4248 poenam,
1371 4176 1500 4232 sufficere
1513 4176 1580 4249 ipsis
1593 4193 1627 4232 ex
1644 4179 1786 4234 exercitio
1801 4185 1892 4251 putan·

212 4263 1024 4337 moriaeconstitutionem,qnaeadThomamreseriptaest.
1075 4272 1118 4324 tos
1130 4269 1366 4325 emendationem.
1391 4271 1557 4326 llaecautem
1578 4269 1711 4326 obtinere
1725 4269 1759 4326 in
1781 4287 1891 4343 sequens

212 4358 276 4430 -§
291 4361 315 4412 1.
327 4356 371 4412 Ad
387 4357 448 4412 haec
463 4360 492 4411 et
506 4357 577 4412 illud
589 4358 699 4428 justum
716 4376 786 4429 esse,
802 4365 831 4416 et
842 4362 982 4431 abducre,
998 4366 1027 4419 et
1075 4361 1203 4417 volumus
1213 4367 1336 4434 ternpus,
1346 4379 1440 4435 neque
1450 4362 1601 4418 illosextra
1611 4362 1720 4418 dictam
1735 4365 1891 4436 relinquen·

212 4450 242 4506 in
256 4467 308 4506 usu
322 4467 383 4506 esse
397 4450 549 4520 sancimus,
560 4451 638 4522 quod
648 4452 771 4522 positum
781 4453 817 4508 ab
828 4454 920 4524 initio,
935 4464 963 4512 et
973 4474 1024 4512 usu
1034 4465 1064 4537 Ι)
1074 4459 1116 4510 tes
1130 4471 1253 4526 poeuom,
1270 4460 1410 4528 quotquot
1429 4473 1446 4510 a
1467 4458 1563 4513 nostro
1580 4455 1747 4529 principatu
1769 4456 1890 4512 monachi

213 4543 403 4612 observatum,
417 4543 559 4599 nescimus
571 4560 697 4616 quonam
710 4545 797 4601 modo
809 4545 839 4602 in
859 4547 1024 4606 desuetudi·
1072 4548 1138 4603 lacti
1151 4550 1205 4605 tale
1219 4548 1287 4622 quid
1302 4548 1445 4618 fecerunt3
1460 4549 1488 4604 id
1502 4549 1578 4604 enim
1592 4548 1673 4621 quod
1687 4552 1837 4621 praecessit
1856 4550 1887 4603 si·

213 4654 280 4693 nem
298 4637 377 4693 abiit.
399 4637 580 4694 Meminimus
594 4637 672 4702 enirn
686 4656 739 4694 nos
751 4639 780 4695 in
795 4641 907 4696 Arcadii
922 4647 951 4698 et
965 4644 1022 4698 Ho·
1073 4642 1133 4696 mul
1152 4641 1267 4713 quidem
1290 4641 1325 4696 ob
1347 4641 1563 4711 humanitatem,
1579 4642 1666 4698 simul
1682 4642 1774 4698 etiarn
1789 4648 1889 4715 tempus

211 4730 286 4787 narii
300 4730 355 4803 piae
365 4730 513 4786 memorie
523 4730 760 4788 Constitutionem
773 4732 913 4805 incidisse,
926 4737 1022 4792 volen-
1073 4739 1200 4790 verentes
1218 4735 1396 4806 dimittimus,
1420 4736 1534 4807 quando
1551 4735 1624 4791 nihil
1637 4735 1748 4792 diserte
1760 4741 1888 4793 statuturo

212 4827 272 4880 tem
296 4825 423 4891 clericos,
443 4825 466 4879 si
481 4824 660 4896 neglexerint
681 4842 765 4881 suum
779 4826 923 4898 ordinem,
950 4830 1024 4886 etin
1073 4826 1151 4899 prius
1163 4833 1232 4884 erat.
1248 4858 1283 4868 -
1297 4829 1314 4900 §
1327 4830 1354 4883 2.
1373 4828 1441 4883 item
1455 4827 1526 4883 illud
1542 4828 1716 4884 statuimus:
1735 4830 1797 4885 sive
1811 4836 1887 4902 pater,

212 4920 438 4992 qualemcunque
446 4921 586 4974 armatam
595 4917 727 4974 militiam
737 4921 908 4990 transierint,
920 4923 962 4977 vel
973 4924 1022 4979 de·
1072 4919 1129 4975 sive
1142 4923 1242 4990 mater,
1259 4921 1317 4977 sive
1330 4921 1400 4976 alins
1415 4921 1479 4993 quis
1492 4937 1526 4976 ex
1539 4921 1654 4977 delectu
1667 4922 1832 4979 liberorum
1851 4939 1886 4976 re·

211 5011 327 5081 positia
341 5014 399 5069 Deo
418 5011 589 5068 amabilibus
596 5011 745 5084 episcopis,
752 5013 876 5070 militare
885 5016 945 5072 ausi
960 5017 1022 5074 luc·
1072 5013 1248 5069 stitutionem
1263 5017 1313 5069 eut
1321 5013 1548 5070 substitutionem
1560 5012 1713 5071 induxerit
1722 5016 1886 5089 quibusdem

211 5102 279 5172 rint,
291 5105 367 5160 mitti
381 5104 498 5177 quidem
509 5105 586 5178 ipsos
596 5104 815 5178 militiaadepta,
824 5108 898 5164 tradi
909 5126 978 5166 vero
987 5110 1025 5167 ci·
1072 5107 1130 5162 sive
1140 5107 1281 5179 masculis,
1298 5107 1355 5164 sive
1370 5107 1494 5179 leminis,
1509 5108 1540 5163 hi
1552 5111 1652 5164 auum
1665 5109 1703 5164 cd
1722 5111 1840 5182 nuptias
1852 5123 1886 5162 ve

211 5194 331 5251 vitatum
352 5198 436 5253 curiis
453 5199 665 5256 ministraturos
684 5199 714 5255 in
732 5205 878 5272 posterum
897 5203 1022 5275 publico,
1071 5200 1133 5256 nire
1150 5204 1270 5273 propter
1286 5197 1504 5258 conversationis
1522 5218 1579 5257 non
1602 5201 1754 5276 elegerint
1767 5205 1883 5267 modum,

210 5289 324 5362 qnando
344 5294 372 5344 et
383 5291 497 5347 Domini
509 5292 557 5349 Dei
571 5294 695 5361 servitio:
711 5294 836 5365 quandiu
851 5295 1020 5366 militarunt,
1071 5294 1194 5350 rescindi
1206 5295 1277 5350 tales
1288 5295 1481 5351 restitutiones
1495 5300 1545 5352 eut
1558 5293 1786 5353 substitutiones
1794 5316 1803 5369 ς
1814 5296 1885 5354 etha·

210 5399 240 5437 se
253 5382 465 5439 abdicaverunt.
481 5385 548 5448 Quae
561 5387 659 5442 omnia
672 5387 802 5443 obtinere
814 5404 847 5443 ex
862 5388 915 5444 hoc
926 5393 1023 5447 nostra
1070 5387 1139 5443 bere
1148 5387 1222 5460 ipsos
1227 5389 1432 5460 potestatemin
1443 5389 1679 5460 quemvoluerint
1688 5391 1884 5464 modumpiun

210 5471 354 5527 sancimus
374 5471 450 5542 lege,
472 5471 607 5542 jubentes
623 5474 699 5547 ipsos
714 5475 812 5532 statim
825 5480 853 5533 et
872 5479 1022 5536 confestim
1070 5484 1166 5536 tamen
1179 5497 1243 5554 quae
1260 5481 1327 5535 inde
1347 5481 1563 5552 proficiscuntur
1580 5497 1772 5554 consecrare3
1799 5489 1827 5540 et
1845 5486 1883 5536 aut

209 5564 328 5620 civitatis
347 5563 421 5619 illius
436 5581 471 5619 ex
492 5579 549 5634 qua
561 5571 628 5621 snut
639 5569 702 5623 fieri
721 5569 851 5638 curiales,
868 5569 922 5626 nisi
935 5573 1020 5628 vehc·
1071 5589 1238 5630 consumere
1250 5574 1422 5646 superstites,
1429 5580 1479 5631 aut
1490 5574 1653 5647 relinquere
1666 5577 1828 5634 monentes
1839 5592 1846 5630 :
1857 5572 1884 5626 si

208 5661 322 5714 menter
335 5658 488 5714 curialibus
502 5657 629 5713 abundet
643 5659 756 5717 civitas:
771 5680 827 5735 quo
842 5681 909 5720 casu
923 5665 1022 5722 vicinae
1071 5671 1119 5723 cut
1132 5671 1161 5723 et
1174 5669 1197 5723 si
1211 5667 1263 5724 snb
1275 5668 1436 5725 conditione
1448 5668 1606 5725 liberorum
1619 5671 1816 5744 susceptionis
1827 5666 1883 5740 ipsis

208 5752 252 5807 vel
272 5749 413 5807 ulterioris
431 5753 519 5808 etiam
534 5769 623 5829 usque
637 5752 674 5809 ed
687 5770 775 5810 unam
788 5758 964 5828 provinciam
979 5759 1020 5815 al·
1071 5761 1139 5834 quid
1151 5759 1283 5819 relictum
1302 5763 1399 5834 fuerit,
1422 5765 1535 5838 oportet
1555 5765 1585 5819 et
1601 5761 1659 5819 hoc
1677 5763 1782 5838 ipsum
1794 5761 1883 5820 habere
