3884 6150
79 279 112 333 le
508 278 666 335 EPlS'l'Olnl
685 277 728 333 ab
747 276 924 332 episcopos
943 273 1124 332 chunutus·
1143 278 1185 333 ET
1203 277 1341 334 GALLlAE.
1730 277 1762 333 lt

76 402 150 459 pore
165 387 286 442 loannes
299 402 373 458 papa
387 390 416 441 et
427 386 488 459 ipsc
508 392 639 444 mortuus
652 390 704 453 est,
724 391 753 442 et
772 383 898 457 sepultus
908 384 999 472 Αιίιιι
1013 400 1079 440 oum
1096 384 1192 441 nullus
1212 401 1248 442 ex
1265 384 1445 457 septuaginta
1463 382 1617 457 discipulis,
1639 400 1763 456 quorum

76 482 108 536 in
121 479 239 535 basilica
248 479 322 536 beati
333 480 408 535 Petri
418 481 550 552 apostoli,
562 498 593 536 nr
606 481 669 537 idus
679 480 764 535 talias
781 477 821 552 [ln
832 479 896 538 cod.
947 479 1070 550 speciem
1083 477 1113 534 in
1125 480 1242 536 ecclesia
1256 484 1369 551 gerunt,
1385 480 1498 551 legatur
1516 478 1625 534 donum
1643 477 1764 551 Spiritus

78 576 143 631 hnc.
158 589 190 628 ιιι
211 574 250 629 id.
272 574 326 629 tul.
345 573 439 647 dcestl.
460 574 507 628 Hic
533 575 600 630 feeit
620 573 812 630 ordinationes
831 573 899 627 duas
948 572 1036 628 sancti
1048 589 1099 644 per
1113 587 1215 628 uranus
1227 570 1439 644 impositionem
1451 572 1607 630 tradidisse.
1622 575 1703 639 Quod
1716 589 1765 632 au·

77 684 132 740 per
144 683 274 722 mensem
289 667 496 736 Decembrium,
511 668 690 740 presbyteros
703 666 821 738 triginta
835 671 898 723 octo
948 674 1006 723 tem
1022 667 1089 721 solis
1102 668 1246 738 apostolis,
1261 684 1418 740 eorumque
1432 668 1639 724 successoribus
1654 667 1764 740 proprii

82 758 124 833 [ln
141 761 208 818 Cod.
236 761 312 823 Luc..
331 759 451 832 triginta
471 759 584 834 nonem]
609 761 739 816 diacones
763 760 899 816 tredecim
948 761 985 817 sit
999 760 1085 818 oillcii
1100 759 1210 816 tradere
1233 761 1370 832 Spiritum
1391 765 1530 832 sanctum,
1549 761 1621 817 liber
1642 766 1764 818 Actuum

80 854 229 926 episcopos
241 869 294 925 per
307 852 417 909 diversa
428 853 489 909 loca
503 869 625 910 numero
639 854 785 927 sexaginta
799 870 897 909 unum.
948 856 1143 928 apostolorum
1158 853 1229 926 (Act.
1244 856 1301 927 viia)
1316 854 1408 910 docet.
1422 855 1453 911 ln
1465 856 1585 912 concilio
1597 869 1665 913 nero
1677 855 1765 912 Case-

80 949 112 1004 Et
125 948 243 1004 cessavit
267 948 445 1020 episcopatus
468 965 589 1018 menses,
611 948 670 1004 dies
691 954 749 1004 tres
772 946 813 1021 [ln
833 946 897 1007 dod.
949 950 1040 1005 reensi
1053 949 1092 1005 ita
1100 950 1134 1005 de
1144 949 1355 1020 chorepiscopis
1363 947 1626 1022 haheturscriptum
1637 951 1763 1020 (Neocoes.

79 1044 156 1106 Luc„
178 1058 290 1099 meuses
311 1042 419 1113 decem,
441 1042 501 1098 dies
524 1046 581 1098 tres
603 1040 655 1098 suh
677 1041 721 1098 die
743 1045 774 1098 {3
793 1040 899 1098 mensis
949 1044 1054 1107 concil..
1070 1058 1130 1099 con.
1148 1041 1765 1116 idlechorepiscopiquoqueadexemplunr

80 1134 146 1209 tul]
949 1143 977 1193 et
986 1137 1109 1193 formam
1118 1135 1298 1208 septuaginta
1310 1135 1443 1191 videntur
1452 1152 1511 1191 esse
1522 1141 1570 1192 :ut
1577 1136 1766 1194 comministri

207 1228 391 1287 epistota·
407 1229 442 1302 (α)
462 1230 602 1286 ioannis
621 1231 719 1286 PAPAE
739 1231 773 1285 lll
948 1236 1053 1302 autern,
1070 1234 1189 1303 propter
1201 1229 1326 1285 studium
1341 1229 1419 1302 quod
1437 1246 1505 1301 erga
1522 1245 1660 1301 pauperes
1682 1228 1763 1287 exhi·

232 1343 267 1380 nn
281 1341 421 1380 episcenos
436 1341 578 1380 crannum
592 1342 623 1380 ετ
635 1341 747 1380 ennam.
949 1322 1026 1394 bant,
1041 1325 1229 1380 honorentur.
1253 1323 1282 1378 Si
1301 1323 1378 1378 enirn
1399 1323 1531 1379 meliores
1555 1323 1765 1398 sanctioresque

81 1419 102 1475 l.
117 1422 239 1476 Ριιιιιιιιιι
254 1421 452 1490 chorepiscopos
464 1419 594 1490 quosdam
608 1421 762 1474 temerarios
771 1416 899 1487 olimjom
949 1418 1051 1473 sanctis
1072 1418 1207 1489 apostolis
1231 1415 1298 1490 [vos]
1323 1432 1381 1473 esse
1401 1417 1516 1489 putatis,
1536 1417 1620 1473 facite
1641 1434 1705 1489 quac
1723 1416 1765 1474 illi
1797 1443 1800 1446 ¹

116 1514 261 1569 damnatos
275 1514 378 1583 arguit,
395 1513 468 1583 qnod
487 1515 602 1567 nimiam
616 1513 669 1569 sibi
686 1515 898 1569 sumerentotcc·
948 1528 1006 1567 non
1029 1511 1167 1581 iecerunt,
1193 1516 1221 1567 et
1245 1510 1457 1583 superextollite
1477 1526 1527 1566 vos
1556 1510 1622 1567 illis.
1645 1510 1675 1567 Si
1698 1526 1766 1568 vcro

118 1609 239 1662 totitatis
249 1609 279 1661 in
293 1608 463 1677 impositione
474 1621 615 1662 mannum.
950 1605 1075 1676 ejusdem
1091 1604 1197 1660 ordinis
1211 1604 1286 1673 estis,
1301 1608 1328 1660 et
1341 1604 1518 1687 equiparare
1535 1621 1585 1661 ros
1606 1603 1691 1660 vultis
1701 1603 1766 1676 illis,
1807 1644 1811 1659 .

82 1701 114 1754 ll.
132 1700 234 1756 bande
247 1704 380 1755 morastrot
395 1700 552 1758 Clementem
565 1702 581 1756 1
594 1703 656 1771 post
668 1699 775 1754 beatum
790 1701 900 1756 Petram
949 1699 1038 1755 nolite
1047 1715 1080 1755 ea
1089 1714 1184 1771 agere,
1196 1697 1310 1770 quaeilli
1320 1714 1379 1753 non
1390 1703 1527 1770 egerunt:
1539 1698 1588 1754 sed
1602 1697 1766 1767 imitamini,

117 1794 207 1850 sedern
220 1795 395 1865 apostoticam
408 1795 517 1859 recisse,
531 1793 612 1864 ιιιᾳιιι
629 1793 752 1850 tradente
770 1792 824 1849 sibi
841 1794 899 1863 ipso
909 1781 937 1855 B
949 1796 1034 1864 prout
1048 1792 1149 1847 melius
1160 1792 1286 1864 potestis,
1298 1791 1429 1864 exempla
1439 1797 1467 1847 et
1475 1792 1594 1864 vestigia
1602 1807 1713 1848 eorum.
1724 1790 1766 1848 lili

117 1890 197 1943 Petro
949 1891 1054 1958 autem,
1069 1886 1250 1959 praecipiente
1257 1886 1389 1956 Domino,
1403 1886 1514 1958 illisque
1529 1886 1724 1957 denuntiante,
1734 1888 1768 1941 ut

81 1983 125 2036 lll.
145 1983 235 2037 Tertio
259 1980 346 2036 tradit
370 1985 474 2053 quanto
494 1996 559 2036 curo
585 1984 667 2052 atque
685 1980 838 2036 sollicitudo
857 1980 902 2035 illi
949 1980 992 2036 illi
1012 1985 1041 2036 et
1059 1996 1233 2036 successores
1252 1995 1353 2036 eorum
1372 1979 1570 2036 tantummodo
1587 1996 1639 2052 per
1664 1994 1766 2036 manus

114 2075 256 2130 subeunda
269 2077 315 2137 sit,
329 2077 377 2145 qni
390 2091 496 2145 precem
510 2075 611 2132 Christi
621 2079 728 2146 poseat.
949 2074 1162 2146 impositionem
1171 2074 1316 2130 traderent
1329 2073 1468 2144 Spiritum
1481 2078 1620 2143 sanctum,
1629 2073 1701 2129 nulli
1715 2088 1767 2130 un·

115 2170 240 2224 loannes
266 2167 413 2239 episeopus
439 2168 580 2223 universis
606 2184 658 2238 per
691 2167 840 2223 Germania
873 2173 902 2225 et
950 2184 1081 2240 quamex
1099 2168 1277 2240 septuaginta
1293 2167 1404 2223 tradere
1419 2166 1557 2238 Spiritum
1573 2173 1766 2240 sanctumper

82 2262 179 2317 Galliae
192 2261 354 2333 provincias
366 2260 536 2329 constitutis,
551 2262 581 2315 in
596 2261 717 2316 [lomina
732 2262 864 2318 salutem.
950 2278 1051 2317 manus
1068 2261 1282 2334 impositionem
1299 2260 1500 2333 permiserunt,
1518 2260 1559 2317 eis
1580 2260 1713 2333 (quorum
1725 2265 1768 2334 ty·

117 2357 290 2428 optaveram
303 2355 453 2427 siquidem,
467 2355 635 2425 charissimi,
656 2372 709 2427 pro
730 2356 820 2412 nostri
833 2357 899 2411 cha·
950 2372 1030 2428 pum,
1044 2360 1077 2411 ut
1088 2355 1254 2427 praedictum
1264 2357 1315 2424 est,
1324 2354 1529 2427 chorepiscopi,
1538 2360 1692 2429 antequam
1702 2371 1768 2427 pro-

81 2449 165 2506 ritate
178 2450 300 2521 collegii,
321 2465 420 2505 omnes
434 2449 547 2505 Domini
560 2450 718 2505 sacerdotes
732 2450 761 2504 in
781 2467 835 2504 una
850 2450 900 2507 de·
950 2449 1035 2504 hihiti
1048 2450 1151 2519 ess'ent,
1166 2448 1302 2520 gerebant
1314 2449 1344 2503 in
1358 2448 1482 2521 ecclesia)
1498 2448 1616 2505 scientes
1637 2450 1768 2506 illicitum

81 2543 369 2615 notionepersistero,
390 2559 442 2598 nee
462 2560 633 2616 quemquam
650 2543 793 2615 prohibita
811 2545 902 2614 gratia
951 2542 1022 2611 iore,
1048 2543 1146 2598 dantes
1170 2541 1376 2597 successorihus
1399 2558 1499 2598 eorum
1532 2544 1703 2615 exemplum,
1730 2559 1769 2600 ne

83 2642 136 2690 ant
150 2637 242 2691 iarore
253 2637 432 2692 sacerdotum
444 2637 554 2705 sectari,
570 2642 647 2692 anta
664 2637 709 2691 via
721 2641 797 2691 recta
810 2637 900 2692 disce·
951 2653 1078 2708 unquam
1091 2636 1154 2690 talia
1167 2641 1382 2707 presumerent.
1396 2634 1475 2692 Unde
1485 2637 1515 2691 in
1528 2638 1643 2693 Actibus
1657 2642 1770 2710 aposto-

83 2731 163 2785 dere.
180 2731 213 2785 Ει
224 2747 388 2804 quanquam
407 2732 564 2802 credamus,
580 2731 762 2786 llilectionem
779 2736 902 2787 vestram
950 2730 1045 2784 lorum
1058 2728 1194 2810 scriptum
1213 2732 1255 2783 est
1274 2729 1344 2798 (Act.
1364 2728 1410 2799 vir)
1427 2745 1434 2784 ι
1451 2732 1516 2787 Cum
1539 2732 1679 2786 audissent
1692 2747 1770 2804 opos·

81 2823 117 2878 ad
131 2840 218 2879 omne
231 2841 304 2895 opus
325 2825 434 2880 honum
453 2841 513 2879 esse
535 2829 662 2896 paratam
689 2822 850 2896 {devotaml,
871 2829 902 2879 ut
952 2824 1002 2879 toli
1012 2824 1060 2893 qni
1073 2826 1151 2877 erant
1165 2823 1367 2891 Hierosolymis,
1384 2824 1450 2891 puio
1464 2825 1564 2893 recepit
1572 2825 1770 2894 ,Samo-nover-

81 2922 180 2972 tamen
196 2917 337 2973 efficacior
349 2918 398 2972 fiat
412 2933 572 2990 congruum
586 2916 669 2989 nohis
680 2916 772 2971 visum
786 2922 837 2987 est,
853 2917 901 2973 lit·
952 2917 1014 2972 barm
1029 2916 1085 2980 Dei,
1098 2918 1230 2971 miserant
1239 2917 1277 2970 od
1288 2931 1329 2971 eos
1338 2918 1484 2971 Petra-met
1495 2918 1633 2973 Jocnnem.
1646 2920 1700 2986 Qui
1708 2935 1769 2976 cum

82 3010 152 3065 teris
166 3010 418 3082 sedisapostolicae
432 3012 474 3081 (ut
487 3016 699 3066 antecessorum
718 3026 834 3082 quoque
846 3027 901 3066 ιιο-
951 3012 1093 3074 accensent,
1109 3015 1253 3066 creuerunt
1264 3025 1316 3080 pro
1327 3012 1404 3080 ipsis,
1423 3013 1455 3065 ιιι
1465 3012 1615 3082 acciperent
1633 3013 1768 3083 Spiritum

82 3109 210 3158 stromm
234 3104 352 3175 vestigia
372 3104 518 3158 imitemur
550 3119 600 3159 vos
618 3120 746 3171 monere,
762 3107 903 3175 praecepta
952 3110 1085 3161 sanctam.
1098 3108 1152 3163 Nec
1166 3106 1519 3175 dumeniminpnemqrcom
1532 3105 1769 3173 illorumoenerct,

83 3198 179 3253 divina
189 3203 218 3252 et
230 3197 473 3269 apostolicaesedis
485 3196 614 3252 instituta
623 3196 742 3252 viriliter
753 3214 901 3269 peragere,
913 3155 940 3230 C
952 3200 999 3255 sed
1020 3201 1155 3270 baptizoti
1176 3202 1281 3253 tontum
1305 3203 1383 3253 erant
1402 3201 1431 3253 in
1450 3201 1555 3254 nomine
1577 3200 1681 3255 domini
1697 3203 1768 3258 lesu.

83 3298 111 3346 et
125 3291 273 3362 prohibita
289 3307 348 3347 non
362 3296 491 3363 tangere,
507 3291 556 3346 sed
573 3307 688 3361 cauere3
702 3308 754 3348 nec
769 3292 903 3364 cuiquam
955 3296 1027 3350 Tune
1048 3292 1220 3363 imponebant
1242 3307 1338 3347 monus
1361 3307 1441 3363 super
1460 3293 1532 3356 iilos,
1554 3297 1581 3348 et
1603 3295 1772 3366 accipiebant

82 3384 166 3440 liceat
179 3399 306 3456 unquam
320 3384 478 3440 doctrinam
491 3386 607 3440 Petrum
619 3386 759 3455 deserere,
775 3390 803 3441 et
815 3402 904 3442 sacer·
952 3388 1086 3458 Spiritum
1096 3391 1229 3441 sanctum.
1246 3385 1308 3441 Non
1321 3401 1390 3457 ergo
1403 3386 1444 3456 (ut
1453 3385 1514 3456 jam
1528 3385 1636 3442 dictum
1649 3388 1701 3460 est)
1715 3388 1767 3444 eli-
1861 3412 1868 3430 ν

83 3479 172 3535 dotali
187 3479 298 3534 honore
312 3479 444 3551 gaudere.
953 3495 1040 3552 quem
1068 3495 1101 3533 er
1122 3477 1311 3550 septuaginta,
1330 3478 1397 3533 licet
1423 3477 1507 3549 pauci
1527 3484 1621 3535 essent
1637 3480 1769 3553 apostoli,

121 3574 142 3628 1.
157 3573 301 3627 Perlatum
319 3576 362 3628 est
381 3573 417 3628 ed
438 3573 534 3628 sedem
553 3572 737 3645 apostolicam
757 3573 903 3629 emersisse
953 3573 989 3627 ad
1001 3572 1056 3627 hoc
1066 3569 1353 3643 opusperirciendum
1365 3570 1540 3642 direxerunt,
1551 3571 1598 3627 sed
1609 3572 1726 3629 Petrum
1740 3577 1770 3630 et

84 3671 114 3722 rt
128 3666 224 3721 denuo
239 3665 404 3722 reviviscere
415 3666 595 3739 prohibitum
616 3671 644 3722 et
658 3668 787 3723 funditus
801 3667 903 3722 exstir·
952 3667 1092 3722 loannem
1102 3664 1246 3736 apostolos
1258 3680 1310 3737 per
1322 3681 1422 3721 manus
1433 3664 1646 3737 impositionem
1659 3664 1771 3725 tradere

84 3763 186 3832 patum
198 3767 257 3816 tam
272 3764 398 3815 asancto
412 3761 540 3830 Damaso,
556 3750 672 3833 quam'a
690 3768 786 3817 sancto
800 3762 902 3832 Leone,
955 3760 1094 3832 Spiritum
1100 3763 1227 3814 sanctum
1240 3759 1379 3816 miserunt
1390 3775 1397 3815 ι
1407 3775 1531 3832 quorum
1541 3759 1632 3816 vicem
1645 3761 1771 3836 episcopi

87 3853 156 3907 siris
168 3854 340 3925 apostolicis,
355 3859 439 3926 atquc
453 3852 489 3909 ab
502 3853 640 3910 universis
657 3855 786 3926 synodali
805 3860 902 3910 aucto·
954 3853 984 3909 in
997 3853 1113 3909 ecclesia
1125 3857 1237 3925 gerunt,
1255 3858 1283 3909 et
1303 3869 1363 3909 non
1384 3853 1580 3927 chorepiscopi
1594 3854 1690 3926 (Νιιοι.
1705 3858 1728 3921 l,
1741 3858 1772 3913 ιιι

84 3945 171 4003 ritate
186 3948 335 4020 episcopis,
350 3948 603 4019 reprehensibilem
618 3954 702 4020 atque
718 3948 823 4020 oppido
839 3947 902 4006 ino·
954 3951 1032 4019 epist.
1046 3947 1084 4002 cd
1102 3948 1274 4019 Rudotpinm
1294 3949 1383 4004 Ritus.
1405 3948 1504 4020 orcle),
1525 3948 1575 4020 qui
1592 3951 1772 4023 septuaginta

84 4038 172 4095 litum
184 4057 277 4108 usum,
293 4056 327 4096 eo
342 4040 420 4112 quod
433 4041 550 4112 quidam
562 4041 760 4113 chorepiscopi
775 4041 832 4113 (qui
846 4046 874 4097 et
888 4059 905 4097 a
955 4041 1160 4113 discipulorum
1173 4039 1295 4095 formam
1305 4047 1369 4097 ante
1378 4041 1603 4114 prohibitionem
1613 4059 1714 4101 eorum
1725 4059 1772 4117 ge-

84 4134 289 4206 praedictornm
297 4139 507 4190 antecessorum
516 4135 904 4206 sanctorumapostolicorum
954 4135 1064 4190 rebant.
1080 4134 1161 4199 Quod
1173 4133 1285 4190 illinon
1296 4134 1433 4207 fecerunt,
1449 4151 1500 4192 uos
1514 4135 1606 4193 facere
1620 4138 1718 4208 nolite,
1733 4152 1771 4195 ne

83 4227 215 4299 patribus
234 4233 261 4282 ct
272 4227 339 4283 viris
352 4227 523 4301 apostolicis,
538 4232 566 4283 et
577 4228 612 4282 ab
625 4228 704 4300 ipsis,
718 4228 774 4284 sire
792 4246 808 4283 a
822 4229 905 4285 nohis
955 4227 1104 4283 dissimiles
1119 4227 1168 4298 eis,
1184 4232 1212 4283 et
1224 4228 1335 4300 indigni
1348 4246 1449 4286 eorum
1459 4230 1635 4287 successione
1644 4235 1672 4286 et
1685 4229 1770 4287 mini·

84 4324 155 4375 sunt
167 4321 313 4392 prohibiti,
328 4321 401 4377 sicut
418 4338 519 4377 eorum
544 4322 679 4378 hactenus
701 4327 842 4381 testantur
854 4324 904 4379 dc·
955 4321 1040 4377 sterio
1054 4337 1115 4378 esse
1127 4322 1371 4395 videamini:quia
1384 4323 1425 4394 [ut
1437 4324 1477 4378 eit
1489 4322 1626 4379 Dominus
1640 4322 1672 4378 in
1684 4324 1773 4381 Evan-

85 4420 175 4485 creta)
187 4416 261 4470 ultra
276 4415 394 4471 modum
406 4432 489 4471 suum
499 4416 714 4489 progredientes
725 4416 813 4486 (Cone.
828 4419 906 4474 Pori-
956 4415 1040 4488 gelio)
1060 4418 1109 4486 pai
1129 4432 1182 4472 non
1205 4421 1244 4472 est
1258 4432 1369 4480 morem,
1386 4416 1530 4473 adoneum
1548 4432 1591 4472 me
1603 4421 1642 4473 est
1655 4434 1664 4473 ι
1679 4421 1706 4474 et
1723 4421 1773 4491 qai

83 4510 174 4564 sienae
188 4524 226 4564 ιι.
251 4509 298 4564 lib.
321 4526 329 4563 1
350 4526 373 4565 c.
388 4510 444 4582 27),
467 4509 576 4565 donum
595 4511 684 4566 sancti
709 4509 831 4583 Spiritus
854 4528 945 4610 perD
955 4526 1008 4566 non
1022 4511 1125 4579 colligit
1136 4526 1247 4573 mecum,
1263 4509 1395 4581 dispergit
1406 4509 1479 4581 (Luc.
1495 4526 1534 4580 ιιι,
1549 4511 1605 4583 23).

84 4601 300 4673 impositionem
314 4618 450 4658 manuum
466 4604 588 4674 tradant,
602 4609 630 4660 ct
641 4605 705 4676 alia,
719 4620 793 4677 que,
813 4605 906 4661 solum
992 4604 1024 4659 ll.
1040 4603 1069 4658 Si
1088 4607 1184 4658 nartem
1197 4604 1298 4659 Petrus
1321 4603 1454 4678 princeps
1472 4605 1669 4678 apostolorum
1687 4605 1769 4680 adju·

84 4694 270 4769 pontificibus
283 4696 431 4769 debentur,
447 4698 596 4754 contraias
608 4704 748 4772 peragant
763 4715 770 4754 ι
787 4715 905 4772 praeser·
955 4704 1031 4756 tores
1044 4699 1097 4755 sibi
1110 4698 1207 4755 ascivit
1227 4696 1330 4754 binum
1353 4704 1381 4755 et
1400 4699 1521 4773 cretam,
1539 4716 1599 4758 uon
1611 4705 1708 4759 ιιιιιοιι
1721 4717 1772 4776 ρο·

122 4850 163 4921 (o)
178 4849 371 4907 Adulterinam
384 4867 483 4909 omnes
495 4852 569 4909 docti
582 4857 708 4925 censent,
722 4870 774 4910 uec
788 4852 847 4927 ipse
861 4852 980 4909 Βιιιοιιίο
994 4855 1141 4925 praeeunte
1153 4869 1237 4909 ausus
1249 4856 1292 4910 est
1306 4851 1445 4925 refragari
1459 4850 1565 4911 Binius.
1579 4853 1662 4912 Lara.

740 4977 829 5034 Nora
849 4977 1004 5035 SEVERlNl
1024 4978 1114 5034 BINll.

121 5080 135 5108 ⁸
151 5079 383 5160 liancepistalam
400 5083 434 5138 ab
451 5084 545 5157 aliquo
564 5085 717 5158 impostore
729 5086 904 5142 subnomine
954 5087 988 5142 ad
1003 5088 1077 5142 Vitas
1094 5085 1259 5142 eorumdem
1283 5084 1450 5159 pontificum
1472 5083 1607 5156 diximus,
1628 5102 1680 5159 pro
1695 5083 1770 5144 neris

82 5153 903 5231 Joenurspapaelllpostobitumilliussuppositamfuisse,
953 5160 1134 5230 pontificibus
1152 5160 1277 5230 agnovit.
1299 5161 1385 5214 Taceo
1407 5159 1483 5230 quod
1509 5175 1616 5214 nomen
1637 5159 1769 5230 chorepi-

82 5223 189 5278 multrs
201 5225 379 5294 argumentis
392 5228 502 5282 ostendi
516 5234 615 5299 potest.
634 5231 740 5299 Primo,
756 5231 831 5301 quod
852 5230 905 5285 sub
954 5248 1113 5302 scaporum,
1127 5230 1161 5286 de
1175 5247 1297 5312 quorum
1312 5247 1429 5285 munere
1444 5230 1556 5303 integra
1573 5230 1690 5312 epistola
1704 5231 1772 5286 scri-

82 5293 239 5376 consulatn
266 5299 299 5351 lc
323 5297 427 5352 tustini
456 5313 482 5379 ιι
513 5300 650 5356 llalendas
672 5302 803 5372 hengesti,
830 5317 905 5356 anno
953 5307 1002 5428 Eia
1016 5307 1066 5372 est,
1081 5303 1112 5357 in
1123 5302 1209 5357 Gallia
1222 5306 1250 5356 et
1264 5302 1411 5357 Gennania
1426 5303 1508 5373 palene
1522 5301 1659 5357 abolitum
1672 5301 1769 5359 fuerit.

83 5370 101 5419 7
126 5366 246 5433 tusum,
279 5371 308 5422 et
338 5370 390 5422 572
414 5368 519 5424 Christi
540 5373 642 5444 scripta
665 5372 752 5426 fuisse
778 5373 904 5444 reperio·
978 5390 1010 5428 oc
1022 5390 1114 5429 ιιιιιιιιι
1128 5373 1266 5428 duntaxat
1278 5373 1448 5429 sanctissimi
1461 5373 1602 5444 pontilicis
1615 5373 1771 5444 scriptum·

83 5441 145 5518 tur,
161 5452 220 5507 quo
232 5444 360 5510 tempore
371 5440 491 5494 loannes
504 5457 576 5513 papa
585 5444 646 5513 jam
658 5442 688 5497 in
700 5443 770 5497 vivis
782 5460 841 5499 esse
854 5445 904 5500 de·
954 5444 1191 5511 commentitium,
1206 5445 1350 5516 germanis
1362 5445 1489 5516 ejusdem
1503 5444 1629 5516 epistolis
1642 5443 1770 5516 deperdi-

84 5508 438 5592 srerat.·Secundo,·quod
458 5518 526 5594 nota
544 5513 683 5569 consulari
703 5515 839 5586 insignita
857 5517 904 5599 sit,
953 5517 998 5585 tis,
1012 5522 1132 5585 exstare,
1152 5517 1335 5571 vehementer
1354 5523 1397 5572 est
1413 5516 1568 5573 dolendum
1583 5516 1664 5588 (Viae
1681 5516 1769 5570 Boso-

125 5596 146 5661 ιι
163 5579 211 5634 hrs
234 5582 409 5654 temporibus
426 5584 552 5654 epistolae
570 5585 720 5657 pontiliciae
742 5588 905 5660 consignari
953 5590 1030 5643 nium
1044 5603 1116 5643 enno
1132 5591 1194 5658 572,
1207 5604 1281 5644 nam.
1297 5589 1333 5660 3).

104 5654 243 5709 cererem.
255 5650 360 5724 Tertio,
374 5655 449 5726 quod
459 5655 490 5710 in
502 5671 535 5710 ea
547 5657 684 5712 scribatur
696 5657 799 5715 Unum
813 5661 906 5715 etCle-

84 5721 254 5782 ruminae
266 5728 378 5782 nutum
390 5726 619 5801 champiaoposs
634 5744 691 5805 ‘1¹10
704 5735 801 5789 emen
813 5730 906 5787 omnis
953 5659 1779 5801 W.

84 5792 334 5877 memuqnas
351 5796 521 5874 serireorum
537 5800 768 5878 optumumst
787 5803 818 5862 aa
831 5802 906 5860 noan
953 5762 1120 5864 salaai„
1226 5763 1283 5815 ⁹²¹¹
1330 5753 1434 5801 ΗΜ
1460 5752 1515 5827 aa
1536 5761 1605 5801 ιω
1624 5762 1637 5798 ³
1657 5759 1729 5814 scre
