3884 6150
70 291 139 347 laet
447 294 630 350 JUSTlNlANl
649 296 754 352 lanas
771 297 938 354 SELECTAE.
959 301 1021 354 ΗΒ.
1044 303 1064 368 1,
1084 302 1147 356 ΤΙΤ.
1168 302 1215 371 111,
1235 302 1301 358 lex
1320 303 1385 358 [ΙΙΙ.
1531 219 1541 268 ι
1680 309 1746 362 lodo

67 397 152 451 dibus
167 395 302 452 institutis
316 396 456 467 judicium
469 416 552 456 suum
573 403 800 475 oppugnandum
815 405 882 460 reli·
933 406 1098 479 hujusmodi
1109 409 1365 480 gubernationibus
1378 408 1494 465 sibimet
1500 409 1694 483 acquisierint,
1702 412 1747 467 vel

67 491 174 561 quisse,
190 489 333 545 sancimus
355 492 496 562 ejusmodi
517 498 546 549 et
563 497 652 551 talem
674 496 883 554 institutionem
933 501 955 555 si
968 501 1021 556 boc
1033 503 1173 558 committi
1186 504 1221 558 ab
1237 504 1291 560 alio
1307 505 1511 573 consenserint,
1525 509 1554 560 et
1565 521 1624 561 non
1638 505 1745 578 gravis·

66 583 181 654 pietatis
196 582 301 638 intuitu
316 585 423 653 valere,
435 589 533 643 etnou
549 604 611 642 esse
627 590 831 661 respuendam.
847 621 882 633 -
931 595 1094 667 simapoena
1104 596 1376 653 etinterminatione
1392 598 1469 670 quod
1478 615 1630 672 perperam
1639 600 1747 655 iactum

66 674 117 748 §t
133 675 190 732 Sed
205 681 234 730 et
245 677 268 730 si
282 693 424 749 pauperes
437 679 555 752 quidem
577 681 722 754 scripserit
741 683 881 756 haeredes,
931 694 973 743 est
987 689 1122 745 studeant
1132 690 1288 763 corrigere.

66 773 96 824 et
106 785 165 824 non
175 769 452 828 inveniaturcertum
462 775 729 848 ptochotrophium,
742 778 786 832 vel
796 783 882 834 certa
1280 813 1344 867 LEX
1360 812 1392 867 [Η

67 863 194 918 ecclesiae
204 879 355 936 pauperes,
363 865 397 920 dc
405 867 509 938 quibus
515 871 631 924 testator
646 871 822 942 cogitaverit,
832 868 886 927 sed

66 956 120 1010 sub
132 956 243 1011 incerto
261 958 398 1013 vocabulo
411 976 554 1032 pauperes
568 963 677 1019 fuerint
693 964 823 1019 heredes
837 964 881 1019 in·

67 1048 169 1118 stituti‚
187 1049 271 1105 simili
286 1051 414 1106 modoet
433 1054 597 1124 hujusmodi
612 1056 820 1113 institutionem
833 1073 880 1112 va·

66 1142 127 1196 lere
143 1143 337 1199 decernimus.
353 1176 387 1186 -
405 1145 459 1217 §2
473 1148 507 1201 Et
518 1148 541 1202 si
552 1148 667 1220 quidem
681 1149 806 1221 captivas
818 1151 884 1205 scri-
898 1206 913 1221 .

66 1236 156 1307 pserit
164 1237 292 1292 haeredes
300 1238 431 1306 civitatis,
447 1240 477 1294 in
486 1257 543 1312 qua
556 1244 677 1298 testator
686 1244 776 1298 larem
786 1244 882 1299 lasere

65 1344 98 1382 ac
112 1328 216 1399 degere
233 1330 368 1398 noscitur,
380 1332 529 1405 episcopus
538 1338 567 1388 et
585 1351 752 1391 oeconomus
762 1336 883 1392 haeredi-

66 1425 158 1476 tatem
169 1423 334 1495 suscipiant,
343 1425 549 1482 etomnimodo
557 1428 586 1482 in
600 1428 830 1502 redemptionem
840 1446 884 1485 ca-

65 1514 211 1586 Pfiv⁰fflm
225 1517 362 1588 1'1'000dat
374 1519 535 1589 haeredim’
551 1521 609 1576 Sim
619 1539 670 1595 per
679 1539 791 1579 annum
805 1524 883 1578 redi*
932 1577 1001 1628 runt
1010 1574 1111 1629 eadem
1120 1575 1215 1629 iuerat
1225 1574 1344 1646 quaestia
1354 1573 1745 1645 exorta‘lSancimusitaque,

64 1612 122 1676 tus,
136 1609 193 1662 sive
209 1626 261 1680 per
273 1611 468 1666 venditionem
480 1615 630 1670 mobilium
651 1632 701 1672 scu
716 1633 746 1671 se
764 1632 882 1672 moven-
953 1667 983 1677 ,,
1330 1667 1334 1677 .
1409 1666 1414 1676 .
1481 1670 1492 1720 ι
1565 1667 1596 1721 sb
1663 1666 1667 1675 .
1737 1669 1750 1720 t

66 1701 142 1756 tium
166 1718 263 1756 rerum
283 1704 341 1758 sit:
372 1706 450 1760 nullo
473 1708 588 1778 penitus
602 1724 635 1762 cx
655 1710 709 1764 boc
730 1710 819 1781 lucro,
840 1710 884 1766 vel
932 1683 1000 1770 vim
1021 1667 1267 1723 reverendfflmls
1291 1683 1478 1739 ⁰p¹⁵⁰⁰p¹⁸'e
1512 1683 1562 1739 pre
1597 1672 1694 1738 μω
1719 1682 1735 1720 ⁰

9 1808 12 1816 .
356 1797 361 1807 ·
849 1803 854 1814 .
933 1759 1062 1816 diaconis
1075 1759 1125 1833 qui
1133 1761 1188 1815 tale
1196 1760 1338 1833 peculium
1348 1760 1428 1832 quasi
1437 1763 1580 1814 castrense
1590 1759 1745 1831 possident,

66 1810 227 1865 oeconomo,
249 1797 293 1851 vel
318 1813 462 1870 episcopo,
484 1802 529 1856 vel
550 1806 735 1858 sacrosanctas
757 1805 921 1885 ecclesiaeB

66 1888 270 1959 relinquendo.
284 1890 312 1945 Si
326 1891 403 1945 enim
413 1896 531 1965 propter
543 1895 597 1950 hoc
610 1912 626 1950 e
641 1896 756 1967 speciali
766 1897 881 1953 haerede
932 1853 1071 1956 super.hi⁸
1085 1855 1287 1910 tantummdo
1309 1853 1394 1957 rebus
1414 1869 1478 1925 (μω
1498 1868 1579 1923 quam
1596 1855 1746 1907 emmas„

931 1948 1024 2019 peculi
1035 1953 1110 2015 sunt,
1121 1964 1177 2001 non
1201 1948 1293 2002 solum
1307 1947 1408 2002 ultima
1421 1945 1578 2001 concedere
1589 1944 1747 2000 secundum

66 1986 273 2051 recessumeSt'
288 1986 388 2039 mmm
402 1985 532 2042 Falcidiae
547 1988 621 2043 mm
635 1989 797 2059 inducam*
814 2007 882 2062 (Μ’
931 2039 1008 2112 leges
1020 2041 1112 2112 elogia
1129 2041 1215 2096 licere
1233 2040 1321 2113 (quod
1342 2057 1376 2095 er
1395 2039 1523 2095 leonina
1545 2039 1746 2094 constitutione
1798 2047 1801 2052 '

65 2074 155 2128 modo
167 2074 321 2131 terendum
335 2081 386 2145 est,
401 2079 466 2147 hoc,
484 2082 561 2152 quod
577 2081 608 2137 in
626 2098 740 2138 sacrum
761 2084 880 2154 venerit,
931 2133 1099 2205 demmin,
1113 2134 1165 2189 sed
1179 2134 1267 2189 enam
1280 2150 1379 2189 eorum
1395 2134 1681 2188 ultimasvolunme,
1696 2146 1745 2186 su.

86 2183 119 2221 cr
131 2168 285 2224 Falcidiam
299 2171 343 2225 vei
356 2171 442 2226 aliam
453 2174 633 2229 occasionem
683 2176 742 2231 'nui
778 2208 813 2218 -
872 2219 879 2232 .
1018 2227 1022 2237 ,
1327 2226 1332 2237 ι
1444 2226 1448 2236 Ι
1542 2226 1547 2237 ,

65 2183 397 2320 dbiausemindistincte
405 2282 548 2337 pauperes
558 2192 730 2340 scriptglunt
740 2176 879 2342 donadei,
930 2243 983 2330 W
995 2227 1039 2281 ¹¹¹⁸
1053 2227 1256 2282 mmmm⁰d⁰
1266 2227 1380 2282 hamas
1393 2226 1428 2282 de
1441 2227 1602 2281 ¹¹¹⁰ffi⁰¹⁰⁸⁰
1620 2225 1745 2297 querela

65 2352 106 2407 ibi
119 2370 264 2411 xenonem
279 2357 340 2428 ejus
359 2358 477 2415 civitatis
494 2361 662 2417 omnimodo
681 2363 881 2419 hereditatem
930 2336 1050 2375 numm
1063 2320 1310 2468 sungicierss'ODmt'i
1323 2320 1396 2375 ΝΜ
1422 2319 1570 2469 ἓθὺέἒΞΓἿ
1592 2320 1656 2388 ΕΡἾ
1680 2320 1746 2390 pm

66 2447 203 2516 nancisci,
220 2452 881 2530 etperxenodochuminaegrotantesfieripa·
930 2428 1001 2469 ⁰⁰⁵*
1017 2414 1124 2486 Lampa
1177 2429 1193 2468 θ
1243 2429 1287 2468 m
1310 2429 1460 2482 ⁸³³nn0’
1527 2452 1535 2468 ⁰

65 2541 194 2597 trimanii
208 2542 451 2615 distributionem,
463 2549 620 2603 secundum
631 2550 708 2622 quod
718 2550 748 2604 in
763 2551 880 2622 captivis
1277 2534 1341 2588 LEX
1357 2533 1400 2588 Η·

65 2634 276 2706 constituimus,
289 2638 333 2691 vel
345 2655 398 2709 per
409 2640 557 2695 redituum
570 2642 719 2697 annalium
735 2643 878 2714 erogatio·
966 2644 1046 2698 idem
1058 2644 1203 2716 Angustus
1217 2644 1321 2699 loanni
1329 2645 1361 2699 P.
1378 2645 1408 2698 P.

66 2743 145 2794 nem,
161 2728 204 2782 vel
214 2745 268 2799 per
276 2730 473 2787 venditionem
483 2750 580 2789 rerum
590 2735 754 2805 mobilium,
765 2737 809 2791 vel
817 2753 879 2792 sese
966 2736 996 2792 Si
1009 2736 1072 2808 quis
1081 2736 1112 2790 in
1122 2736 1328 2792 conscribendo
1336 2736 1590 2791 instrumentasese
1598 2733 1745 2789 confessus

968 926 1047 1001 idem
1061 928 1310 999 Augustusloanni
1323 929 1356 983 P.
1371 929 1403 982 P.

967 1022 1037 1076 Cum
1052 1020 1117 1093 lege
1130 1021 1258 1077 Leonina
1268 1020 1335 1075 viris
1348 1019 1595 1075 reverendissimis
1606 1020 1746 1093 episcopis

933 1115 962 1166 et
974 1112 1159 1184 presbyteris,
1177 1117 1206 1168 et
1218 1113 1345 1169 diaconis
1364 1112 1507 1185 peculium
1530 1113 1640 1167 habere
1665 1113 1747 1184 quasi

932 1204 1074 1255 castrense
1088 1218 1255 1257 concessum
1268 1207 1320 1271 est,
1337 1201 1477 1261 coaddito
1493 1203 1525 1255 ut
1541 1204 1570 1255 et
1582 1202 1612 1255 in
1627 1200 1689 1272 ipso
1703 1207 1746 1256 te·

932 1293 1001 1348 stari
1016 1294 1128 1365 possint
1146 1295 1330 1350 dubitabatur
1348 1295 1371 1349 si
1388 1293 1554 1365 hujusmodi
1575 1296 1747 1349 testamenta

932 1386 1057 1442 debeant
1077 1389 1111 1443 de
1127 1387 1287 1443 inofficioso
1303 1387 1421 1460 querela
1440 1387 1606 1459 expugnari,
1626 1404 1692 1442 cum
1710 1388 1745 1442 de

933 1480 1068 1535 omnibus
1082 1481 1209 1552 personis
1219 1497 1283 1552 quae
1302 1480 1468 1552 hujusmodi
1481 1479 1624 1552 peculium
1637 1495 1749 1535 merue-

65 2822 254 2891 movcntium,
273 2828 303 2877 ut
316 2841 349 2879 ex
364 2825 408 2879 his
422 2843 468 2882 res
483 2826 644 2884 immobiles
665 2836 878 2903 comparentur,
928 2829 1016 2885 luerit
1027 2845 1081 2885 aaa
1090 2845 1205 2885 asarum
1212 2832 1268 2898 sart
1273 2832 1478 2901 prascriptione
1484 2833 1596 2900 propter
1603 2828 1747 2883 sacerdotii
1855 2841 1859 2846 ·

66 2916 96 2967 et
110 2931 222 2969 annuus
235 2917 325 2972 victus
342 2920 549 2991 aegrotantibus
563 2923 687 2978 accedat.
709 2916 777 2988 Quis
799 2925 879 2981 enim
925 2926 1148 2995 praerogatiuam,
1168 2921 1312 2977 sancimus
1328 2939 1387 2977 non
1406 2922 1492 2978 licere
1508 2923 1534 2976 ei
1546 2921 1681 2977 adversus
1693 2936 1746 2976 sua

63 3009 221 3080 pauperior
235 3015 277 3064 est
293 3011 456 3069 hominibus
466 3015 516 3086 qui
526 3021 555 3070 et
567 3015 665 3088 inopia
680 3018 837 3087 tentisunt,
852 3021 880 3073 et
929 3021 1010 3089 pacta
1023 3016 1129 3084 venire,
1144 3021 1170 3072 et
1190 3015 1392 3071 contrahentes
1410 3015 1552 3089 decipere,
1567 3030 1631 3070 cuni
1646 3013 1747 3086 regula

63 3101 95 3155 in
113 3118 225 3158 xenone
246 3105 375 3177 repositi,
393 3109 422 3160 et
440 3108 498 3162 suis
516 3110 683 3181 corporibus
702 3111 877 3183 laborantes,
929 3109 966 3165 sit
976 3110 1050 3181 juris
1062 3110 1174 3183 antiqui
1191 3126 1197 3166 :
1208 3111 1302 3167 Omnes
1315 3111 1451 3165 licentiam
1464 3109 1610 3164 baberebts
1622 3123 1683 3179 qaae
1693 3122 1746 3178 pro

64 3197 258 3252 necessarium
270 3199 376 3253 victum
385 3200 436 3254 sibi
446 3217 505 3255 non
518 3207 637 3274 possunt
650 3204 773 3260 aticrre‘l
785 3204 876 3278 —§4.
889 3180 916 3256 C
928 3219 956 3259 se
970 3205 1080 3259 indulta
1093 3208 1157 3260 sunt
1169 3205 1336 3259 renuntiare.
1350 3203 1442 3266 Quam
1464 3202 1628 3274 generalem
1647 3201 1743 3272 legem

63 3288 192 3343 Licentia
210 3291 328 3345 omnino
348 3291 443 3347 danda
458 3300 487 3349 et
499 3294 529 3348 in
544 3295 649 3366 priore,
664 3300 692 3351 et
705 3297 734 3351 in
753 3298 878 3353 secunda
927 3296 958 3350 in
974 3296 1108 3351 omnibus
1126 3297 1237 3352 casibus
1256 3295 1386 3352 obtinere
1395 3295 1551 3364 sancimus,
1562 3293 1611 3366 qui
1620 3293 1744 3348 necdum

63 3381 168 3451 specie,
181 3388 209 3437 et
221 3383 366 3438 actionem
379 3401 505 3453 movere,
521 3386 655 3442 etdcbita
668 3389 792 3461 exigere,
807 3396 838 3446 ut
847 3390 878 3445 in
927 3388 1378 3460 perJ‘udicialcmsententiamssl
1388 3387 1571 3443 amicabilem
1580 3386 1744 3442 conventio·

63 3476 189 3548 captivos
208 3478 252 3531 vel
269 3477 299 3532 in
320 3482 494 3549 aegrotantes
508 3487 725 3538 consumantur.
746 3483 776 3537 Si
800 3483 877 3538 enim
927 3498 995 3537 nem
1013 3482 1098 3553 sopiti
1113 3485 1188 3536 sunt.
1201 3482 1264 3536 Dat.
1279 3482 1340 3536 llal.
1352 3480 1656 3553 Septemb.,CP.,past
1668 3495 1740 3536 coss.

62 3568 215 3624 haredum
226 3570 266 3624 eis
275 3571 356 3642 etjus
369 3576 514 3628 etnomen
523 3573 665 3644 dedimus,
672 3575 734 3630 sine
747 3576 878 3632 Falcidia
927 3576 1065 3648 Lampad.
1082 3579 1112 3631 et
1126 3575 1232 3632 Orestis
1244 3591 1288 3631 vv.
1305 3591 1345 3630 cc.
1363 3577 1424 3630 532.

62 3664 161 3716 tamen
173 3663 243 3734 legis
256 3666 464 3737 emolumenta,
476 3683 591 3722 necesse
605 3671 649 3723 est
658 3684 704 3723 eos
714 3668 812 3724 debita
823 3669 878 3724 cxi·
1264 3695 1329 3752 LEX
1347 3695 1401 3752 Η]α

63 3771 144 3828 gere,
159 3757 386 3813 etcreditoribns
399 3762 629 3831 respondere-
643 3761 658 3834 §
674 3766 699 3817 ὅ.
716 3763 766 3818 Sin
780 3768 877 3819 autem
963 3808 1042 3864 Idem
1054 3811 1199 3881 Augustus
1211 3807 1315 3863 ,oanni
1328 3809 1359 3863 P·
1373 3809 1403 3862 p.

63 3848 218 3920 ⁸mph⁰re³
230 3850 259 3904 in
270 3851 382 3907 civitam
390 3869 515 3908 ¹en⁰n⁰⁸
524 3857 567 3909 vel
580 3856 800 3927 pw⁰h⁰mphi³
809 3856 875 3925 ω’
962 3903 1138 3958 Generaliter
1146 3902 1290 3958 sancimus
1297 3917 1396 3957 omnes
1405 3898 1480 3957 siros
1486 3897 1740 3957 reverendissimos

62 3957 100 3996 ne
111 3941 221 3997 incerta
229 3943 358 3998 videatur
364 3946 551 4016 pecuniarum
565 3946 652 4016 datio,
661 3952 730 4003 tunc
742 3949 877 4005 cixenoni
965 3998 970 4008 .

17 4047 24 4056 ,
62 4035 108 4088 ve,
122 4036 354 4108 pwchomphio'
375 4039 425 4109 qui
437 4040 593 4112 pauperior
609 4058 670 4098 esse
689 4042 875 4116 dignoscitur,
926 4014 1085 4070 episcopos,
1099 4013 1151 4052 nec
1162 4013 1221 4052 non
1234 3996 1428 4068 presbyteros,
1439 3995 1576 4050 diaconm
1591 3998 1621 4049 et
1630 3995 1743 4050 subdia·

62 4127 180 4183 easdem
200 4146 246 4184 ms
268 4132 310 4184 ve,
332 4132 470 4202 pecunias
487 4135 626 4206 assignari
644 4153 805 4208 censemus,
822 4138 876 4194 hoc
925 4091 1386 4164 conos,atproecipuemonacbos,
1401 4089 1468 4144 licet
1481 4105 1538 4143 non
1557 4090 1615 4142 sint
1635 4088 1740 4158 clenc1,

61 4220 194 4283 videlicet
205 4222 382 4280 discutiendo
397 4226 481 4281 aviro
494 4229 732 4286 reverendissimo
746 4232 874 4289 locorum
924 4181 1506 4328 mmmmdemipwJuiepmneqhagers
1523 4179 1617 4326 tufa?
1628 4182 1741 4234 mm·

60 4313 188 4369 antistite
199 4320 227 4370 et
242 4316 293 4370 sub
308 4333 342 4372 eo
356 4319 515 4375 constitutis
529 4322 651 4378 clericis.
925 4283 1128 4346 mmenmoe'
1140 4293 1197 4332 sm
1213 4279 1360 4347 legmmae'
1371 4289 1427 4328 m
1462 4288 1544 4328 awae
1557 4289 1593 4341 ’θ
1620 4288 1679 4328 non
1691 4287 1723 4328 ³⁰

185 4409 190 4418 ·
534 4416 538 4424 .
591 4415 622 4427 ..
702 4417 707 4427 .
789 4418 793 4428 .
924 4372 1094 4428 lumtutela
1110 4385 1232 4426 eosesse
1253 4370 1393 4439 expertes,
1412 4365 1562 4422 sedetiam
1578 4382 1664 4434 curae,
1680 4382 1740 4422 non

97 4406 112 4479 ξ
126 4410 152 4463 6.
163 4409 212 4463 Sin
223 4414 319 4465 autem
330 4412 424 4467 nullus
431 4430 561 4468 xenonin
572 4419 686 4471 civitate
700 4421 873 4488 inveniatur,

429 4511 433 4521 ,
456 4511 461 4521 ,
570 4514 574 4524 ,
924 4467 1015 4521 solum
1037 4465 1210 4536 pupillorum
1221 4466 1250 4517 et
1272 4460 1445 4530 adultarum,
1466 4460 1516 4517 sed
1535 4465 1564 4515 et
1580 4460 1690 4530 fumosi,
1710 4465 1741 4515 et

61 4507 350 4574 tunc,secoodumde
360 4514 477 4583 captivis
487 4517 674 4616 sanctionem,
685 4520 913 4625 protemporeD
924 4559 1007 4627 mun,
1023 4563 1053 4613 e,
1063 4559 1152 4626 surdi,
1166 4560 1195 4612 e,
1210 4556 1534 4627 almumpersonaw
1547 4553 1738 4626 quibusmgo,

61 4614 227 4654 oeconomus
241 4607 426 4659 sacrosanctae
440 4606 566 4661 ecclesie
580 4609 623 4663 vel
648 4625 796 4683 episcopus
813 4610 873 4666 hae·

924 4654 1032 4724 rcs,vcl
1046 4655 1192 4708 curatores
1206 4649 1376 4705 aretaribus
1389 4648 1501 4720 legibus
1512 4647 1627 4704 dantur.
1637 4645 1697 4720 -ξ
1712 4651 1736 4703 l.

61 4692 364 4799 sfditaoeffaoeflffiass
382 4701 411 4752 θι
426 4699 487 4754 ⁸³⁰⁰
500 4700 630 4756 Falcidiae
643 4703 755 4759 mm
767 4721 874 4778 μηρὼ
924 4749 979 4803 Eos
992 4750 1090 4802 tamen
1103 4745 1220 4801 clericos
1234 4749 1263 4798 ct
1275 4742 1434 4799 monachos
1450 4739 1615 4814 hujusmodi
1630 4739 1738 4796 babere

60 4786 202 4889 ribusqui
215 4805 244 4842 in
253 4791 445 4894 civitatesunt,
455 4794 499 4897 vel
510 4795 625 4866 penitus
635 4797 874 4871 mendicantibus,
923 4840 1095 4897 beneficium
1117 4838 1270 4907 sancimus,
1285 4837 1334 4909 qui
1346 4835 1424 4909 apud
1436 4837 1632 4891 sacrosanctas
1647 4834 1736 4888 eccle-

60 4879 106 4934 sel
115 4880 169 4934 alia
177 4885 384 4940 sustentatione
398 4887 559 4957 egentibus,
571 4890 680 4946 cadem
690 4893 820 4962 pecuniae
830 4894 872 4948 di·

59 4973 247 5030 stribuantur.
261 4977 321 5050 —§
335 4983 361 5034 7.
372 4981 436 5036 Haec
447 4984 542 5038 lamen
555 4984 654 5040 amnia
665 4986 761 5041 lacum
767 4987 873 5042 habere

58 5066 213 5138 sancimus,
230 5071 345 5142 quando
359 5089 418 5128 non
431 5076 501 5130 certi
522 5078 641 5132 xenonis
662 5079 707 5133 vel
719 5080 788 5134 certi
809 5083 872 5152 pto·

58 5160 231 5233 chotrophii,
249 5166 292 5219 vel
306 5170 391 5221 certa
405 5169 530 5225 ecclesiae
541 5172 701 5228 nominatio
714 5177 873 5230 ateststore

924 4935 988 5004 sias,
1002 4935 1047 4990 rel
1060 4932 1234 4989 monasteria
1243 4932 1489 5003 permanent,non
1503 4927 1679 5000 divagantes,
1690 4944 1739 4984 ne·

924 5045 980 5101 que
990 5027 1063 5084 circa
1071 5027 1168 5082 divina
1177 5024 1339 5082 ministeria
1351 5021 1464 5079 desides
1469 5039 1478 5092 3
1488 5022 1737 5094 cumprepterhoc

922 5125 1016 5198 ipsum
1033 5122 1202 5178 beneficium
1210 5120 1251 5176 eis
1262 5118 1473 5190 indulgeamus,
1483 5121 1517 5172 ut
1528 5115 1591 5171 aliis
1606 5115 1737 5172 omnibus

923 5217 1075 5286 derelictis,
1089 5215 1140 5272 Dei
1156 5211 1360 5285 omnipotentis
1379 5210 1544 5266 ministeriis
1567 5210 1735 5266 inhaereant.

922 5344 956 5354 -
969 5311 985 5384 ἕ
997 5315 1025 5368 2.
1040 5311 1074 5366 Et
1085 5311 1140 5365 hac
1153 5325 1210 5365 non
1221 5308 1314 5364 solum
1324 5307 1354 5361 in
1364 5307 1460 5362 vetere
1475 5305 1574 5373 Roma,
1588 5304 1670 5360 celio
1682 5303 1737 5357 hac

922 5407 1002 5480 regia
1013 5406 1137 5475 civitate,
1148 5401 1199 5458 sed
1214 5407 1244 5458 et
1252 5402 1282 5456 in
1296 5400 1375 5456 omni
1387 5404 1472 5469 terra,
1487 5399 1647 5469 ubicunque
1660 5394 1741 5450 Chri·

922 5503 1082 5559 stianorum
1093 5513 1201 5555 nomen
1216 5496 1328 5564 colitur,
1338 5494 1468 5550 obtinere
1481 5492 1633 5549 sancimus.

57 5253 212 5313 subsecuta
224 5260 464 5327 est,sedincertus
480 5270 523 5320 est
532 5264 764 5335 ejussensos.Sin
774 5271 872 5323 autem

56 5348 88 5402 in
96 5364 251 5420 personam
260 5357 382 5424 certam,
393 5373 465 5412 vene
518 5358 621 5414 ilemve
633 5363 742 5416 certam
754 5361 873 5417 domum

57 5445 227 5514 respexerit,
242 5446 477 5507 sitantummodo
509 5453 688 5509 ereditatem
696 5455 872 5527 vellegatum

57 5542 223 5608 competere
230 5541 384 5612 sancimus,
398 5545 478 5600 nulla
492 5546 614 5603 Falcidia
627 5564 681 5603 nec
692 5549 722 5604 in
732 5549 872 5623 hacparte
893 5610 900 5623 Ι

55 5627 266 5687 intercedente.
282 5663 316 5675 -
328 5633 344 5708 ξ
358 5639 385 5692 8.
401 5639 433 5692 ln
447 5640 581 5696 omnibus
593 5645 691 5698 autem
708 5643 872 5715 huiusmodi
1256 5617 1320 5674 LEX
1333 5616 1404 5672 Μ’

55 5724 168 5780 casibus
190 5726 319 5783 celestes
338 5729 501 5790 iracundias
514 5740 761 5795 sacrosanctarum
773 5755 873 5796 rerum
956 5739 1037 5808 idem
1045 5731 1299 5810 augustustoenni
1314 5733 1345 5786 P.
1360 5731 1391 5785 P.
1576 5813 1581 5830 ἣ

53 5818 301 5879 administratores
309 5831 475 5898 exspectent
483 5829 507 5886 si
513 5833 830 5906 qualecunquelucrum
839 5850 872 5891 aa
957 5835 1105 5892 Sancimus
1114 5830 1263 5886 neminem
1276 5823 1404 5889 omnino,
1416 5832 1510 5891 neque
1523 5821 1672 5889 curialem,
1688 5834 1736 5874 ne-

158 5918 296 5989 Parnoi..
324 5923 443 5992 hlxll.
864 5985 872 6003 ,
1540 5923 1582 5979 ³⁴
