3884 6150
67 300 122 360 629
616 301 643 356 S.
664 297 851 358 bonactus,
871 328 905 344 -·
924 297 968 359 DE
986 299 1013 357 S.
1033 298 1201 362 bootem.
1699 311 1751 370 830

659 428 722 486 Hae
735 429 822 486 oratio
830 431 895 501 pest
908 427 1034 486 litaniam
1047 430 1164 488 conitar.

101 538 261 613 liagniflcis
277 537 463 611 mirificisque
485 535 664 594 orationibus
681 540 768 609 atque
794 537 907 594 meritis
935 540 1144 595 recensitorum
1163 539 1405 612 patriarchamm,
1426 543 1634 616 prophetarum
1663 549 1749 621 atqua

66 632 278 702 apostolorum,
290 629 540 701 plurimorumque
556 630 728 700 martyrum,
743 629 787 683 vel
800 629 968 693 electorum,
980 633 1067 702 atque
1080 631 1278 693 consessorum
1290 631 1433 701 omnium,
1447 633 1573 705 petimus
1583 639 1611 690 et
1621 653 1749 708 oramus,

66 724 100 775 ut
113 720 363 792 quemadmodum
376 736 478 775 eorum
492 718 612 774 nomina
623 719 668 774 vel
680 719 854 774 memoriam
866 719 897 775 in
912 719 966 774 hoc
979 721 1082 775 saeeulo
1098 737 1262 776 memorare
1275 724 1305 777 et
1322 722 1444 777 recitare
1458 724 1687 795 frequentamus,
1708 727 1750 783 ita

68 813 158 882 atque
173 809 228 882 ipsi
240 826 292 881 pro
312 809 395 865 nobis
415 809 444 864 in
467 809 566 882 regnis
586 809 747 865 caelestibus
767 809 931 866 affectuales
952 825 985 864 ae
1003 809 1129 880 privatas
1151 826 1252 882 preces
1274 812 1397 867 sundere
1417 812 1583 884 dignentur,
1607 820 1671 870 uta
1691 818 1749 873 Deo

67 899 185 954 veniam
199 888 229 955 e‘t
242 900 454 970 indulgentiam
469 899 625 970 impetrare
644 902 731 971 etque
752 899 895 968 obtinere,
910 903 940 955 et
958 916 1059 956 eorum
1079 900 1302 957 desiderandam
1322 905 1351 956 et
1365 902 1560 973 aspiciendam
1575 905 1701 976 speciem
1720 910 1752 961 et

70 989 197 1059 gloriam
209 989 239 1045 in
253 1006 344 1061 regno
357 990 409 1046 Ilei
423 990 531 1058 videre,
547 993 576 1046 et
588 989 772 1062 congaudere
787 1007 964 1058 mercamur,
979 994 1133 1063 praestante
1147 993 1270 1047 Domino
1285 996 1385 1048 nestro
1411 994 1477 1049 lesu
1497 993 1619 1062 Christo,
1644 995 1690 1051 cui
1706 999 1751 1051 est

69 1079 175 1149 honor,
187 1084 217 1135 et
227 1083 362 1154 potestas,
378 1083 408 1136 et
419 1079 574 1152 imperium
590 1097 647 1137 una
662 1097 728 1137 eum
741 1082 824 1137 Patre
835 1085 921 1154 atque
937 1079 1044 1156 Spiritu
1060 1085 1158 1138 saneto
1169 1082 1200 1138 in
1215 1084 1320 1138 saecula
1332 1083 1513 1139 soeculorum.
1528 1085 1632 1140 Amen.

716 1462 799 1510 ΔΝΝΟ
830 1461 939 1510 bomar
970 1462 1105 1509 DliXXVl·

209 1617 779 1823 SANCTUS
869 1618 1620 1850 bonactus,

439 1923 803 2039 EPISCOPUS
852 1925 1388 2038 CENOMANENSIS.

246 2277 393 2420 llll
461 2275 914 2424 811ΝοΤο
987 2275 1580 2446 bombum,

490 2500 699 2589 aratore
733 2501 1056 2610 CENOMANENSI,
1084 2503 1132 2590 IN
1166 2500 1339 2591 oliab.

791 2665 841 2737 (Ex
860 2665 1029 2738 Bollandio.)

176 2936 192 3010 §
206 2939 227 2991 l.
245 2938 311 2995 Vite
321 2937 434 3007 scripto,
450 2936 634 3000 colluctator,
647 2936 778 3007 reliquie.
897 2952 955 3025 Ba
969 2937 1078 2992 loanne
1088 2936 1194 2993 bordei
1205 2939 1390 3008 procuratam
1407 2937 1437 2992 et
1450 2935 1629 2993 aGniliclmo
1640 2934 1754 3002 Quirini

102 3035 130 3087 l.
147 3032 227 3087 later
239 3030 389 3102 episcopos
402 3030 634 3086 Cenomanenses
646 3029 677 3085 in
689 3029 780 3085 Gallia
793 3046 886 3086 nonus
937 3030 1146 3100 transmissam,
1158 3033 1281 3104 utroque
1293 3033 1399 3087 nostrae
1407 3030 1552 3086 societatis
1562 3031 1711 3087 sacerdote
1725 3035 1755 3087 ct

60 3125 492 3193 habetursanctusbomnolus,
505 3123 562 3178 sive
572 3124 729 3193 Donnolus,
740 3123 887 3196 cujusior·
935 3125 1097 3181 studiorum
1117 3128 1284 3181 nostrorum
1301 3124 1510 3181 amantissimo.
1527 3125 1592 3180 llaec
1608 3125 1672 3181 Vita
1688 3129 1754 3197 post

60 3220 105 3274 tia
114 3219 228 3275 iaetaet
233 3220 371 3291 praeclara
378 3219 507 3289 trophaea
518 3234 582 3291 quae
590 3217 887 3289 novitsuaoetateper-
935 3218 1073 3290 priorem,
1083 3218 1314 3290 cujusmeminit,
1322 3219 1476 3290 scriptaest
1486 3235 1520 3274 eo
1530 3218 1712 3289 potissimum
1722 3223 1756 3275 ut

60 3316 192 3385 petrata,
208 3312 313 3384 scripto
329 3313 444 3384 reliquit
458 3315 559 3367 auctor
569 3312 648 3380 Vitae,
665 3311 714 3384 qui
727 3327 793 3367 cum
806 3329 840 3368 eo
854 3312 885 3368 in
935 3312 1128 3383 possessiones
1141 3314 1251 3368 collatae
1261 3312 1439 3368 monasterio
1448 3312 1540 3367 saneti
1548 3311 1690 3367 Vincentii
1704 3328 1750 3367 ae-

61 3409 121 3464 hac
133 3406 200 3462 vita
212 3406 342 3462 mortalis
354 3406 589 3478 peregrinatione
602 3405 760 3478 plurimum
775 3422 804 3460 sc
820 3422 886 3461 con·
936 3406 1061 3461 curatius
1073 3405 1293 3478 explicarentur.
1305 3405 1355 3463 Cui
1373 3404 1573 3476 subjungimus
1592 3408 1752 3460 testamen·

61 3499 446 3557 versatumessatestaturin
454 3498 830 3572 prolego,additque,num.
841 3502 884 3570 10,
935 3498 1753 3571 tumsanetillomnolipermodumobtestationiscircail·

61 3613 94 3651 se
110 3611 221 3650 caeeum
228 3595 289 3666 ejus
298 3593 409 3649 meritis
418 3591 613 3649 illuminatum
622 3593 833 3665 saepiusvidisse
845 3595 886 3648 at·
934 3592 985 3648 lud
993 3593 1203 3648 monasterium
1210 3592 1293 3648 laetae
1299 3594 1375 3648 clero
1385 3591 1518 3647 Ecclesiae
1525 3608 1594 3660 suae,
1608 3593 1689 3664 cujus
1700 3595 1753 3648 tes·

62 3705 124 3761 que
141 3689 178 3743 ab
192 3689 242 3743 illo
259 3689 341 3760 plura
350 3687 406 3743 alia
418 3687 470 3742 viri
479 3687 569 3743 saneti
579 3687 718 3742 miracula
737 3686 883 3757 didicisse,
935 3687 1057 3741 tamenti
1065 3687 1188 3742 alterum
1199 3687 1349 3758 exemplar
1361 3686 1475 3758 pridem
1487 3685 1675 3755 habebamus,
1684 3687 1753 3742 alte-

62 3780 885 3854 etsubilnemasseritenergumenumadsepulcrumeJus
935 3780 1754 3849 rumoxlls.R.P.Lud0vieilaeobasanetoCaroIO,ordi·

63 3879 216 3946 sanatum,
231 3875 329 3930 multis
342 3874 426 3929 annis
443 3891 546 3930 sanum
563 3891 662 3929 seeum
680 3873 883 3946 permansisse,
934 3873 980 3930 nis
988 3874 1174 3932 Carmelitani
1181 3873 1341 3944 sacerdote,
1350 3873 1405 3946 ipsi
1413 3873 1529 3930 Parisiis
1538 3873 1750 3947 descripsimus.

64 3971 128 4026 imo
143 3973 202 4024 tres
224 3986 323 4037 caeos,
344 3985 374 4023 se
395 3972 571 4040 aspectante,
594 3969 656 4022 lucc
676 3966 884 4040 redintegrata,
970 3969 1147 4024 2.llortuum
1161 3971 1361 4024 essesanctum
1371 3968 1688 4024 Domnolumllalendis
1700 3970 1754 4025 lle·

63 4063 227 4119 incolumes
238 4062 352 4130 abiisse,
368 4065 396 4117 et
405 4063 511 4117 multos
521 4062 593 4117 alios
603 4060 711 4117 morbis
724 4062 845 4117 afflictos
855 4078 885 4116 se
934 4062 1059 4118 cambris
1072 4062 1203 4118 iudicant
1213 4063 1293 4131 Aeta,
1310 4063 1347 4117 ad
1362 4079 1449 4134 quem
1463 4061 1541 4118 diem
1557 4061 1632 4117 illius
1645 4063 1751 4118 sosium

63 4157 262 4228 conspiciente
277 4157 399 4225 venisse,
411 4172 518 4228 eosque
528 4156 605 4211 beati
615 4154 667 4210 viri
680 4155 792 4211 meritis
800 4172 885 4210 sanos
935 4155 1130 4212 anniversaria
1139 4156 1305 4211 celebritate
1312 4155 1751 4224 recolituraCenomanensibus,

64 4251 135 4306 inde
147 4250 283 4306 recedere
297 4250 410 4305 vidisse.
425 4250 489 4305 Fuit
513 4253 612 4304 autem
632 4249 655 4304 is
678 4266 713 4304 cx
734 4249 886 4324 praecipuis
935 4253 965 4305 et
976 4249 1125 4306 saussaius
1137 4250 1168 4305 in
1182 4249 1385 4322 Martyrologio
1396 4248 1543 4305 Gallicano
1559 4249 1614 4303 ista
1627 4247 1727 4303 scribit
1742 4264 1750 4304 ι

64 4343 195 4399 eeclesiae
211 4343 383 4399 cathedralis
398 4342 583 4415 presbyteris,
599 4342 677 4397 unde
690 4342 816 4397 ccclesiae
831 4357 922 4432 noc
937 4365 951 4394 a
958 4344 1131 4405 Cenomanis
1139 4342 1281 4416 depositio
1288 4342 1378 4398 sancti
1391 4341 1535 4408 Domnoli,
1544 4341 1752 4413 episcopiillius

65 4441 134 4493 strae
149 4437 227 4493 bona
242 4437 375 4491 restituta
387 4441 415 4491 ct
427 4436 508 4490 villas
521 4435 639 4504 indicat,
654 4451 734 4490 num.
753 4439 795 4502 ll,
811 4438 843 4490 15
856 4437 886 4490 et
934 4436 1051 4491 urbiset
1065 4435 1246 4504 confessoris,
1262 4435 1342 4506 cujus
1352 4434 1447 4506 elogia
1468 4449 1602 4505 expressa
1622 4437 1690 4488 sunt
1704 4433 1751 4491 die

67 4535 117 4598 183
140 4531 291 4602 ipsamque
308 4531 403 4585 Vitam
422 4529 548 4601 vulgavit
566 4530 618 4585 sub
642 4527 775 4600 auspiciis
795 4528 885 4584 saneti
935 4530 996 4601 ejus
1009 4528 1209 4597 ordinationis,
1225 4528 1333 4583 seilicet
1348 4531 1379 4583 16
1395 4526 1480 4583 Maii:
1497 4543 1555 4599 qua
1574 4527 1621 4583 die
1642 4526 1750 4584 ibidem

65 4623 213 4681 lladoindi
237 4623 363 4696 episcopi
382 4623 619 4690 Cenomanensis,
643 4621 719 4677 inter
746 4638 833 4693 quem
857 4624 887 4677 ct
936 4622 1086 4679 celebriori
1100 4624 1177 4678 cultu
1191 4621 1252 4693 ejus
1266 4625 1310 4677 cst
1323 4607 1439 4677 illiistris
1461 4619 1615 4677 memoria.
1634 4643 1649 4672 »
1671 4621 1751 4678 ldem

65 4721 200 4775 sanctum
215 4718 390 4774 Domnolum
412 4718 529 4771 inerunt
550 4715 729 4786 Badegisilus
747 4718 777 4770 et
796 4715 885 4771 Berti·
936 4717 1084 4772 Saussaius
1095 4715 1131 4771 ad
1148 4718 1179 4771 16
1196 4715 1270 4784 lllaii,
1295 4719 1361 4788 post
1378 4717 1498 4787 longum
1515 4715 1679 4771 encomium
1698 4715 1752 4770 ista

65 4829 217 4885 gramnus.
229 4811 323 4867 Vitam
334 4811 424 4867 sancti
439 4810 581 4866 Hadoindi
593 4809 726 4865 dedimus
739 4808 886 4883 (Bolloed.)
936 4811 1024 4866 habet
1039 4827 1046 4865 ε
1065 4831 1079 4860 a
1092 4809 1170 4865 Abiit
1184 4809 1302 4882 quidem
1318 4809 1360 4864 vir
1373 4809 1484 4866 divinus
1504 4809 1541 4865 ad
1562 4825 1680 4881 superos
1696 4809 1750 4864 lia-

65 4906 95 4962 in
111 4905 254 4962 addendis
274 4906 311 4961 ad
325 4909 359 4961 10
377 4905 455 4960 diem
475 4903 603 4960 ianuarii
625 4920 691 4958 cum
709 4903 770 4976 ejus
789 4904 885 4960 Testa·
936 4904 1030 4960 lendis
1046 4903 1220 4972 Decembris,
1237 4903 1351 4976 quodie
1363 4908 1392 4960 et
1404 4905 1434 4959 in
1449 4903 1536 4959 saeris
1549 4903 1750 4958 Cenomanen-

65 5003 178 5068 mento,
194 5000 223 5054 in
239 5016 306 5072 quo,
325 5016 405 5055 num.
425 5002 451 5067 3,
477 4998 601 5054 basilicae
624 4997 715 5053 sancti
732 4997 884 5066 Vincentii,
937 4998 974 5053 sis
986 4998 1117 5053 Ecclesiae
1125 4998 1380 5054 tabulismemoria
1391 4998 1452 5069 ejus
1461 4997 1563 5068 iulget,
1572 4996 1688 5068 proprio
1696 4997 1753 5052 cul-

66 5112 157 5169 quam
168 5095 326 5150 Domnolus
337 5096 443 5149 sanctae
455 5091 663 5148 reeordationis
677 5091 827 5163 episcopus
835 5108 885 5147 suo
936 5096 967 5147 tu
979 5092 1268 5164 consignatavorum
1274 5090 1542 5147 Romanaomnium
1552 5094 1647 5145 mater
1658 5091 1755 5146 Eccle-

67 5188 342 5258 laboreconstruxit,
351 5188 440 5243 dorrat
446 5187 610 5259 pratellum,
618 5185 885 5256 jurissuivillulam,
936 5185 1043 5241 siarum
1052 5185 1139 5242 hodie
1150 5202 1261 5242 sacram
1271 5185 1333 5255 ejus
1345 5200 1484 5240 coronam
1503 5184 1753 5254 veneratur,tanti

66 5288 96 5340 ut
116 5285 162 5339 vel
179 5283 247 5338 inde
269 5283 330 5355 ejus
346 5299 416 5354 erga
431 5284 562 5337 sanctum
577 5279 752 5335 Domnolum
767 5278 887 5334 allectus
937 5280 1070 5335 antistitis
1086 5280 1310 5349 ordinationem,
1327 5281 1381 5334 etc.
1393 5300 1407 5329 a
1419 5280 1526 5334 Verum
1544 5280 1622 5334 nulla
1639 5279 1754 5335 ordina-

66 5383 155 5452 queat
172 5376 301 5449 agnosci.
318 5376 387 5433 Vitia
403 5376 507 5448 stylum
523 5374 656 5430 nonnihil
666 5389 696 5428 sc
713 5373 885 5428 emendasse
936 5373 1138 5430 tionismeutio
1153 5374 1186 5428 lit
1197 5374 1227 5428 in
1241 5373 1444 5447 llartyrologio
1455 5374 1598 5443 Romano,
1613 5376 1663 5428 aut
1676 5370 1752 5444 apud

66 5473 106 5528 ait
121 5472 331 5545 Surius,quam
342 5470 409 5525 inde
425 5469 528 5524 danius
544 5472 642 5524 nostro
657 5467 745 5523 modo
760 5466 885 5522 illustra·
935 5469 1091 5536 Molanum,
1109 5466 1285 5523 Galesinium
1302 5467 1448 5525 Canisium
1463 5471 1493 5524 et
1510 5468 1591 5536 alios,
1607 5462 1753 5522 sedanda

67 5572 126 5623 tam
138 5570 168 5622 et
184 5566 359 5636 distinctam,
378 5565 446 5638 quia
460 5562 643 5636 primogenio
664 5562 737 5634 stylo
747 5561 886 5618 hactenus
936 5561 1080 5616 memoria
1089 5560 1260 5633 proponitur
1271 5562 1326 5618 hoc
1341 5565 1372 5618 16
1385 5562 1459 5632 llaii,
1467 5562 1544 5635 apud
1556 5562 1750 5626 Cenomanos,

67 5659 495 5734 nonpetuitapudConomanos
505 5656 638 5724 inveniri,
650 5655 888 5727 magnalicetad·
937 5654 1028 5710 sancti
1038 5654 1172 5710 Domnoli
1187 5655 1323 5728 episcopi.
1334 5657 1401 5725 Nos,
1413 5657 1490 5730 quod
1504 5659 1533 5709 et
1551 5651 1649 5709 Sarius
1669 5649 1749 5720 lecit,

68 5755 159 5810 hibita
170 5753 331 5826 diligentia.
343 5752 424 5808 lliscc
433 5751 618 5823 adjungimus
628 5750 714 5805 aliam
724 5749 886 5805 breviorem
938 5749 998 5820 ejus
1012 5748 1101 5805 vitam
1115 5749 1152 5804 ad
1166 5750 1243 5805 hunc
1259 5749 1336 5807 diem
1352 5751 1465 5805 damus.
1476 5751 1600 5807 loannes
1615 5743 1750 5802 Bondon·

69 5847 164 5905 l'itam
177 5865 212 5905 ex
222 5849 334 5905 vetusto
347 5845 450 5904 Codice
463 5843 632 5903 monasterii
643 5842 791 5901 Anisolani
803 5843 887 5901 nobis
937 5845 1031 5913 nctus,
1040 5842 1210 5901 monasterii
1225 5840 1603 5902 sanctitincentiiasaneto
1612 5840 1762 5898 burensis
