3884 6150
132 279 200 332 ¹069
502 272 684 330 11]anth
703 272 808 329 hears
825 271 992 330 shbncrn.
1013 271 1077 328 ΗΒ.
1097 270 1118 340 l,
1137 270 1200 326 TIT.
1220 269 1265 339 Ill,
1286 269 1351 326 bsx
1368 269 1433 326 nvi.
1738 275 1805 329 ¹07⁰

129 400 187 450 eos,
216 382 319 438 liberos
348 382 489 454 suscipere
516 382 634 438 minime
659 385 777 437 coactos.
810 380 944 437 Eamdem
953 378 1179 469 Alegitimas,et
1184 378 1243 450 juri
1253 378 1381 451 cognitas
1390 375 1583 450 probationes,
1592 375 1653 430 sine
1662 375 1805 448 sortipra-

131 492 245 549 quoque
258 475 329 546 legis
342 475 521 548 positionem,
535 480 564 530 et
576 475 606 530 in
621 474 789 530 mulieribus
801 473 944 547 virginita-
993 473 1155 546 scriptione,
1171 472 1327 527 durissimis
1341 471 1430 545 poenis
1441 470 1574 539 alliciant,
1586 475 1615 525 et
1628 470 1727 525 mortis
1739 487 1804 527 con·

129 575 189 625 tem
202 568 342 640 professis,
357 575 385 625 et
402 586 506 625 uxores
519 568 622 625 ducere
638 568 803 624 omnimodo
816 567 943 640 prohibi·
994 569 1129 625 damnent
1140 565 1288 640 supplicio.
1299 568 1376 621 Bona
1389 570 1485 621 annm
1502 581 1611 635 eorum,
1623 564 1647 620 si
1659 564 1713 620 hoc
1727 581 1804 620 com-

129 661 412 719 tisreverendissimis
421 662 531 718 clericis
540 661 719 718 extendimus
728 665 756 716 et
769 661 943 733 reponimus,
993 663 1112 718 missum
1124 661 1249 717 fueritin
1259 660 1501 716 sanctimonialem
1517 659 1668 731 virginem,
1678 675 1743 731 quae
1762 661 1806 714 vel

129 759 158 810 et
172 754 245 809 hanc
256 756 380 827 gratiam
393 757 451 812 Deo
461 772 512 828 pro
524 755 627 810 nostris
639 755 816 826 temporibus
827 755 945 827 dignam
994 756 1025 811 in
1037 756 1184 826 asceterio,
1200 756 1244 811 vei
1255 754 1426 811 monasterio
1441 752 1529 827 degit,
1543 753 1600 809 sive
1613 752 1713 808 eadem
1725 753 1806 825 virgo

128 848 289 904 referimus.
301 878 335 889 ——
349 849 366 920 ἓ
379 852 405 905 3.
421 849 464 904 hd
482 850 541 904 haec
552 848 693 904 sancimus
706 847 763 903 sire
776 849 819 903 vir
834 849 869 906 ad
881 848 945 904 suli·
995 849 1147 906 diaconissa
1158 850 1308 906 constituta
1320 849 1366 916 sit,
1386 849 1444 904 sive
1463 865 1531 919 non,
1552 847 1645 903 eidem
1661 850 1805 902 monaste·

129 942 231 997 teriam
247 943 333 997 vitam
348 943 444 998 venire
457 942 586 1013 voluerit,
601 943 658 998 sire
672 941 785 1013 mulier,
802 942 862 997 viro
882 943 945 998 reli·
994 944 1047 1012 rio,
1065 944 1109 999 vel
1129 944 1264 1000 asceterio
1276 943 1325 998 ubi
1338 947 1498 998 consecrata
1518 945 1561 996 est
1578 941 1757 1009 addicantur,
1774 946 1807 1003 ut

130 1039 185 1105 cto,
201 1037 237 1091 ad
252 1035 482 1092 exercitationem
500 1036 695 1092 monachicam
708 1035 827 1104 venerit,
842 1052 879 1090 ne
892 1036 945 1092 hoc
995 1054 1030 1093 ex
1042 1039 1087 1093 his
1101 1038 1186 1094 rebus
1199 1044 1227 1092 et
1240 1037 1300 1110 ipsa
1315 1037 1446 1106 solatium
1455 1035 1569 1105 habeat,
1583 1035 1652 1090 dum
1665 1035 1742 1104 vivit,
1750 1034 1806 1089 sui·

130 1129 229 1183 damni
238 1131 504 1201 causamprasbeat3
519 1131 568 1186 sed
582 1135 613 1185 ut
626 1145 678 1185 sua
692 1129 854 1185 omnimode
872 1130 943 1186 reci·
994 1126 1101 1197 ficiens,
1116 1134 1143 1183 et
1157 1144 1202 1182 res
1215 1142 1315 1182 omnes
1335 1130 1546 1182 sacrosanctum
1568 1124 1735 1180 asceterium
1757 1140 1807 1180 seu

129 1223 199 1293 piat,
213 1221 252 1277 itn
266 1223 389 1278 utliceat
402 1223 484 1278 uxori
502 1221 549 1296 [et]
564 1224 658 1279 dotem
671 1224 797 1295 recipere
813 1240 903 1294 snam,
918 1228 946 1279 et
995 1219 1563 1292 monasteriumplenohabeatdomini03
1578 1218 1731 1273 sinautem
1745 1217 1806 1273 dia·
1894 1235 1896 1238 ·

130 1318 246 1387 propter
261 1316 374 1388 nuptias
384 1294 570 1373 ¹donationem
580 1317 607 1372 ei
616 1317 666 1388 qui
681 1333 746 1372 cum
760 1332 792 1372 aa
804 1317 946 1373 cohabita·
995 1314 1105 1370 conissa
1116 1314 1309 1386 cujuscunque
1320 1313 1443 1368 ecclesiae
1457 1312 1502 1382 sit,
1514 1312 1544 1367 in
1556 1311 1634 1367 nullo
1643 1315 1740 1367 umen
1750 1326 1809 1366 mo·

131 1410 223 1478 verat}
241 1411 270 1464 et
291 1410 365 1480 quod
380 1410 446 1465 inde
468 1411 545 1466 venit
563 1411 685 1478 lucrum,
710 1427 767 1465 non
791 1411 946 1466 secundum
995 1408 1127 1478 nestorio,
1144 1408 1187 1462 vel
1205 1406 1339 1463 asceterio
1363 1407 1526 1475 constituta,
1541 1405 1589 1460 sed
1604 1421 1655 1476 per
1669 1421 1699 1460 se
1720 1405 1807 1477 degit,

131 1517 194 1556 eam
212 1517 276 1572 quae
292 1519 343 1573 per
356 1505 509 1575 repudium
524 1505 555 1559 tit
568 1503 785 1576 disjunctionem
792 1503 944 1572 vindicare,
995 1502 1116 1574 raptoris
1131 1502 1191 1572 ejus
1202 1501 1359 1556 substantia
1371 1499 1496 1556 ecclesias
1506 1499 1586 1569 cujus
1600 1499 1754 1554 diaconissa
1767 1503 1810 1554 est

131 1599 180 1649 aut
199 1610 314 1650 manere
332 1597 409 1668 apud
423 1614 489 1652 eum
507 1597 556 1669 qui
576 1613 635 1652 non
652 1596 774 1664 divertit,
789 1597 838 1652 sed
850 1613 947 1652 secun·
996 1595 1165 1666 assignetur,
1179 1599 1211 1650 ut
1219 1611 1254 1650 er
1267 1594 1313 1649 his
1326 1593 1506 1649 facultatibus
1514 1593 1575 1664 ipsa
1586 1592 1702 1664 quidem
1715 1608 1809 1648 usum·

131 1687 203 1742 dum
215 1689 292 1759 quod
302 1689 331 1743 in
343 1706 440 1744 casum
451 1691 551 1746 mortis
562 1690 671 1746 iactum
682 1696 724 1746 est
735 1696 866 1763 pactum;
880 1707 947 1763 qua·
995 1689 1207 1758 fructum,dum
1215 1693 1351 1760 superest,
1367 1687 1402 1742 ab
1415 1687 1514 1742 eadem
1527 1686 1646 1741 ecclesia
1657 1702 1811 1757 consequa·

131 1781 157 1835 si
171 1781 298 1836 videatur
311 1782 335 1835 is
356 1783 405 1852 qui
424 1784 538 1839 divertit
557 1802 573 1839 a
594 1784 740 1839 communi
753 1785 868 1839 alterius
881 1768 984 1840 con-B
995 1786 1057 1852 tur3
1069 1781 1187 1837 ecclesia
1204 1798 1269 1836 vero
1290 1797 1405 1836 omnem
1422 1779 1625 1851 proprietatem
1649 1785 1678 1834 et
1695 1780 1809 1851 plenam

130 1874 205 1929 victu
219 1878 347 1930 mortuus
360 1892 420 1931 esse
433 1876 463 1931 in
478 1876 595 1932 alterius
611 1878 806 1948 contubernio,
823 1894 944 1933 cumco-
995 1876 1200 1948 possessiouem
1213 1876 1378 1930 earumdem
1400 1890 1497 1929 rerum
1518 1879 1613 1933 nostro
1636 1872 1738 1927 habeat
1758 1871 1808 1928 be·

130 1967 270 2022 habitanti
282 1968 318 2023 sit
330 1969 447 2023 omnino
460 1970 583 2040 inutilis,
598 1971 736 2042 quidquid
749 1976 847 2026 autem
856 1972 886 2026 in
899 1972 946 2027 do
995 1968 1107 2038 neticio,
1123 1969 1236 2024 nemine
1251 1969 1296 2022 vel
1305 1968 1411 2040 judice,
1427 1967 1471 2023 vel
1485 1981 1652 2039 quacunque
1666 1966 1722 2020 elia
1742 1981 1809 2037 per·

131 2061 233 2115 tatibus
247 2062 443 2118 instrumentis
453 2068 599 2134 receptum
612 2064 699 2119 tuerit
711 2080 745 2119 ex
759 2064 845 2136 pactis
857 2065 888 2120 in
898 2081 944 2120 ca·
995 2080 1062 2118 sona
1075 2064 1136 2118 hoec
1145 2065 1266 2118 audente
1286 2066 1479 2117 contemnere.
1502 2062 1599 2116 Poenas
1619 2064 1724 2129 autem,
1740 2076 1810 2130 quas

132 2170 195 2207 sum
205 2154 314 2220 mortis,
336 2155 365 2209 id
382 2155 509 2211 debitum
532 2156 717 2228 intelligatur.
740 2158 801 2212 Non
814 2157 946 2213 audiente
995 2156 1181 2227 prediximus
1196 2155 1234 2225 (id
1253 2162 1304 2225 est,
1319 2155 1419 2210 mortis
1440 2159 1469 2209 et
1485 2155 1625 2209 bonorum
1641 2153 1809 2223 amissionis>

131 2245 250 2302 muliere
263 2248 410 2321 antemni
423 2248 534 2320 lapsum
557 2249 586 2304 in
607 2249 685 2304 aliud
697 2251 837 2323 respicere
850 2249 947 2305 matri·
995 2249 1192 2305 constituimus
1211 2266 1269 2304 non
1294 2252 1406 2304 tantum
1430 2248 1565 2303 adversus
1593 2250 1734 2319 raptores,
1760 2245 1810 2302 sed

130 2339 269 2408 monium,
284 2345 399 2411 propter
412 2343 603 2413 generationis
616 2343 675 2414 (aut
690 2343 815 2414 seminis)
828 2343 944 2399 incerti·
995 2343 1081 2399 etiam
1093 2347 1190 2398 contra
1203 2358 1250 2398 eos
1263 2342 1312 2415 qui
1330 2343 1381 2397 hos
1403 2340 1530 2396 comitati
1543 2340 1573 2395 in
1593 2340 1654 2411 ipsa
1666 2339 1810 2395 invasione

130 2432 268 2488 tudinem.
283 2433 337 2489 Sed
356 2434 380 2487 si
398 2435 467 2506 quid
485 2436 539 2490 tale
559 2437 689 2491 futurum
702 2437 747 2505 sit,
762 2436 859 2492 statim
870 2436 946 2493 mitti
995 2441 1024 2492 et
1035 2436 1135 2508 rapina
1147 2435 1263 2492 fuerint.
1276 2436 1397 2491 Ceteros
1414 2440 1509 2491 autem
1522 2449 1621 2490 omnes
1641 2433 1691 2505 qui
1705 2432 1810 2489 conscii

131 2524 295 2595 divortium,
315 2526 394 2598 quod
406 2526 509 2583 idcirco
527 2527 601 2583 bona
614 2530 704 2600 gratia
723 2536 848 2600 vocatur,
863 2530 898 2585 ab
912 2546 946 2586 ea
995 2533 1024 2585 et
1047 2529 1169 2585 ministri
1186 2529 1349 2601 hujusmodi
1366 2527 1493 2583 criminis
1512 2527 1618 2599 reperti
1640 2531 1669 2583 et
1690 2525 1810 2581 convicti

131 2633 196 2689 quae
224 2619 435 2674 conversionem
460 2638 516 2675 non
537 2621 616 2692 eligit
640 2638 773 2694 persona,
797 2628 882 2695 atque
905 2623 946 2679 ita
993 2622 1109 2692 fuerint,
1122 2623 1166 2678 vel
1181 2639 1228 2678 eos
1240 2622 1425 2694 susceperint,
1441 2621 1485 2677 vel
1502 2636 1701 2694 quamcunque
1723 2635 1809 2691 opem

131 2717 196 2782 agat
207 2713 283 2783 quod
295 2713 424 2783 voluerit,
440 2715 526 2769 lucris
541 2716 583 2784 tut
594 2720 659 2771 ante
674 2716 841 2789 dictumest)
856 2717 892 2771 ad
905 2717 946 2789 ip
994 2716 1035 2772 eis
1044 2716 1171 2784 tulerint,
1186 2717 1243 2772 sive
1263 2716 1391 2786 masculi,
1410 2715 1468 2770 sive
1486 2714 1601 2770 feminae
1621 2715 1687 2784 sint,
1710 2714 1806 2784 cujus·

98 2873 105 2886 .
131 2819 192 2858 sam
209 2806 426 2876 pertinentibus.
451 2807 524 2863 Sane
539 2824 574 2863 eo
587 2809 664 2881 quod
683 2810 851 2865 lucrandum
873 2815 946 2866 esset
994 2826 1107 2882 cunque
1120 2809 1299 2880 conditionis,
1310 2809 1354 2864 vei
1364 2809 1478 2880 gradus,
1492 2809 1536 2864 vel
1549 2807 1704 2879 dignitatis,
1717 2822 1809 2880 poenae

132 2911 166 2953 ex
180 2898 229 2952 tati
248 2915 340 2969 causa,
354 2901 528 2972 omnimodo,
554 2902 577 2957 si
599 2908 627 2958 et
639 2902 669 2957 in
681 2903 825 2975 prioribus
837 2903 945 2976 nuptiis
993 2903 1105 2975 capitali
1111 2904 1307 2959 tantummodo
1314 2901 1600 2974 subjicimusUthuic
1610 2917 1701 2973 poenae
1707 2917 1807 2957 omnes

131 2990 174 3045 vel
193 2991 235 3045 vir
249 2993 293 3046 vet
307 2993 410 3049 mulier
423 2995 615 3066 mansisssent,
627 2997 825 3052 communibus
850 2997 946 3053 liberis
992 2996 1165 3067 subjaceant,
1182 2996 1239 3051 sive
1252 2993 1422 3064 volentibus,
1442 2995 1499 3051 sive
1520 2995 1682 3051 nolentibus
1703 2993 1806 3050 sancti·

131 3099 166 3138 ex
181 3100 215 3138 eo
229 3087 408 3143 matrimonio
421 3088 505 3160 natis,
516 3088 540 3142 si
554 3088 604 3162 qni
616 3089 732 3160 fuerint,
742 3091 941 3147 conservando.
993 3088 1163 3145 monmlibus
1176 3089 1341 3161 virginibus,
1355 3089 1413 3144 sive
1428 3089 1491 3143 aliis
1504 3087 1671 3160 supradictis
1680 3088 1808 3144 mulieri·

131 3177 192 3231 bat.
207 3194 223 3231 v
238 3180 348 3235 calend.
376 3181 506 3236 Decemb.
529 3182 592 3251 CP.,
605 3186 670 3256 post
678 3200 748 3239 coss.
767 3184 901 3256 Lampad.
917 3136 982 3241 etC
995 3183 1058 3255 bus,
1071 3184 1125 3238 tale
1137 3182 1245 3238 facinus
1257 3182 1344 3239 fuerit
1355 3187 1559 3255 perpetratum.
1579 3184 1630 3238 bat
1643 3198 1678 3236 xv
1691 3181 1808 3238 Kalend.

130 3269 220 3326 Orest.
236 3289 284 3327 an.
296 3275 324 3341 2,
339 3275 401 3329 532.
996 3276 1106 3332 Decem.
1122 3277 1186 3347 CP,
1202 3277 1251 3332 dn.
1263 3276 1421 3332 tustiniano
1431 3279 1461 3333 P.
1477 3278 1508 3331 Ρ.
1521 3278 1555 3331 lt.
1569 3291 1600 3330 ur
1613 3291 1670 3331 cos.
1692 3277 1754 3332 533.

462 3367 525 3423 LEX
544 3368 608 3424 LlV.

165 3457 242 3513 idem
260 3459 405 3530 Augustus
428 3461 600 3546 Hermogeni
620 3462 757 3534 magistro
775 3463 944 3521 officiorum.
1032 3502 1108 3558 ,dem
1120 3505 1274 3575 Angustus·
1332 3422 1395 3477 LEX
1418 3422 1471 3478 [γ’

166 3551 302 3622 Rapmm
316 3553 471 3657 Virssmufn’
486 3555 529 3610 vel
541 3555 702 3659 Yiduamm’
720 3558 763 3661 ‚vel
777 3558 944 3662 di⁸f²⁰¹¹i³⁹⁸'
1032 3596 1065 3651 Ut
1083 3612 1141 3651 non
1155 3595 1237 3650 liceat
1252 3594 1419 3668 parentibus
1441 3594 1580 3666 impedire
1594 3595 1748 3667 quominus
1772 3597 1807 3652 ti-

130 3661 206 3714 Μ’
220 3661 284 3715 ‘1⁰ae
298 3647 353 3701 ⁰⁹⁰
368 3646 476 3703 summ
491 3648 639 3721 demtae’
655 3666 777 3722 p⁰⁵³¹m⁸
790 3653 945 3710 cuminum
993 3687 1056 3743 beri
1070 3704 1172 3744 eorum
1186 3688 1312 3744 volentes
1323 3687 1454 3744 monachi
1474 3691 1525 3744 aut
1545 3689 1638 3744 clerici
1658 3690 1739 3760 fiant,
1760 3698 1811 3748 aut

130 3743 287 3808 peccantes,
312 3740 409 3811 capitis
428 3741 566 3813 supplicio
584 3743 746 3814 plectendos
769 3761 829 3801 esse
853 3747 946 3802 decer·
995 3797 1058 3837 eam
1070 3782 1107 3838 Ob
1119 3783 1206 3837 solam
1228 3798 1344 3838 causam
1364 3782 1545 3838 exhaeredare
1567 3800 1573 3837 τ
1595 3784 1643 3839 sed
1660 3786 1683 3840 si
1697 3786 1806 3858 ipsiu·

130 3830 235 3934 mmuh
249 3833 326 3935 ‘lffld
340 3850 396 3937 ¹¹⁰¹}
410 3835 503 3938 ³⁰¹⁰ss
516 3835 553 3890 ad
565 3836 700 3939 spinsiam
717 3838 879 3907 hminum’
893 3839 945 3895 ⁵⁰d
995 3879 1167 3930 stamentum
1188 3875 1311 3932 condant
1339 3892 1453 3932 necesse
1474 3877 1598 3933 habento
1621 3879 1809 3951 quadrantem

130 3928 159 3978 et
170 3924 206 3978 ad
217 3942 307 3998 ipsius
318 3932 520 3999 omnipotentis
532 3932 580 3985 lter
593 3932 806 3987 irreverentiam
818 3933 946 3990 commit·
993 3969 1048 4024 mis
1061 3944 1235 4042 mmmm
1249 3970 1293 4025 sin
1313 3918 1411 4027 ’autem
1431 3972 1485 4027 hoc
1505 3987 1564 4028 110„
1581 3972 1709 4044 fecerint,
1732 3974 1810 4031 1000.

129 4016 275 4121 tilfn'ssom
289 4019 386 4123 itaque
399 4022 565 4093 hujusmodi
577 4023 684 4080 crimen
699 4026 903 4097 commiserint,
917 4032 945 4085 et
994 4062 1029 4118 si,
1038 4064 1074 4118 ab
1088 4063 1230 4121 intestato·

129 4126 179 4181 ‘1¹¹¹
192 4128 232 4166 ²¹⁸
245 4114 384 4170 ammam
396 4120 523 4188 ‘emm
536 4117 881 4192 inmi⁰¹¹i⁸praebu⁰fim’
896 4120 945 4177 ”hi
1029 4155 1086 4231 §t
1108 4159 1188 4223 Quod
1205 4159 1229 4215 si
1246 4160 1288 4215 illi
1310 4160 1481 4216 monasteria
1501 4164 1550 4215 aut
1574 4161 1703 4217 ecclesias
1718 4161 1807 4218 relin-

129 4211 236 4306 myfflfu
250 4205 357 4261 summ
374 4208 403 4262 in
418 4208 489 4312 ,ipsa
509 4211 617 4315 ΨΜ
643 4217 672 4268 et
686 4213 780 4317 ΨΜ
795 4214 944 4319 ,flaww
993 4257 1083 4324 quant
1092 4271 1101 4323 3
1117 4259 1201 4324 atque
1219 4253 1357 4308 mundani
1376 4253 1456 4323 fiant,
1472 4269 1556 4309 omne
1570 4255 1754 4329 ipsorumJns
1771 4256 1808 4311 ad

129 4313 248 4353 crimme
257 4299 451 4370 deprehensra
456 4305 619 4375 parentibus
631 4309 879 4363 sanctimomalum
891 4325 945 4364 vir·
993 4346 1199 4401 mmmmm
1211 4350 1260 4401 au,
1274 4346 1420 4402 eeclesiam
1431 4347 1565 4420 pertinet·

131 4391 240 4460 ginum‚
256 4393 299 4448 vel
314 4394 474 4464 viduarum,
485 4399 529 4453 vel
545 4399 766 4455 diaconissarum
781 4405 831 4456 aut
844 4417 944 4458 earum

130 4486 357 4557 consanguineis,
376 4491 419 4544 vel
437 4491 587 4561 tutoribus,
599 4509 650 4548 seu
669 4493 856 4561 curatoribus,
874 4511 982 4587 con-1)
1322 4481 1385 4536 LEX
1410 4482 1476 4538 LVI·

128 4577 194 4633 victi
206 4579 421 4637 interficiantur.
436 4583 590 4641 sinautem
604 4592 668 4658 post
684 4577 943 4646 commissumtam
1029 4586 1106 4644 idem
1116 4587 1259 4659 Augustus
1268 4586 1368 4643 loanni
1379 4589 1431 4645 PP.
1567 4573 1570 4579 ¹

128 4671 290 4730 detestabile
310 4676 429 4747 crimen,
451 4683 501 4734 aut
521 4683 667 4750 potentatu
685 4687 782 4754 raptor
795 4699 825 4739 se
848 4683 943 4739 deien-
1027 4683 1085 4738 Deo
1097 4680 1179 4736 nobis
1188 4679 1327 4737 auxilinm
1338 4682 1493 4756 prebente,
1505 4688 1600 4744 omnia
1612 4707 1678 4764 que
1691 4710 1742 4766 pro
1754 4696 1805 4753 ho·

129 4765 207 4836 dere,
216 4773 265 4823 aut
276 4768 344 4841 iuga
353 4771 471 4827 evadere
482 4773 617 4845 potuerit,
627 4775 657 4830 in
669 4775 723 4831 hac
733 4776 850 4849 quidem
862 4778 944 4850 regia
992 4791 1061 4832 nore
1074 4777 1176 4830 sancte
1187 4775 1316 4832 Ecclesiae
1328 4776 1472 4834 catholicae
1481 4781 1517 4837 ad
1534 4784 1583 4839 Dei
1597 4786 1733 4857 placitum
1742 4789 1805 4847 iteri

128 4859 197 4914 urbe
211 4865 269 4916 tam
283 4862 336 4917 viri
352 4865 455 4921 excelsi
473 4867 597 4938 praefecti
615 4870 757 4941 praetorio,
771 4888 857 4943 quam
878 4872 942 4944 glo·
992 4885 1190 4942 properamus,
1204 4870 1314 4942 legibus
1332 4872 1502 4930 constituere
1525 4880 1555 4932 et
1569 4880 1703 4950 operibns
1717 4884 1808 4940 adim·
1896 4939 1898 4944 .

126 4952 297 5055 riesissimus
311 4957 462 5028 praelectus
470 4960 546 5030 urbi,
559 4960 588 5017 in
600 4962 754 5034 provinciis
766 4971 872 5036 autem,
884 4969 944 5021 tam
993 4965 1070 5036 plere
1081 4963 1284 5020 desideramus.
1299 4966 1333 5020 Et
1347 4965 1409 5037 jam
1423 4967 1539 5039 quidem
1553 4973 1643 5028 multa
1657 4991 1723 5032 cum
1744 4978 1806 5051 eius

126 5059 178 5099 vni
193 5047 414 5108 eminentissimi
432 5053 558 5123 prefecti
571 5055 705 5127 pretorio
724 5073 776 5129 per
789 5057 941 5130 illyricum,
991 5057 1096 5114 auxilio
1109 5057 1259 5114 statuimus
1270 5074 1335 5131 quae
1354 5060 1546 5119 ecclesiasticae
1566 5065 1700 5126 doctrinae
1721 5077 1807 5146 atque

127 5144 155 5192 et
165 5139 297 5210 Africam,
309 5160 395 5215 qnam
408 5147 539 5218 magistri
553 5148 680 5204 militam
692 5166 744 5222 per
758 5151 880 5206 diversas
893 5168 943 5208 no·
992 5151 1076 5207 statui
1089 5152 1259 5208 conveniunt
1273 5169 1279 5208 :
1293 5153 1322 5209 in
1336 5155 1550 5225 praesentirem
1570 5160 1623 5216 hoc
1636 5163 1684 5234 pia
1697 5165 1805 5223 delibe-

126 5232 177 5286 stri
190 5234 266 5290 orbis
281 5238 421 5308 regiones,
433 5255 486 5296 nec
499 5257 556 5297 non
564 5242 609 5297 vir
621 5244 781 5314 spectabilis
793 5246 943 5317 preelectus
992 5244 1100 5301 ratione
1113 5245 1246 5301 duximus
1256 5247 1466 5318 corrigendum,
1474 5253 1551 5323 quod
1564 5252 1701 5314 hactenus
1709 5263 1806 5314 contre

125 5325 249 5398 AEgypti,
264 5336 292 5385 et
305 5330 410 5402 usarii,
438 5338 466 5388 et
489 5336 679 5407 proconsules,
705 5343 734 5393 et
757 5338 942 5397 nihilominus
991 5339 1043 5396 Dei
1054 5336 1286 5397 timoremtieba't.
1300 5341 1451 5412 Cognitum
1459 5345 1565 5402 etenim
1573 5349 1656 5405 nobis
1667 5355 1719 5420 est,
1730 5351 1806 5423 qnod

124 5418 176 5520 viri
188 5423 352 5522 spectabiles
366 5425 461 5496 duces,
471 5433 499 5483 et
511 5428 563 5483 viri
575 5430 723 5485 clarissimi
735 5436 860 5489 rectores
874 5451 942 5506 pro·
991 5434 1015 5490 si
1028 5433 1092 5506 quis
1105 5449 1235 5506 sponsus,
1248 5434 1291 5489 vel
1312 5451 1424 5507 sponsa,
1442 5442 1510 5512 post
1526 5440 1605 5498 datas
1625 5447 1654 5499 et
1678 5447 1806 5515 acceptes

123 5526 290 5584 viperarum,
309 5533 361 5572 nec
381 5536 439 5574 non
457 5521 507 5576 alii
530 5523 682 5594 cujuslibet
694 5525 800 5581 ordinis
815 5527 940 5601 judiees,
991 5527 1098 5598 arrhas,
1117 5527 1253 5584 voluisset
1270 5544 1300 5584 se
1322 5527 1416 5586 divino
1440 5532 1577 5605 deputare
1602 5536 1727 5605 servitio,
1741 5543 1771 5592 et
1791 5555 1809 5594 a

122 5605 171 5677 qui
184 5605 214 5660 in
223 5606 290 5662 locis
303 5608 358 5664 illis
369 5611 478 5668 inventi
487 5613 602 5686 inerim,
616 5616 708 5674 simile
724 5619 852 5676 studium
873 5638 940 5678 cum
991 5622 1118 5678 securri
1127 5623 1338 5679 conversatione
1351 5626 1493 5695 recedere,
1516 5644 1548 5682 ac
1561 5629 1808 5689 sanctimonialem

121 5713 226 5773 magna
242 5701 428 5762 sollicitudine
441 5708 603 5782 adhibeant,
618 5717 651 5768 ut
669 5727 719 5769 eos
732 5713 839 5786 possint
864 5732 940 5772 com·
991 5716 1077 5773 vitam
1090 5717 1193 5788 vivere,
1208 5721 1294 5790 atque
1306 5718 1336 5773 in
1350 5719 1400 5774 [tei
1413 5720 1513 5775 timore
1528 5736 1707 5794 permanere,
1724 5742 1804 5784 com·

124 5794 300 5866 prehendere
314 5815 325 5875 3
339 5803 368 5859 et
380 5804 599 5876 comprehensos
610 5805 641 5863 in
658 5807 709 5864 teti
731 5809 860 5882 crimina,
878 5815 944 5883 post
991 5811 1151 5884 pellebatur
1163 5811 1190 5868 vi
1202 5811 1320 5885 quidem
1335 5829 1367 5868 ea
1381 5828 1445 5884 qua
1458 5812 1609 5873 arrharum
1622 5818 1740 5877 nomine
1759 5822 1812 5882 de·
