3884 6150
195 224 246 285 sor
381 210 385 216 '
520 259 526 267 ‚
922 220 1120 279 cucmmm
1824 222 1876 276 sos

194 361 266 412 mus,
287 357 318 398 er
337 361 393 399 auec
413 360 496 398 ouum
515 353 688 395 suucmurcn
704 354 792 394 roms.
809 338 941 408 Regnum
960 340 1010 392 bei
1022 336 1240 423 Aremunerari
1261 352 1433 391 mereamur.
1462 338 1497 392 Et
1521 339 1611 391 emnia
1630 336 1685 392 tac
1712 336 1876 407 adjicientur

195 439 293 493 multis
308 438 402 493 modis
419 436 565 506 accipitur,
591 432 706 487 sedhic
732 436 780 486 aut
800 432 860 485 Filii
880 432 1012 499 Dei‚aut
1061 433 1148 496 vobim
1170 429 1876 501 scilicetsuperiusdictaadjicienturv‘obis.lton

196 532 341 604 Scriptura
352 527 608 598 sacraintelligitur
619 525 894 597 1·egnumllei,quod
905 528 1012 579 ulrum·
1062 525 1207 579 dalruutur
1222 524 1300 588 dixit,
1324 523 1374 577 sed
1397 523 1582 593 adjicientur;
1605 523 1673 595 quia
1693 522 1837 594 quidquid
1850 523 1878 578 in

196 643 251 697 que
259 640 387 696 quarere
396 621 573 676 debemusl'
576 619 615 673 ilii
625 618 839 686 llei‚sicutdicit
849 619 1008 689 propheta:
1060 618 1193 689 prasenti
1217 617 1381 687 accipimus,
1395 617 1448 670 vile
1465 617 1553 671 estad
1568 617 1821 688 comparationem
1833 634 1876 670 su·

195 719 477 786 Quarr'tellominum
501 720 527 769 et
548 715 754 782 confirmamini,
778 715 887 781 pararito
912 715 1011 778 factem
1061 728 1217 782 pernarum
1241 711 1444 781 praemiorum3
1462 715 1489 763 et
1505 711 1571 765 ideo
1585 711 1663 782 prius
1677 711 1726 764 illa
1739 726 1806 781 quae
1817 726 1876 764 ma·

194 812 250 880 ejas
268 825 378 878 serrtpcr.
395 809 443 862 Vel
465 807 610 877 Scriptura
626 823 714 874 sacra,
733 822 819 874 quam
841 804 964 873 legendo
983 807 1011 856 ct
1058 803 1124 872 jora
1139 807 1204 858 sunt
1217 803 1343 873 pet-enda
1358 808 1433 868 sunt,
1448 803 1555 858 scilicet
1567 819 1691 875 regnum
1705 803 1765 870 Dei,
1780 803 1875 873 etjus·

194 900 548 976 perscrutando‚invenire
563 915 724 970 possumus,
740 897 864 968 qualiter
868 896 1010 967 justitiam
1061 897 1123 949 titia
1136 896 1206 966 ejus,
1223 900 1254 950 ut
1269 896 1321 950 ista
1339 913 1402 967 quae
1417 896 1578 952 necessaria
1593 900 1659 951 sunt
1673 896 1791 968 corpori
1807 895 1873 966 adji-

195 1000 223 1050 et
236 999 378 1067 praecepta
394 994 454 1064 ejus
470 993 674 1058 custodiamus,
696 993 739 1045 vel
757 991 881 1061 qualiter
899 991 934 1043 ab
948 989 1009 1060 ipso
1061 989 1182 1055 cientur,
1196 989 1313 1060 insuper
1328 993 1356 1042 et
1371 990 1483 1060 majora
1493 989 1606 1044 dentur.

1000 1310 1072 1432 ll.

234 1500 342 1567 Lectio
356 1502 460 1566 sancti
475 1501 645 1584 Evangelii
660 1499 842 1566 secundum
856 1501 1018 1564 loannem
1034 1500 1068 1577 (l,
1085 1505 1134 1579 ab)
1152 1523 1159 1562 ε
1180 1501 1218 1565 In
1236 1502 1289 1564 illo
1305 1508 1446 1582 tempore
1460 1500 1545 1563 vidit
1563 1500 1709 1564 loannes
1723 1497 1837 1562 testim

477 1603 497 1643 a
512 1583 678 1650 Nazareth
692 1583 872 1645 venientem
884 1581 987 1659 adse,
1003 1589 1033 1644 et
1048 1580 1127 1682 dicit
1141 1583 1193 1644 ei:
1211 1583 1295 1646 Ecce
1309 1582 1424 1662 Annas
1438 1582 1515 1656 Dei,
1531 1585 1591 1644 etc.

842 1716 1008 1773 uouruu·
1028 1688 1237 1774 Lucumum'.

231 1821 316 1873 Recte
342 1819 442 1872 beatus
469 1821 594 1873 loannes
620 1835 728 1889 agnum
758 1819 884 1888 appellat
913 1820 1166 1901 lesucharnem
1179 1820 1243 1874 Filii
1255 1820 1380 1880 nominis,
1399 1822 1425 1872 et
1435 1817 1555 1872 biberitis
1568 1818 1730 1886 sanquinem
1745 1815 1814 1884 ejus
1826 1830 1872 1867 nen

193 1913 244 1967 Dei
268 1912 386 1977 Filium3
408 1928 499 1982 agnus
522 1913 601 1966 enim
622 1912 689 1982 quia
715 1911 864 1965 innocens
888 1913 942 1964 lste
968 1914 1011 1964 est
1061 1913 1192 1967 babebitis
1209 1915 1296 1966 eitam
1314 1914 1343 1965 in
1361 1911 1444 1966 ιοιιε.
1466 1911 1500 1963 Et
1517 1910 1644 1964 iterum:
1664 1911 1716 1977 Qui
1731 1908 1873 1963 manducat

193 2022 284 2076 agnus
301 2005 336 2058 de
349 2021 406 2076 quo
424 2006 514 2059 multo
531 2009 598 2059 ante
614 2005 725 2059 dixerat
743 2004 828 2058 isaias
846 2021 852 2058 ι
871 2008 1011 2074 Tanquam
1060 2026 1166 2065 coensem
1179 2027 1276 2074 meam,
1290 2015 1315 2064 et
1328 2010 1395 2064 bibit
1404 2011 1562 2078 sanquinem
1575 2023 1674 2065 meam.
1685 2010 1715 2061 in
1726 2022 1770 2060 me
1779 2011 1871 2066 monet,

194 2102 250 2154 oris
272 2100 309 2153 ad
324 2101 478 2154 occisionem
492 2099 587 2153 (lacteis
610 2103 659 2159 est.
685 2103 711 2153 ct
731 2101 800 2153 sicut
820 2114 906 2168 agnus
921 2113 1010 2152 coram
1060 2109 1085 2158 et
1099 2121 1146 2174 eoo
1162 2107 1189 2158 in
1201 2120 1239 2160 eo.

194 2194 320 2248 tondente
340 2209 367 2247 se
385 2193 553 2254 obmutescet,
572 2198 596 2246 et
615 2209 668 2246 non
682 2194 791 2261 aperuit
807 2207 835 2246 os
857 2207 945 2246 suum.
971 2192 1010 2245 lle
1095 2197 1150 2252 Sed
1171 2198 1260 2268 quari
1285 2201 1380 2268 potest
1398 2213 1447 2251 cur
1467 2196 1515 2250 [tei
1536 2196 1622 2250 Filius
1641 2194 1679 2248 ad
1696 2193 1872 2264 baptismum

195 2304 250 2358 quo
264 2303 339 2357 agno
356 2289 481 2341 loannes
496 2286 525 2339 iu
538 2286 708 2356 Apocalypsi
721 2303 727 2339 :
742 2288 836 2353 Apesas
849 2288 898 2355 qai
911 2288 1008 2339 occisus
1059 2291 1156 2345 venire
1171 2292 1268 2357 voluit,
1281 2308 1345 2345 cum
1361 2307 1418 2345 non
1435 2289 1555 2344 haberet
1567 2283 1730 2360 peccatum,
1749 2286 1826 2358 quod
1836 2286 1872 2340 illi

194 2385 258 2434 esta
272 2380 346 2433 vobis
359 2397 375 2433 a
388 2382 573 2433 constitu-tione
586 2380 682 2433 mnndi
690 2398 698 2443 ;
713 2378 781 2448 quia
795 2395 886 2448 agnus
900 2378 1008 2432 occisus
1060 2401 1175 2438 neeesse
1194 2385 1292 2439 fuisset
1308 2383 1441 2455 expiaret
1456 2386 1538 2439 certe
1556 2382 1622 2453 quia
1645 2381 1736 2436 futuri
1752 2384 1835 2434 erant
1846 2380 1872 2433 in

194 2475 237 2526 est
254 2472 283 2526 in
298 2472 382 2539 ubet,
396 2473 514 2525 offertus
529 2473 583 2542 [lte
597 2472 672 2541 Geel]
692 2472 720 2524 ia
742 2472 828 2536 lsaac,
842 2471 1009 2525 immolatus
1058 2477 1183 2531 Ecclesia
1196 2478 1393 2532 catechumeni
1407 2476 1622 2531 excellentiores
1634 2491 1756 2546 genere,
1768 2473 1817 2544 qui
1830 2473 1873 2527 de-

194 2567 223 2621 in
231 2565 441 2637 elgypt03quia
451 2565 512 2636 ipse
522 2566 554 2621 in
564 2565 831 2619 nrundumveuicns
842 2565 1009 2636 adimplevit
1060 2571 1216 2642 dignantur
1231 2555 1330 2625 venire
1345 2570 1380 2624 ad
1397 2570 1583 2641 baptismum,
1598 2569 1727 2623 dicentes
1741 2567 1819 2638 apud
1833 2584 1873 2621 se-

193 2660 223 2713 in
239 2659 358 2713 veritate
372 2659 511 2729 quidquid
528 2662 594 2712 ante
609 2659 643 2712 de
664 2675 697 2712 eo
714 2675 765 2729 per
778 2660 884 2728 tiguras
900 2659 1008 2714 dictum
1059 2665 1215 2735 metipsos:
1230 2665 1287 2718 Hoc
1302 2666 1541 2734 sumacceptnrus
1551 2662 1629 2733 quod
1639 2661 1731 2716 habet
1743 2660 1873 2731 illetege

193 2754 236 2806 vel
250 2756 364 2823 gestum
380 2753 482 2819 tuerat,
504 2769 569 2805 cum
587 2755 802 2822 vesperascente
823 2752 932 2806 niundo
956 2768 1008 2822 pro
1059 2753 1162 2807 nielior
1177 2770 1240 2807 sum
1263 2752 1312 2807 illo
1325 2757 1355 2806 ct
1368 2753 1416 2806 illo
1431 2752 1531 2815 tidele;
1545 2754 1577 2806 ut
1591 2752 1694 2806 horum
1708 2749 1873 2820 superbiam

194 2846 276 2901 nobis
285 2846 313 2899 in
326 2863 375 2899 ara
386 2845 476 2899 crucis
485 2848 527 2899 est
539 2845 715 2911 immolatus,
729 2847 863 2915 Apostolo
875 2845 987 2899 dicente
1000 2861 1006 2899 z
1058 2846 1216 2917 frangeret,
1232 2846 1329 2900 venire
1343 2845 1477 2915 dignatus
1492 2848 1535 2898 est
1548 2843 1584 2898 ad
1599 2844 1779 2915 baptismum
1792 2843 1873 2907 servi,

194 2943 299 2996 Etenim
313 2942 416 3010 poscito
426 2944 547 2993 nostrum
562 2940 716 2994 immolatas
734 2944 773 2993 est
790 2939 921 2993 Cltm'stus.
937 2941 1009 2993 Ecce
1059 2939 1140 3010 quasi
1153 2940 1302 3009 alloquens
1313 2938 1527 3010 superbientem
1544 2937 1620 2991 dicat
1634 2955 1641 2991 2
1656 2937 1732 3001 Quid
1747 2942 1774 2991 te
1790 2938 1874 2992 extol·

192 3036 285 3088 Aesis
300 3035 356 3086 Der.
372 3033 442 3085 Ecce
456 3031 596 3102 particula
609 3031 778 3085 adverbium
794 3036 837 3085 est
852 3032 1006 3085 ostendeu-
1059 3032 1113 3086 lis?
1130 3032 1198 3103 quid
1212 3035 1240 3086 te
1254 3031 1403 3086 extendis?
1424 3035 1532 3102 quanta
1552 3033 1693 3101 potestate
1713 3035 1758 3084 est
1782 3031 1874 3101 gratia

195 3127 247 3180 tis:
267 3127 333 3195 quia
349 3124 425 3177 enim
436 3124 671 3178 beatustuannes
685 3125 766 3179 oculo
782 3124 905 3191 videbat,
918 3124 1007 3195 digito
1058 3124 1127 3179 tua?
1143 3130 1251 3196 quanta
1264 3124 1450 3179 excellentia?
1463 3124 1597 3196 Nunquid
1611 3125 1706 3194 major
1716 3129 1800 3195 potes
1814 3141 1873 3178 esse

195 3219 374 3286 ostendebat,
400 3220 476 3271 recte
500 3217 629 3271 dicebat:
652 3221 716 3272 Ecce
738 3218 834 3289 Aponus
856 3221 911 3273 Dei.
937 3200 1045 3275 DictiC
1059 3236 1144 3290 quam
1170 3235 1216 3273 me
1241 3216 1291 3291 [lta
1314 3218 1410 3288 Codlt
1426 3218 1455 3273 Si
1479 3235 1533 3289 ego
1553 3218 1617 3272 veni
1640 3218 1676 3271 ad
1696 3218 1873 3288 baptismum

194 3317 260 3366 eunt
280 3315 309 3365 et
331 3311 451 3383 apostoli
477 3311 555 3381 agni,
580 3311 701 3365 Domino
724 3309 836 3365 dicente
855 3328 861 3365 :
881 3315 942 3366 Ecce
962 3327 1007 3379 cpe
1058 3312 1140 3379 servi,
1156 3315 1186 3366 ιι
1200 3312 1367 3382 dedignaris
1379 3312 1476 3366 venire
1491 3312 1528 3366 ad
1543 3311 1721 3382 baptismum
1739 3311 1872 3367 Domini?

193 3410 327 3462 mitteres
341 3408 410 3461 sieut
423 3421 507 3475 agnos
519 3408 591 3458 inter
604 3406 688 3474 tripos.
703 3405 778 3458 Rene
793 3405 871 3475 agni,
886 3404 953 3475 quia
967 3404 1008 3458 in·
1057 3407 1104 3460 Vel
1117 3409 1193 3460 certe
1206 3405 1345 3476 baptizari
1354 3406 1452 3474 voluit,
1465 3410 1496 3459 ut
1512 3405 1644 3460 omnibus
1655 3405 1740 3475 aquis
1750 3405 1870 3460 sanctifi·

194 3498 645 3571 nocentes,quiasimplices;veri
657 3497 734 3551 enim
742 3498 810 3570 agni
819 3498 908 3551 instar
921 3496 1006 3569 [Cod.,
1058 3499 1202 3554 cationem
1216 3499 1298 3552 daret
1308 3502 1336 3553 et
1348 3500 1588 3570 purificationem.
1598 3498 1662 3554 Sive
1674 3499 1766 3554 ctiam
1780 3503 1811 3553 ut
1821 3500 1872 3553 ιε·

193 3611 260 3649 vcro
275 3611 351 3665 agno
363 3593 492 3662 inscratl,
503 3593 538 3646 de
554 3609 610 3662 quo
626 3591 895 3662 superiusdiximus.
910 3595 1008 3663 Agnus
1057 3593 1112 3648 teri
1125 3595 1306 3648 Testamenta
1322 3594 1410 3647 finem
1428 3593 1526 3660 daret,
1543 3595 1571 3646 et
1591 3609 1697 3648 novum
1713 3594 1871 3650 inchoaret.

194 3690 257 3742 erat
275 3691 304 3741 et
323 3689 458 3751 Joauncs,
480 3685 547 3755 quia
568 3689 596 3740 et
618 3685 677 3756 ipse
703 3685 842 3739 innocens
867 3689 1006 3757 quantum
1058 3689 1119 3758 lpse
1135 3687 1327 3741 enimtandiu
1343 3687 1473 3757 sublege
1489 3687 1552 3754 luit,
1573 3687 1702 3758 quandiu
1716 3688 1874 3759 baptizatus

192 3777 597 3836 Christus.0mnesenimcum
608 3781 723 3849 peccato
733 3779 1007 3845 nascimur‚dicente
1058 3780 1114 3851 legi
1125 3780 1234 3834 Veteris
1242 3780 1416 3835 Testamenti
1427 3781 1565 3850 tinem,et
1575 3780 1674 3851 gratiae
1689 3782 1780 3836 sancti
1789 3784 1874 3836 Evan-

194 3872 353 3944 propheta:
375 3873 406 3925 ln
420 3871 608 3939 irriqattatitrus
626 3876 763 3941 conceptas
781 3886 848 3925 sarri.
865 3872 945 3926 Solus
961 3871 1008 3925 ille
1059 3874 1125 3944 getii
1136 3874 1250 3928 initium
1261 3874 1352 3928 daret.
1371 3874 1511 3945 baptizari
1526 3874 1623 3941 voluit,
1641 3878 1671 3928 ut
1687 3892 1808 3930 omnem
1823 3877 1872 3930 bu·

195 3966 256 4020 sine
270 3967 386 4036 peccato
397 3963 485 4030 venit,
498 3963 573 4017 solus
588 3965 701 4017 macula
714 3965 824 4034 peccati
843 3964 943 4019 caruit.
958 3965 1009 4018 Vc·
1057 3968 1210 4022 militatem
1225 3968 1350 4022 doceret.
1368 3967 1459 4034 Unde,
1474 3968 1546 4022 sicut
1558 3967 1606 4021 alii
1622 3967 1723 4023 dicunt
1734 3971 1875 4042 evangeli·

196 4061 239 4115 nit
255 4059 332 4113 enim
348 4061 377 4112 in
399 4057 575 4112 similitudine
596 4060 686 4112 cornis
703 4060 814 4128 peccati,
830 4061 925 4112 tanuen
947 4057 1008 4111 sine
1057 4064 1119 4129 sta,
1136 4077 1201 4116 cnm
1218 4061 1329 4115 veniret
1340 4061 1378 4115 ed
1391 4064 1521 4117 loannem
1539 4066 1569 4116 ut
1584 4061 1772 4131 baptizaretur
1788 4064 1824 4118 ab
1837 4080 1874 4126 co,

194 4156 322 4227 peccato.
338 4154 390 4220 Qut
397 4156 537 4222 peccatum
553 4167 604 4205 reon
618 4152 700 4217 tecit,
716 4167 763 4204 nec
776 4154 946 4206 trivettusest
959 4152 1006 4206 do·
1058 4153 1098 4208 ait
1117 4155 1157 4209 illi
1176 4158 1312 4211 loannes:
1329 4157 1368 4210 Tu
1384 4155 1422 4209 ad
1436 4171 1477 4209 mc
1490 4157 1564 4210 aenis
1578 4156 1741 4225 baptizari?
1758 4173 1807 4225 epo
1820 4174 1838 4212 e
1853 4162 1875 4213 te

194 4251 234 4305 lus
247 4251 276 4304 in
286 4264 330 4304 ere
343 4247 410 4317 ejus.
425 4247 549 4301 Carnem
564 4245 717 4315 assumpsit
739 4244 773 4298 de
789 4245 892 4312 Adam,
906 4262 1004 4316 pecca·
1058 4248 1136 4303 debeo
1148 4249 1293 4319 brrpttzeri.
1309 4249 1342 4302 Et
1353 4248 1490 4303 Dominus
1504 4248 1529 4302 ei
1544 4266 1551 4303 :
1564 4251 1627 4306 Sine
1636 4251 1717 4304 mode
1730 4252 1876 4321 impleatur

192 4347 254 4398 tum
269 4359 328 4398 nan
345 4340 508 4412 assumpsit.
526 4340 560 4393 Et
575 4338 640 4393 ideo
656 4338 793 4409 quianon
806 4339 960 4409 assumpsit
973 4339 1008 4392 de
1058 4344 1143 4397 omnis
1158 4342 1279 4410 justitie.
1305 4341 1379 4406 Quid
1401 4346 1443 4395 est
1467 4341 1621 4413 impleatur
1638 4343 1734 4397 omnis
1754 4343 1875 4415 justitia,

193 4432 759 4506 nostramassapeccatum,ipseestqui
776 4432 1007 4503 tollitpeecatum
1059 4435 1111 4490 nisi
1141 4434 1294 4506 impleatur
1324 4435 1418 4491 omnis
1449 4436 1618 4491 humilitas?
1647 4438 1688 4490 Ac
1722 4436 1745 4491 si
1779 4437 1874 4493 dicat:

194 4536 334 4587 nostrum.
352 4529 408 4585 Sed
429 4528 498 4583 dicit
513 4527 629 4598 aliquis,
647 4527 715 4598 quid
738 4526 1008 4597 nobisprodestille
1058 4528 1127 4601 llari
1154 4529 1238 4597 veni,
1267 4529 1407 4599 baptizari
1431 4546 1489 4584 non
1513 4530 1590 4584 veui.
1618 4529 1688 4584 Mori
1709 4531 1806 4587 haheo
1826 4548 1874 4604 pro

193 4623 374 4696 Agnusbeit
393 4627 457 4678 Ecce
476 4623 634 4691 nannetici,
658 4637 712 4675 ecce
736 4622 784 4690 qai
808 4621 880 4674 tollit
899 4571 1245 4691 peccotoDhominibus‚
1270 4622 1410 4694 baptizari
1435 4640 1493 4678 non
1512 4623 1605 4678 habeo
1625 4640 1677 4695 pro
1698 4624 1873 4681 bominibus.

192 4719 298 4775 mandi.
306 4716 380 4772 Tulit
391 4718 539 4787 peccatum
550 4713 662 4781 mundi,
671 4713 1010 4785 quiasignaetmiracula
1059 4717 1093 4770 Et
1112 4719 1188 4771 certe
1202 4715 1344 4793 suscipere
1355 4715 1454 4771 debuit
1467 4717 1642 4788 baptismum
1658 4734 1676 4771 a
1688 4718 1768 4774 bono
1785 4736 1873 4787 servo,

194 4813 312 4881 taciens,
330 4827 420 4865 caecos
435 4808 616 4875 illuminavit,
629 4812 759 4862 mortuos
772 4807 1010 4862 suscitavitlnsu·
1057 4809 1106 4880 qui
1120 4809 1284 4880 passionem
1304 4810 1428 4881 suscepit
1451 4827 1467 4864 a
1491 4810 1575 4865 malis
1592 4810 1690 4866 servis.
1707 4813 1758 4866 llic
1778 4829 1826 4869 esr
1844 4828 1873 4868 ne

192 4922 245 4980 per
260 4907 305 4962 cui
324 4905 437 4960 volebat
456 4901 652 4975 potentialiter
670 4901 805 4956 dicebat:
828 4905 1009 4957 Dimittuntur
1058 4919 1113 4966 ouo
1133 4919 1204 4959 nixu
1220 4920 1226 4958 :
1241 4905 1310 4958 Pasr
1329 4921 1365 4959 us
1385 4920 1463 4959 vetur
1483 4920 1538 4974 vin,
1560 4921 1605 4968 om
1625 4921 1697 4960 mre
1717 4922 1753 4961 us
1773 4921 1871 4964 ruerus

193 5003 244 5056 tibi
259 5005 370 5072 peccata
391 5004 447 5053 tue.
471 4996 544 5051 Tulit
562 4995 649 5049 etiam
674 4998 794 5064 peccata
808 4995 919 5062 mundi,
942 5012 1007 5049 cum
1058 5011 1116 5052 ssr.
1137 4995 1190 5051 Ubi
1212 4997 1266 5051 hoc
1283 4997 1394 5052 dixerat
1410 4999 1535 5053 loannes
1553 4998 1588 5052 de
1603 4998 1751 5054 Domino?
1768 4999 1817 5055 ubi
1832 5000 1869 5055 in·

193 5091 324 5163 pendens
334 5090 363 5143 in
374 5106 466 5157 cruce,
479 5090 578 5159 aperto
591 5087 681 5140 latere
692 5085 838 5139 emanavit
851 5085 968 5157 sanguis
981 5089 1009 5139 ct
1057 5092 1220 5161 terrogatus
1236 5107 1252 5144 a
1264 5090 1460 5146 sacerdotibus
1481 5095 1509 5146 et
1528 5090 1619 5145 levit-is
1634 5093 1755 5163 negarit
1769 5110 1800 5148 se
1815 5109 1870 5149 esse

194 5201 279 5256 aqua.
295 5182 410 5237 Hiucde
424 5183 567 5245 eePetrus
584 5180 669 5234 dicit:
685 5181 796 5234 Peccata
810 5184 904 5234 nostra
913 5184 1008 5250 pertu-
1057 5183 1211 5250 Christum,
1238 5183 1345 5251 Etiam,
1371 5191 1456 5255 atque
1484 5185 1665 5256 prophetam.
1692 5186 1797 5242 Adhuc
1821 5186 1870 5240 illis

195 5281 227 5334 lit
245 5280 275 5333 in
286 5291 393 5345 corpore
408 5293 454 5330 suo
469 5290 549 5345 super
568 5276 680 5344 lionam.
700 5272 783 5328 Tollit
798 5272 926 5344 quotidie
941 5290 1006 5344 pec·
1058 5277 1332 5347 percunctantibus:
1350 5278 1421 5344 Quid
1434 5293 1495 5347 erpo
1515 5279 1659 5349 baptizas?
1682 5281 1709 5332 si
1730 5285 1760 5334 tu
1777 5295 1831 5334 aon
1848 5294 1870 5334 a

194 5354 1008 5439 eala'mundiperpasticipationemcorporisetsanguinis
1058 5369 1868 5443 cbristus,nequcEltasmequeproptetmresponditetait:

193 5467 246 5524 sui.
258 5465 366 5521 Ferunt
374 5461 452 5516 enim
467 5460 614 5531 quiasieut
623 5463 758 5533 stipulam
770 5461 912 5515 consumit
922 5460 1007 5531 ignis,
1057 5466 1113 5534 Eoo
1135 5465 1240 5534 baptizo
1261 5466 1291 5519 in
1310 5480 1398 5535 aqua,
1420 5465 1524 5520 medius
1543 5470 1634 5521 autem
1653 5472 1774 5522 vestrum
1791 5469 1868 5528 stetit,

194 5563 232 5618 sic
245 5560 359 5615 minora
372 5557 490 5627 peccata
503 5569 555 5623 per
574 5554 825 5626 participationem
838 5553 965 5626 eorporis
980 5558 1007 5607 et
1057 5573 1134 5627 onena
1156 5574 1201 5614 uos
1216 5560 1332 5613 nescitis.
1357 5559 1414 5613 Hoc
1435 5559 1528 5629 ipsum
1549 5558 1721 5630 recapitulat
1742 5559 1841 5615 dicens
1863 5577 1868 5612 :

194 5653 342 5726 sanguinis
357 5651 427 5723 ejus.
447 5650 506 5721 lpse
519 5646 596 5701 enim
609 5647 695 5702 dicit:
709 5650 771 5705 Nisi
777 5650 1009 5704 manducaveritis
1057 5652 1120 5707 Post
1137 5667 1178 5706 me
1190 5654 1264 5708 venit
1276 5655 1319 5708 vir
1331 5656 1379 5723 qni
1390 5657 1454 5711 ente
1465 5655 1608 5725 masuetus
1621 5658 1670 5711 eet.
1683 5653 1784 5710 Virum
1796 5656 1867 5713 recte

230 5761 295 5821 ‘lte
308 5762 396 5818 Codd.
410 5778 417 5819 ;
432 5758 721 5827 moderamentum·
736 5757 823 5813 modo
838 5760 964 5830 tamttim
979 5757 1067 5816 modo
1082 5763 1221 5833 manatio.
