3878 6150
517 509 1013 632 emturum
1062 512 1325 640 PAPAE
1378 510 1412 630 1

234 718 673 861 EPISTOLAa
720 720 838 858 AD
886 720 1158 860 DAVlD
1207 716 1706 862 EPISCOPUM.

386 1042 526 1107 *Probat
541 1061 583 1108 ex
604 1043 705 1107 sacris
718 1042 847 1119 litteris,
865 1061 1033 1109 summam
1047 1043 1240 1109 Trinitatem
1259 1044 1422 1108 unitatem
1440 1061 1523 1107 esse.

159 1173 405 1230 Reverendissimo
417 1175 497 1231 fratri
511 1177 641 1249 episcopo
655 1177 760 1248 David,
775 1177 941 1234 Benedictus
952 1181 1059 1263 ADeus
1075 1179 1170 1241 lsrael,
1187 1181 1236 1248 qui
1245 1178 1319 1233 sedes
1340 1193 1420 1248 super
1441 1179 1577 1233 cherubim
1598 1177 1661 1247 (iso.
1682 1178 1805 1250 xxxrrrl?

121 1269 247 1324 salutem
261 1268 290 1323 in
303 1269 431 1325 Domino.
992 1271 1019 1328 Si
1033 1273 1125 1326 unitas
1139 1275 1259 1341 nonest,
1273 1287 1360 1342 quare
1375 1289 1382 1326 r
1397 1274 1446 1342 qui
1455 1272 1539 1334 sedes,
1550 1270 1630 1338 dixit,
1643 1275 1671 1326 et
1682 1287 1739 1326 non
1755 1272 1804 1343 qui

161 1363 342 1434 Respondete
365 1362 465 1418 litteris
489 1362 586 1418 vestris
597 1364 709 1435 plenius
732 1364 870 1436 cogitari3
893 1365 942 1420 sed
992 1365 1274 1436 sedetis,etadjunxit
1284 1363 1569 1437 {lobb.,abstruxit]?
1583 1364 1610 1419 Si
1619 1365 1738 1421 Trinitas
1747 1381 1805 1420 non

122 1473 191 1511 cunr
207 1456 260 1511 hoc
272 1457 436 1525 meditarer,
447 1458 542 1512 tantus
551 1474 597 1513 me
604 1458 685 1513 dolor
692 1458 794 1531 tetigit,
809 1465 840 1514 ut
852 1459 943 1531 magis
992 1464 1043 1529 est,
1058 1475 1145 1531 quare
1160 1459 1189 1514 in
1202 1461 1366 1531 Regnorum
1387 1459 1460 1513 libro
1482 1457 1594 1527 dicitur,
1618 1461 1727 1514 Domine
1738 1462 1808 1515 Deus

123 1551 194 1606 ssere
207 1567 293 1622 quarn
315 1551 423 1622 aliquid
444 1550 548 1621 dicere,
571 1552 725 1607 delectatus
745 1554 808 1608 sim.
833 1553 885 1609 Sed
907 1570 942 1608 ne
992 1557 1165 1623 omnipotens,
1186 1557 1254 1608 Deus
1272 1555 1367 1615 Ιεεθθῖ,
1385 1568 1514 1607 ammones
1536 1555 1577 1607 tui
1593 1552 1684 1622 idelis
1697 1558 1760 1608 sunt
1773 1553 1810 1621 (ll

122 1645 253 1700 lrmditus
264 1649 432 1713 remaneret,
443 1660 534 1715 pauca
542 1644 621 1699 vobis
630 1645 783 1701 rescribere
791 1647 896 1715 curari,
907 1647 941 1702 ad
992 1649 1056 1716 Dep.
1071 1662 1120 1715 ru,
1136 1649 1179 1703 Ill
1194 1650 1259 1716 ch.
1273 1647 1350 1718 rur)?
1363 1646 1390 1701 si
1402 1645 1495 1700 unitas
1511 1649 1633 1714 nonest,
1652 1663 1739 1716 quare
1753 1649 1805 1711 tui,

123 1739 236 1811 potiora
250 1755 297 1792 ros
315 1740 443 1810 tempora
464 1754 589 1810 congrue
602 1738 733 1794 inritans.
754 1740 833 1805 Quod
845 1747 942 1795 autem
992 1740 1105 1811 dicitur,
1120 1746 1148 1795 et
1161 1757 1230 1808 non,
1244 1740 1339 1806 vestri,
1357 1738 1451 1810 potius
1464 1739 1630 1793 intimetur?
1643 1739 1671 1794 Si
1685 1740 1806 1796 Trinitas

123 1833 228 1887 litteras
252 1837 308 1887 tuae
331 1837 415 1887 testes
431 1837 507 1902 sunt,
523 1833 661 1903 quosdam
674 1834 749 1887 intra
768 1835 943 1905 provinciam
992 1839 1112 1903 nonest,
1128 1834 1223 1889 curin
1243 1833 1353 1904 psalmo
1368 1849 1433 1889 rvur
1451 1835 1600 1887 cantatur:
1617 1836 1726 1889 Domine
1738 1838 1808 1891 Deus

123 1927 260 1982 Baeticam
273 1942 344 1995 esse,
355 1926 404 1998 qui
413 1925 550 1998 dicerent,
560 1927 706 1982 neminem
719 1928 943 2000 veraciterposse
991 1926 1133 1990 uirtutum,
1159 1930 1227 1982 Deus
1244 1928 1338 1991 lsrael,
1358 1927 1466 1982 intende
1487 1926 1525 1981 ed
1544 1927 1698 1982 euitandas
1719 1943 1808 1984 omnes

123 2021 257 2093 probare,
270 2020 437 2074 Trinitatem
457 2020 594 2075 unitatem
615 2021 686 2089 lleri,
701 2037 767 2076 cum
780 2038 872 2092 neque
887 2025 943 2076 tres
992 2025 1103 2093 pentes?
1123 2021 1151 2076 Si
1174 2021 1267 2076 unitas
1280 2037 1338 2076 non
1360 2026 1412 2090 est,
1432 2035 1519 2092 quare
1540 2021 1648 2075 intende
1661 2021 1765 2091 posuit,
1779 2026 1808 2076 et

123 2131 227 2185 unum,
239 2130 332 2187 neque
344 2129 436 2168 unum
448 2113 477 2168 in
491 2114 580 2169 trihus
593 2119 686 2186 posset
699 2131 871 2186 quemquam
880 2132 943 2188 pro
992 2132 1060 2184 non,
1074 2114 1221 2185 intendite,
1236 2120 1268 2169 ut
1286 2114 1453 2186 praedicatus
1466 2118 1518 2183 est,
1530 2113 1693 2169 intimavit?
1706 2114 1733 2169 Si
1746 2115 1805 2170 Tri·

123 2209 186 2280 prie
199 2207 356 2281 approbare
379 2225 386 2261 ε
409 2224 478 2279 quas
501 2208 536 2262 ob
561 2225 667 2278 causas,
690 2208 868 2264 dilectissime
891 2209 941 2280 iili,
992 2210 1065 2264 nitas
1077 2218 1135 2264 non
1146 2212 1198 2277 θεῖ,
1211 2225 1299 2280 quare
1312 2209 1342 2262 in
1352 2207 1517 2279 Apocalypsi
1529 2207 1613 2263 tertio
1625 2207 1696 2263 dixit
1715 2210 1807 2266 :Son-

122 2303 254 2357 consulta
277 2301 329 2356 tibi
351 2302 512 2372 apostolicae
527 2302 601 2356 sedis
615 2302 743 2357 misimus
756 2344 763 2373 ,
778 2308 811 2358 ut
830 2307 880 2358 aut
898 2303 943 2357 his
992 2307 1183 2367 ctus,sonctus,
1190 2308 1308 2366 sanctus,
1315 2305 1441 2359 Dominus
1451 2304 1808 2372 Demomuiporenapairsr,

123 2412 171 2451 eos
181 2396 218 2451 ad
234 2399 340 2450 rectam
358 2394 443 2450 iidem
458 2394 581 2450 converti
598 2395 691 2466 iacias,
715 2399 764 2450 aut
778 2396 812 2451 ah
827 2397 944 2452 ecclesia
993 2395 1237 2467 etquierotlrlpoc.
1252 2397 1308 2466 rv)?
1323 2396 1349 2451 Si
1359 2394 1453 2450 unitas
1460 2411 1517 2449 non
1528 2397 1674 2466 esl,quare
1681 2411 1749 2465 non,
1759 2396 1809 2468 qui

122 2495 277 2561 antequam
292 2489 377 2560 pestis
390 2490 451 2563 liaec
467 2489 550 2544 latius
562 2489 733 2561 divulgetur,
753 2490 881 2561 repellas.
896 2491 944 2545 llis
993 2495 1069 2558 sunt,
1084 2489 1239 2561 pluraliter,
1254 2490 1313 2556 sed,
1322 2492 1445 2559 quierat,
1459 2488 1637 2559 designarit?
1648 2488 1677 2544 Si
1687 2489 1808 2545 Trinitas

124 2584 234 2656 (irater)
249 2582 457 2654 scripturarum
470 2583 639 2638 testimoniis
657 2585 784 2656 (ltlracius
803 2585 868 2640 ndu.
886 2587 943 2642 Vo-
953 2563 982 2638 Β
993 2601 1053 2641 θοθ
1068 2589 1118 2652 θεῖ,
1134 2599 1222 2654 quare
1235 2583 1265 2649 in
1281 2583 1499 2638 Deuteronomio
1514 2582 1698 2637 dictumest:
1716 2586 1809 2639 Domi·

123 2677 273 2746 rimadum,
288 2694 313 2732 c.
330 2675 353 2748 l)
376 2677 515 2732 imitatem
530 2677 672 2732 Trinitatis
693 2694 823 2749 agnosce,
846 2681 875 2733 et
894 2679 944 2733 dc·
993 2694 1043 2733 nus
1055 2680 1124 2733 Deus
1140 2682 1215 2741 tuus,
1237 2679 1305 2732 Deus
1324 2680 1474 2732 misericors
1497 2681 1545 2747 θεῖ,
1571 2680 1597 2730 et
1613 2677 1706 2731 audiet
1721 2692 1809 2737 vocem

124 2771 186 2826 siue
212 2769 381 2825 Asianorum
405 2770 572 2842 pravitatem
600 2772 699 2843 sequi,
728 2776 758 2826 ut
783 2772 818 2826 ab
846 2772 945 2827 eadem
994 2777 1069 2828 tuom
1085 2771 1201 2841 (Denter.
1216 2770 1272 2843 rrl?
1285 2770 1313 2826 Si
1327 2771 1418 2825 unitas
1428 2787 1487 2824 non
1499 2773 1550 2839 est,
1562 2786 1649 2842 quare
1659 2752 1809 2844 audietffl·

124 2865 215 2938 possis
241 2870 421 2936 peccatorum
448 2863 656 2936 indulgentiam
680 2864 848 2938 promereri,
875 2866 946 2920 lsaia
994 2866 1060 2933 suit,
1077 2867 1105 2920 θῖ
1122 2881 1180 2919 θοθ
1198 2864 1323 2933 audient,
1339 2863 1497 2919 intimavit?
1510 2864 1537 2919 si
1550 2863 1670 2918 Trinitas
1683 2881 1742 2921 non
1756 2871 1808 2931 est,

123 2960 266 3032 propheta
278 2959 387 3014 dicente
402 2975 409 3013 ε
434 2959 502 3016 Vide
521 2962 664 3014 Dominum
684 2961 798 3015 sabooth
812 2961 945 3015 sedentem
994 2976 1082 3033 quare
1093 2959 1124 3014 in
1135 2960 1200 3013 lesu
1213 2959 1285 3014 liare
1298 2958 1401 3013 dicitur
1412 2957 1503 3014 libro:
1522 2960 1650 3014 Dominus
1662 2962 1731 3016 Deus
1744 2961 1808 3018 deo·

123 3070 207 3124 super
217 3054 343 3108 tironum
357 3053 498 3116 eacetsum,
507 3055 677 3123 etseroptim
690 3055 799 3109 stabant
809 3056 944 3109 incircui-
993 3070 1055 3110 rum
1068 3059 1108 3109 θεῖ
1118 3053 1204 3124 (ῖοεῖῖθ
1217 3070 1254 3123 ιι;
1268 3057 1346 3110 Deut.
1360 3053 1406 3126 x)?
1426 3052 1454 3108 Si
1474 3053 1567 3108 unitas
1581 3069 1639 3108 non
1656 3059 1707 3122 θεῖ,
1721 3071 1809 3127 quare

124 3154 155 3202 iu
169 3148 229 3218 ejus
243 3167 251 3203 ε
265 3163 311 3202 sear
323 3148 375 3202 olae
388 3150 447 3210 uni,
467 3149 492 3201 et
507 3161 555 3201 sec
567 3148 619 3202 ota
633 3149 724 3202 elteri.
740 3149 850 3203 Duabus
870 3149 944 3202 uelo·
994 3152 1042 3212 est,
1058 3148 1182 3215 diriter
1200 3165 1268 3217 non,
1291 3152 1367 3215 sunt,
1382 3164 1461 3203 more
1476 3147 1626 3202 locutionis
1638 3148 1768 3205 induxit?
1783 3150 1811 3206 Si

126 3242 193 3296 barat
204 3243 303 3309 sanem
315 3241 381 3310 eius,
395 3242 500 3295 duobus
510 3246 600 3295 cutem
612 3241 739 3297 uelabant
747 3243 830 3313 pedes
844 3242 910 3312 ejus,
920 3246 946 3296 et
994 3243 1115 3299 Trinitas
1132 3260 1191 3298 non
1210 3248 1262 3312 cst,
1282 3259 1369 3314 quare
1380 3243 1453 3296 Elias
1467 3241 1633 3311 oranoellll
1642 3246 1707 3312 Dep.
1720 3245 1808 3314 rann),

125 3337 232 3391 duatus
245 3337 383 3391 uolebant.
397 3339 432 3392 Et
445 3336 600 3390 clamabunt
617 3336 654 3390 ad
668 3337 838 3400 alterutrum,
853 3337 944 3390 dicen-
995 3339 1114 3401 Domine,
1128 3338 1243 3401 domiue,
1262 3337 1367 3392 domine
1384 3340 1452 3391 Deus
1464 3336 1558 3398 lsrael,
1576 3337 1681 3391 ostende
1702 3339 1767 3406 qnia
1781 3342 1810 3392 tu

126 3436 163 3486 tes
177 3449 186 3484 ε
201 3432 327 3494 Sanctus,
340 3434 460 3494 sanctus,
470 3435 598 3496 sanctuar
614 3432 741 3485 Dominus
753 3433 823 3486 Deus
833 3431 946 3485 sabooth
995 3447 1021 3487 es
1034 3422 1103 3486 Deus
1117 3446 1201 3494 meus,
1217 3429 1310 3485 dixit?
1324 3429 1353 3485 si
1366 3429 1460 3484 unitas
1472 3445 1530 3483 θοθ
1542 3433 1594 3496 θεῖ,
1608 3445 1705 3501 quare,
1720 3436 1808 3485 osten-

126 3526 189 3595 (lsa.
214 3524 262 3597 rr).
280 3524 310 3580 Si
324 3523 444 3579 Trinitas
457 3539 514 3579 non
529 3526 580 3593 θεῖ,
597 3540 684 3595 quare
705 3524 799 3592 tertio,
820 3528 943 3594 sanctus,
994 3526 1037 3588 de,
1051 3529 1080 3579 et
1098 3540 1157 3579 non
1176 3523 1324 3593 ostendite,
1348 3522 1461 3594 posuit?
1482 3522 1509 3577 Si
1532 3521 1651 3577 Trinitas
1672 3539 1730 3578 non
1755 3529 1809 3594 est,

125 3618 278 3674 dixerunt?
292 3617 359 3673 Etsi
374 3619 467 3683 unitas
480 3622 599 3687 nonest,
616 3634 702 3690 quare
716 3618 768 3672 sub
781 3617 855 3672 trina
867 3633 946 3688 repe
995 3634 1045 3673 cur
1059 3616 1249 3673 Mardochaeus
1264 3617 1369 3672 orando
1384 3617 1496 3686 (Esther.
1511 3618 1579 3688 rur),
1594 3619 1713 3681 Domine,
1722 3618 1809 3674 domi-

124 3714 224 3768 titione
237 3729 328 3767 unum
337 3713 425 3768 Deum
436 3729 468 3766 ac
476 3712 628 3767 Dominum
642 3712 833 3768 intimarunt?
847 3711 875 3767 Si
888 3711 946 3765 Tri·
994 3729 1026 3768 ne
1036 3717 1104 3768 Deus
1113 3714 1287 3784 omnipotens,
1298 3714 1388 3767 omnia
1398 3714 1427 3766 in
1432 3715 1565 3783 potestate
1579 3717 1626 3767 tua
1637 3716 1710 3775 sunt,
1722 3711 1811 3768 dixit?

125 3808 201 3862 nitas
215 3810 338 3877 nonest,
359 3806 453 3861 curin
469 3807 608 3861 Geneseos
620 3806 749 3861 dicitur:
777 3808 853 3862 Dicit
865 3809 944 3868 Deus,
994 3807 1022 3863 si
1036 3806 1130 3862 unitas
1141 3823 1199 3862 non
1221 3812 1272 3877 θεῖ,
1297 3821 1384 3878 quare
1403 3807 1433 3860 in
1455 3811 1502 3861 tuo
1526 3806 1630 3877 posuit,
1652 3809 1680 3861 et
1700 3823 1758 3861 non
1779 3806 1810 3861 in

126 3903 191 3969 [ecit
205 3901 542 3965 DeusettenediritDeus
556 3901 659 3973 (denes.
674 3901 711 3972 1)?
723 3900 751 3956 Si
768 3916 834 3954 vero
851 3898 945 3954 unitas
954 3936 982 4014 C
994 3904 1095 3969 vestra,
1123 3900 1264 3973 signarit?
1286 3892 1319 3956 ¹Si
1343 3899 1464 3955 Trinitas
1485 3917 1543 3955 non
1569 3905 1621 3968 θεῖ,
1648 3917 1699 3954 cur
1723 3901 1810 3956 etiam

126 4011 184 4050 non
199 3997 253 4064 est,
267 4010 354 4067 quare
369 3994 452 4049 tertio
466 3994 547 4065 dixit,
562 3996 645 4066 Deus,
657 3999 685 4050 θῖ
697 4011 754 4049 θοθ
767 3995 833 4049 deos
846 3995 943 4066 plura·
993 3996 1091 4051 iudith
1105 3996 1211 4052 orando
1226 3992 1298 4051 dixit
1312 4011 1319 4050 ε
1334 3997 1442 4051 Domine
1453 3998 1522 4050 Deus
1534 3996 1652 4050 omnium
1664 3997 1808 4059 uirtutum,

127 4088 191 4145 liter
204 4088 430 4144 commendarit?
445 4089 479 4143 Et
496 4088 520 4143 si
536 4088 656 4143 Trinitas
669 4105 727 4143 non
741 4093 792 4158 est,
812 4105 900 4161 quare
914 4087 944 4143 iu
994 4093 1093 4160 respice
1112 4092 1141 4145 in
1160 4093 1307 4146 orationem
1331 4105 1419 4144 meam
1448 4089 1561 4159 (tuditi.
1585 4089 1642 4159 rr)?
1662 4087 1690 4142 Si
1716 4089 1810 4142 unitas

128 4183 222 4238 Exodo
235 4183 344 4237 dictum
365 4183 523 4237 estterlio:
548 4186 665 4245 Domine,
690 4183 805 4247 domine,
827 4183 942 4245 domiue,
993 4189 1117 4252 nonest,
1142 4201 1240 4257 quare,
1265 4186 1374 4254 respice,
1397 4183 1501 4254 posuit,
1524 4186 1553 4236 θῖ
1575 4198 1643 4250 θοθ,
1667 4181 1808 4252 respicite,

129 4280 270 4333 ῖιῖῖεθεθῖοῖ
283 4282 309 4332 et
322 4278 471 4331 misericors
493 4277 590 4347 (Eroti.
606 4277 712 4348 rxxrrl?
734 4277 762 4332 Si
776 4276 870 4331 unitas
884 4291 943 4331 non
993 4278 1168 4350 designauit?
1188 4278 1216 4333 Si
1235 4276 1354 4331 Trinitas
1374 4292 1431 4330 non
1453 4280 1505 4342 θεῖ,
1531 4289 1618 4345 quare
1637 4274 1667 4328 in
1688 4274 1810 4329 Ieremia

130 4377 177 4439 est,
191 4387 282 4443 quare
295 4367 364 4426 dnm
378 4369 461 4425 tertio
476 4370 589 4438 diceret,
602 4370 732 4440 Domine,
745 4375 841 4443 postea
853 4370 941 4424 misc·
994 4372 1106 4442 dicitur,
1119 4374 1248 4428 Dominus
1265 4374 1333 4426 Deus
1352 4375 1437 4425 vester
1454 4372 1522 4425 Deus
1544 4383 1628 4423 ueras
1641 4372 1680 4422 θεῖ
1702 4367 1806 4439 (ierem.

131 4474 205 4525 rator
217 4469 401 4540 singulariter
410 4469 491 4538 dixit,
503 4472 531 4524 et
543 4486 600 4524 non
610 4469 798 4536 miseratores,
807 4471 840 4523 ut
848 4468 942 4540 plures
994 4466 1039 4538 xl?
1053 4465 1079 4521 Si
1094 4465 1188 4521 unitas
1200 4481 1258 4519 non
1271 4468 1322 4533 est,
1337 4479 1435 4535 quare,
1446 4479 1530 4518 veroa
1541 4467 1589 4525 est,
1606 4461 1687 4530 dixit,
1700 4466 1728 4518 ct
1738 4478 1807 4533 non,

131 4563 298 4633 ostenderet,
313 4562 475 4618 intimavit?
487 4563 514 4618 Si
522 4563 642 4618 Trinitas
654 4567 778 4631 nonest,
796 4578 846 4616 cur
860 4561 945 4616 Abra-
994 4577 1116 4632 veraces,
1128 4559 1220 4633 potius
1232 4557 1394 4614 intimarit?
1409 4556 1437 4613 Si
1451 4557 1572 4612 Trinitas
1584 4572 1643 4612 non
1655 4562 1706 4626 est,
1721 4573 1808 4630 quare
1845 4627 1848 4636 Ι

119 4656 194 4713 -ham
206 4658 242 4713 ad
257 4656 350 4712 ilicem
363 4657 485 4713 llambrc
496 4657 605 4729 sedens,
616 4657 762 4729 tribusque
784 4671 943 4725 occurrens,
994 4655 1024 4711 in
1036 4653 1202 4727 Apocalypsi
1214 4651 1350 4725 scriptum
1364 4656 1407 4707 est
1422 4668 1429 4707 ι
1448 4653 1576 4708 Dominus
1595 4656 1664 4707 Deus
1685 4656 1711 4706 et
1723 4653 1808 4722 spiri-

132 4753 178 4807 oni
191 4753 309 4814 θῖθῖιιῖιιθ,
325 4751 395 4806 dixit
412 4752 513 4822 (Gener.
528 4749 621 4822 xrrrr);
641 4757 669 4806 et
685 4767 743 4806 non
764 4751 805 4821 (θῖ
826 4750 944 4821 viderat)
994 4757 1037 4807 tus
1047 4750 1243 4822 prophetorum
1254 4749 1329 4803 misit
1340 4747 1466 4817 angelum
1474 4761 1561 4813 suum,
1578 4746 1713 4801 ostendere
1725 4748 1808 4801 seruis

133 4851 218 4907 tribus
227 4850 404 4905 salutationis
413 4850 580 4922 obsequium
590 4849 732 4905 reddidit?
745 4849 773 4904 Si
782 4848 875 4904 unitas
886 4865 944 4903 non
993 4849 1050 4901 suis
1067 4860 1126 4915 quae
1135 4846 1238 4914 oportet
1248 4844 1309 4912 fieri
1316 4845 1367 4896 cito
1381 4841 1475 4912 (Apoe.
1489 4839 1528 4912 rl‘?
1538 4839 1566 4896 si
1579 4840 1671 4894 unitas
1683 4855 1741 4894 non
1755 4844 1807 4910 est,

133 4945 178 5009 est,
200 4956 291 5012 quare
315 4956 381 4995 cum
405 4941 472 4995 Mos.
484 4941 580 5009 (Emori.
596 4939 648 5012 ru),
664 4943 732 4995 Deus
750 4940 900 5002 Abraham,
919 4942 944 4993 et
994 4955 1081 5012 quare
1095 4954 1160 4992 cum
1174 4937 1286 4991 Patrem
1299 4942 1327 4991 et
1339 4935 1440 4991 Filium
1451 4938 1479 4991 et
1491 4933 1627 5005 Spiritum
1637 4933 1807 5003 nominasse,

131 5035 194 5090 Deus
211 5037 303 5099 lsooc,
319 5039 344 5089 et
364 5039 432 5090 Deus
453 5035 545 5099 Jacob,
566 5033 650 5090 tertio
668 5034 782 5102 diceret,
805 5033 944 5089 unitatem
992 5035 1067 5089 misit
1080 5033 1218 5095 Dominus,
1234 5029 1314 5101 dixit,
1329 5033 1357 5086 et
1367 5046 1435 5098 non,
1450 5025 1599 5097 miserunt,
1607 5026 1659 5081 sub
1669 5030 1809 5099 praetextu

132 5130 289 5199 ostendens,
304 5130 439 5184 licemini
453 5145 549 5184 nomen
562 5133 609 5192 θεῖ,
630 5128 716 5198 dixit;
742 5133 770 5183 θῖ
789 5144 858 5197 θοθ,
881 5127 944 5181 llaec
993 5120 1809 5199 triumpersonarumetnominumintrodurit?SiTrinitas

130 5229 193 5279 aar
204 5228 304 5279 nostra
317 5223 433 5278 nomina
474 5222 631 5295 esignavit?
644 5222 673 5278 Si
686 5222 807 5277 Trinitas
820 5238 877 5276 non
890 5223 942 5292 θεῖ,
993 5226 1115 5290 nonest,
1131 5235 1220 5292 quare
1240 5218 1271 5273 in
1292 5215 1508 5273 Deuteronomio
1529 5214 1634 5270 dicitur
1653 5232 1661 5271 a
1682 5218 1809 5272 Dominus

129 5331 214 5391 quare
227 5316 315 5372 David
329 5316 411 5373 tertio
423 5317 495 5372 dixit
517 5334 523 5371 :
543 5317 686 5374 Benedicat
701 5332 749 5372 nos
772 5319 850 5380 Dcus,
876 5317 944 5370 Deus
994 5319 1063 5371 Deus
1076 5319 1162 5370 uester
1174 5312 1217 5368 iric
1229 5317 1277 5375 eat,
1290 5313 1358 5367 Deus
1373 5310 1459 5381 (Deut.
1474 5310 1521 5381 xl?
1538 5308 1566 5365 Si
1579 5309 1672 5365 unitas
1685 5314 1808 5379 nonest,

128 5417 225 5477 aare,
242 5411 381 5467 ῖθθθθῖῖθθῖ
400 5427 447 5466 nos
468 5414 536 5467 Deus
558 5412 667 5484 (Psalm.
692 5410 784 5482 xcvr)?
802 5409 830 5465 Si
850 5407 944 5464 unitas
994 5425 1091 5484 quare,
1105 5411 1155 5464 Hic
1167 5411 1215 5476 est,
1230 5405 1310 5473 dixit,
1324 5410 1352 5460 et
1363 5421 1430 5473 non,
1442 5404 1473 5459 hi
1484 5410 1560 5472 sunt,
1570 5402 1675 5476 plurali
1687 5416 1807 5459 numero

127 5511 251 5574 nonest,
272 5521 360 5578 quare
377 5521 455 5574 curn,
474 5509 544 5562 Deus
568 5505 651 5561 tertio
665 5505 848 5573 nominasset,
866 5505 942 5559 bene·
994 5501 1167 5576 designavit?
1180 5500 1209 5556 Si
1222 5499 1343 5555 Trinitas
1363 5503 1487 5570 nonest,
1503 5514 1591 5571 quare
1606 5498 1637 5552 in
1651 5496 1750 5551 eodem
1762 5491 1807 5548 di-

127 5601 211 5665 dicat,
226 5605 257 5655 et
268 5615 338 5670 θοθ,
354 5599 530 5671 benedicant,
545 5600 698 5672 adjunxit?
713 5600 740 5656 Si
754 5586 874 5654 Trinitas
887 5613 945 5653 non
994 5597 1067 5652 citur
1080 5595 1151 5650 libro
1168 5611 1175 5651 ε
1190 5598 1317 5651 Dominus
1329 5598 1399 5651 Deus
1414 5598 1495 5658 tuus,
1511 5597 1579 5648 Deus
1592 5602 1706 5658 moeniis
1719 5591 1745 5641 et
1756 5601 1808 5656 po-

127 5701 179 5770 est,
200 5712 253 5752 cur
265 5694 349 5750 isaias
369 5693 463 5750 denuo
486 5695 580 5751 dixit:
600 5697 711 5753 Domine
732 5697 801 5750 Deus
821 5693 944 5759 sabootli,
995 5696 1051 5748 tens
1064 5694 1102 5746 est
1116 5689 1265 5765 (ibid.)?Si
1276 5689 1368 5746 unitas
1377 5705 1434 5745 non
1444 5692 1495 5756 est,
1505 5684 1808 5757 quaremarnusetpo·

165 5849 179 5881 ·
192 5849 273 5907 Talae
285 5854 314 5906 st
325 5817 521 5908 commentitia
534 5850 682 5910 abeodem
695 5852 847 5910 llercatore
861 5851 985 5926 farrago.
996 5849 1080 5906 Lusa.
