3884 6150
208 288 259 343 943
772 279 898 336 sacnti
917 278 1012 335 snxn
1031 271 1308 334 snrptnunnrnll.
1835 271 1886 326 tili

207 393 405 462 successiones,
421 395 450 447 et
461 387 521 445 viro
534 394 563 445 et
574 389 656 444 uxori
669 387 752 458 (sicut
771 388 963 459 prediximus)
977 387 1019 441 fa·
1031 386 1175 473 pfectum
1190 389 1231 440 est
1242 384 1308 453 tale,
1330 381 1439 437 nullam
1456 379 1653 435 necessitatem
1675 394 1738 434 esse
1752 393 1885 433 reveren-

209 486 348 543 ciendam.
1070 479 1191 536 dissimis
1204 475 1368 546 economis,
1383 474 1494 530 duobus
1518 473 1679 530 heredibus
1698 470 1885 540 cessantibus,

245 579 321 635 Scire
331 582 426 633 eutem
435 575 634 647 emphyteutas
644 574 784 642 convenit,
797 575 864 645 quia
872 572 933 628 siin
944 573 1022 629 bien·
1070 573 1178 629 ceteris
1192 572 1313 627 tradere.

210 672 257 726 nio
269 670 403 725 contiuuo
417 684 474 723 non
489 667 657 723 exsolverint
677 667 923 739 emphyteuticum
936 683 1020 721 cano·
1106 666 1133 722 si
1149 666 1212 738 quis
1223 669 1320 719 autem
1332 661 1452 717 voluerit
1468 660 1594 733 accipere
1614 660 1776 715 secundum
1802 658 1883 713 ratio·

209 779 276 820 nem
289 762 351 828 [hoc
363 759 440 815 cuim
457 766 569 831 tempus
584 777 635 831 pro
649 760 772 814 triennio
787 759 908 813 aliorum
927 759 1020 813 homi·
1070 775 1137 815 nem
1151 775 1228 829 usus,
1248 761 1300 811 aut
1312 756 1361 828 qui
1380 758 1499 810 vocatur
1512 754 1700 822 ususfructus,
1713 768 1781 808 rem
1804 751 1884 806 eccle·

207 851 1022 922 numsufficcreadcasumecclesiasticarumautptochica·
1071 851 1210 907 siasticam
1225 854 1275 905 aut
1288 847 1472 904 sanctissime
1492 848 1609 918 mayoris
1626 845 1765 914 ecclesie,
1782 847 1835 898 aut
1847 845 1883 898 al·

208 962 273 1000 rum
283 944 506 1016 emphyteuseon
519 962 571 1016 pro
584 944 739 999 uonsoluto
752 959 859 998 canone
867 943 1019 1014 ponimus),
1070 945 1157 1000 terius
1179 942 1340 1016 cujuslibet,
1355 958 1419 1013 que
1433 941 1464 995 iu
1478 940 1556 995 omni
1576 944 1672 994 nostra
1695 937 1808 993 ditione
1825 942 1887 991 suut

208 1039 278 1092 fient
291 1036 408 1091 omnino
431 1037 559 1092 extranei
574 1038 835 1109 emphyteumatos,
855 1041 884 1092 et
901 1036 1020 1092 volenti·
1072 1038 1179 1110 posite,
1195 1041 1245 1091 aut
1266 1035 1455 1107 ptochiorum,
1478 1033 1594 1088 omnino
1617 1030 1761 1103 percipiat
1775 1031 1842 1096 hoc,
1864 1038 1889 1084 et

208 1131 261 1187 hus
283 1130 441 1202 prepositis
461 1134 623 1184 sanctarum
644 1130 782 1185 domuum
803 1130 899 1184 licebit
914 1130 1022 1200 predia
1071 1129 1229 1186 secundum
1249 1128 1414 1200 predictam
1434 1125 1671 1193 observationem,
1686 1128 1716 1179 et
1729 1123 1890 1178 secundum
1918 1138 1924 1145 ·

208 1228 258 1279 aut
272 1224 374 1279 domus
396 1223 546 1291 vindicare,
563 1223 670 1278 nullam
685 1223 876 1278 metuentibus
890 1223 1021 1277 meliora·
1070 1225 1192 1278 formam
1208 1221 1416 1276 constitutionis
1428 1220 1527 1275 Leonis
1545 1219 1601 1291 piae
1617 1217 1781 1285 memoriae,
1795 1221 1828 1270 ut
1839 1216 1891 1271 iste

209 1316 321 1371 tionum
332 1314 537 1386 repetitionem.
560 1315 615 1371 Sed
628 1315 770 1386 siquidem
788 1315 911 1370 deterius
924 1314 1023 1370 fecerit
1071 1317 1196 1387 locuples
1216 1315 1348 1382 existens,
1360 1318 1388 1368 et
1400 1313 1566 1368 substantie
1580 1310 1736 1366 immobilis
1757 1308 1890 1364 dommus

209 1408 360 1480 predium,
376 1406 832 1476 autsuburbanum,autdomum,
848 1407 1023 1478 quiemphy·
1071 1409 1156 1463 uliam
1167 1424 1234 1463 mox
1247 1424 1308 1463 rem
1330 1407 1487 1462 secundum
1501 1404 1683 1477 proprietatis
1693 1405 1744 1474 jus
1760 1418 1892 1474 compen·

210 1500 303 1556 teusin
317 1498 452 1570 percepit,
472 1499 534 1570 cogi
549 1515 617 1554 eum
631 1500 665 1555 dc
678 1516 729 1554 suo
741 1500 916 1571 diligentiam
929 1517 960 1554 ac
975 1515 1021 1554 re·
1071 1506 1113 1557 set
1135 1501 1318 1556 sanctissimae
1339 1499 1474 1568 ecclesie,
1494 1503 1543 1554 aut
1554 1496 1710 1553 venerabili
1727 1496 1839 1564 domui,
1856 1511 1889 1550 ex

211 1593 385 1648 stitutionem
398 1591 482 1664 prisci
491 1596 579 1646 status
588 1592 692 1661 lacere,
702 1592 915 1663 obligatumque
925 1592 960 1647 ad
969 1592 1022 1647 hoc
1071 1610 1128 1665 qua
1141 1595 1193 1649 hoc
1205 1593 1341 1666 percepit,
1355 1595 1446 1647 tantos
1460 1595 1490 1647 et
1503 1592 1574 1647 tales
1587 1591 1747 1646 inferentes
1772 1587 1887 1657 reditus,

211 1701 271 1741 esse
285 1691 314 1740 et
325 1685 428 1756 ipsum,
444 1688 473 1739 ct
485 1684 610 1740 heredes
626 1684 697 1755 ejus,
712 1690 741 1740 et
751 1700 933 1754 successures,
946 1685 1021 1757 ejus·
1071 1691 1190 1759 quantos
1203 1691 1253 1741 aut
1266 1686 1363 1758 quales
1373 1685 1460 1741 habet
1470 1685 1511 1754 id,
1527 1684 1603 1757 quod
1616 1684 1712 1753 datur,
1729 1685 1766 1737 ut
1785 1681 1890 1752 itepost

211 1794 266 1849 que
280 1794 335 1847 ras,
346 1777 462 1848 insuper
474 1779 503 1832 et
521 1776 630 1833 debitos
644 1793 744 1833 omnes
757 1777 864 1834 reditus
878 1777 939 1833 sine
949 1777 1021 1833 dila-
1031 1759 1060 1831 Β
1071 1779 1132 1851 ejus
1145 1779 1254 1834 obitum
1267 1779 1452 1834 ecclesiastica
1464 1782 1513 1833 aut
1525 1776 1656 1849 ptochica
1671 1792 1718 1830 res
1732 1779 1888 1831 revertatur

211 1870 287 1926 tione
301 1869 387 1942 exigi.
1071 1872 1107 1928 ad
1121 1872 1310 1928 venerabilem
1323 1873 1441 1928 domum
1451 1887 1517 1926 cum
1530 1886 1593 1938 usu,
1608 1869 1659 1940 qui
1671 1869 1759 1924 datus
1768 1870 1824 1937 est,
1836 1883 1886 1922 nou

245 1963 326 2028 Quod
336 1968 432 2018 autem
442 1961 549 2017 dictum
562 1966 633 2016 esta
649 1962 740 2033 nobis,
753 1966 784 2018 ut
797 1963 902 2018 nullius
916 1964 1021 2019 immo·
1072 1965 1285 2021 transcendente
1299 1969 1411 2036 tempus
1427 1965 1492 2020 vite
1505 1962 1698 2036 percipientis,
1716 1959 1887 2032 accipiatau·

209 2054 274 2111 bilis
285 2055 327 2111 rei
340 2054 536 2110 ecclesiastice
548 2059 598 2110 aut
611 2055 750 2126 ptochicae
762 2055 893 2111 alienatio
908 2056 944 2112 sit
956 2073 1021 2127 per·
1071 2062 1130 2114 tem
1142 2058 1272 2113 similiter
1285 2063 1314 2114 et
1326 2058 1367 2113 rei
1380 2056 1410 2112 in
1425 2056 1688 2128 compensationem
1702 2054 1783 2109 date
1797 2068 1885 2120 mum,

210 2148 305 2216 missa,
319 2147 356 2202 ad
370 2147 478 2202 nullam
491 2151 595 2202 nostrae
612 2146 776 2219 reipublice
790 2164 938 2219 personam
954 2163 1021 2203 san·
1072 2154 1213 2223 quatenus
1231 2156 1295 2223 post
1318 2150 1499 2222 percipientis
1519 2149 1629 2204 obitum
1648 2152 1699 2202 aut
1714 2151 1840 2219 tempus,
1860 2146 1885 2200 in

209 2240 299 2296 cimus
311 2240 414 2308 valere,
428 2256 484 2294 non
507 2241 600 2294 solum
614 2255 699 2313 super
717 2240 914 2296 constantibus
930 2241 1022 2295 domi·
1072 2260 1128 2317 quo
1143 2244 1256 2299 donatio
1267 2259 1337 2299 usus
1350 2243 1490 2311 convenit,
1506 2258 1564 2297 non
1576 2239 1789 2296 transcendens
1799 2238 1885 2293 videli

211 2330 274 2399 bus,
288 2337 317 2387 et
328 2331 506 2401 suburbanis,
519 2336 547 2387 et
560 2332 659 2400 hortis,
675 2335 703 2387 et
713 2333 799 2404 agris,
811 2331 860 2387 sed
874 2333 958 2389 etiem
973 2350 1022 2387 su·
1072 2340 1117 2393 cet
1136 2336 1318 2409 percipientis
1339 2335 1436 2406 vitam,
1457 2341 1609 2407 utrumque
1624 2349 1661 2388 ax
1676 2336 1742 2388 toto
1757 2337 1787 2388 et
1799 2347 1885 2387 secun

210 2440 263 2497 per
276 2424 365 2478 ruinis
382 2424 447 2493 (sive
461 2424 586 2496 exigue,
603 2424 661 2479 sivo
680 2441 715 2480 ex
727 2429 901 2496 terremotu,
918 2425 975 2481 sive
987 2441 1023 2482 cx
1073 2430 1142 2485 dum
1154 2429 1360 2502 proprietatem
1375 2434 1403 2484 et
1416 2428 1573 2484 secundum
1591 2442 1677 2482 usum
1690 2425 1773 2497 apud
1782 2425 1885 2479 amotis

210 2516 337 2588 qualibet
348 2532 432 2570 eausa
447 2516 529 2570 raino
543 2515 585 2586 sit)
601 2520 629 2570 et
645 2516 674 2571 in
688 2517 732 2571 his
745 2533 810 2588 que
831 2518 947 2572 omnino
960 2519 1021 2574 des-
1073 2523 1174 2578 simam
1188 2522 1333 2578 ecclesiam
1348 2537 1546 2577 remansurum
1561 2520 1605 2574 sit.

210 2615 303 2666 tructa
311 2614 388 2680 sunt,
398 2616 426 2666 et
439 2611 469 2665 iu
477 2611 642 2682 pavimento
651 2612 757 2682 jacent,
769 2613 826 2667 sive
840 2613 959 2668 etiamin
973 2630 1023 2686 pu·
1107 2615 1178 2682 Quia
1190 2629 1256 2670 vero
1272 2615 1373 2670 Leonis
1385 2614 1440 2686 pie
1453 2613 1598 2669 memorie
1612 2609 1784 2667 constitutio
1797 2624 1887 2683 penas

211 2702 249 2758 ris
262 2704 352 2758 ruinis
364 2704 477 2758 nullum
492 2703 642 2758 editicium
665 2705 845 2775 habentibus,
859 2722 954 2778 neque
966 2723 1024 2762 ma·
1072 2725 1145 2781 pene
1158 2708 1335 2763 solummodo
1349 2708 1380 2763 in
1394 2706 1568 2762 venditiones
1582 2704 1718 2775 decrevit,
1731 2720 1784 2759 nos
1797 2707 1889 2758 auem

209 2800 310 2855 teriam
315 2800 467 2871 J'aeentem.
480 2800 540 2855 Non
553 2801 631 2855 enim
641 2800 671 2855 iu
683 2802 737 2856 illis
749 2803 950 2858 alienationem
960 2803 1023 2859 lleri
1073 2792 1272 2857 interdiximus
1295 2817 1353 2856 non
1365 2799 1539 2856 venditiones
1553 2798 1657 2866 solum,
1672 2798 1724 2853 sed
1750 2797 1836 2852 etiam
1846 2796 1889 2851 de

210 2893 410 2964 permittimus,
428 2893 482 2947 nisi
496 2893 596 2948 insola
610 2894 789 2965 emphyteusi
804 2896 962 2966 temporali,
982 2912 1024 2951 se·
1073 2895 1211 2964 nationes,
1227 2897 1256 2948 et
1269 2893 1503 2965 permutationes,
1519 2896 1548 2948 et
1560 2895 1714 2963 perpetuas
1727 2890 1890 2963 emphyteu-

212 2985 337 3039 cundum
351 2986 426 3056 quod
440 2986 549 3041 dudum
559 3003 576 3040 a
588 2987 669 3041 nobis
680 2987 847 3054 dictumest,
855 2993 883 3043 ct
895 2989 925 3042 in
935 2989 1024 3045 tribus
1073 3004 1128 3057 ses,
1142 2992 1171 3042 et
1185 2985 1339 3058 pignorum
1354 2987 1481 3043 dationes
1493 2985 1524 3040 in
1532 2984 1617 3040 rebus
1632 2982 1844 3049 immobilibus,
1855 2982 1890 3035 vi-

212 3077 340 3147 personis
350 3077 461 3145 talibus,
474 3078 571 3148 quales
582 3079 774 3149 prediximus.
1033 3081 1173 3193 cremus
1186 3081 1282 3137 autem
1293 3079 1431 3152 quosdam
1444 3078 1483 3133 sic
1496 3080 1640 3133 amatores
1653 3075 1779 3148 periculi
1797 3074 1892 3130 consti·

247 3171 282 3224 Et
294 3174 327 3223 ut
339 3184 431 3240 neque
445 3171 502 3224 ulla
516 3170 736 3243 circumscriptio
748 3173 777 3226 in
788 3189 848 3228 rem
860 3173 1022 3229 ecclesiasti·
1073 3180 1158 3246 tutos,
1174 3179 1206 3230 ut
1217 3178 1394 3247 presumant
1406 3171 1442 3227 ad
1456 3187 1489 3227 ea
1499 3187 1563 3242 que
1575 3168 1730 3224 interdicta
1740 3171 1809 3223 sunt
1821 3183 1891 3221 acce·

213 3277 275 3317 earn
288 3262 319 3317 in
332 3262 437 3317 talibus
448 3262 506 3330 liat,
522 3262 632 3318 duobus
650 3280 702 3335 per
714 3269 842 3336 tempora
857 3266 1025 3336 primatibus
1073 3268 1150 3338 dere,
1165 3273 1193 3323 ct
1205 3264 1479 3323 circumventionem
1493 3263 1584 3319 iacere
1596 3261 1711 3334 legibus
1722 3277 1757 3316 ex
1770 3261 1891 3315 volunta·

212 3355 395 3424 mechanicis,
409 3359 459 3410 aut
471 3355 640 3426 architectis,
655 3357 712 3411 sive
726 3357 756 3411 in
765 3358 817 3412 hau
829 3358 908 3430 regia
921 3364 949 3413 et
961 3375 1023 3414 ma·
1075 3367 1102 3415 te
1117 3365 1145 3415 et
1156 3360 1378 3433 presumptione
1393 3371 1478 3430 quam
1500 3355 1617 3423 habent,
1633 3358 1662 3408 et
1677 3371 1746 3426 que
1765 3353 1891 3408 omnibus

213 3448 289 3503 xima
302 3447 411 3502 civitate
430 3464 487 3502 una
504 3464 569 3503 cum
592 3449 648 3504 Deo
672 3449 841 3504 amabilibus
861 3451 1023 3521 oeconomis,
1074 3452 1331 3508 medisinterdicta
1344 3456 1420 3520 sunt,
1437 3454 1466 3505 et
1479 3465 1542 3521 que
1554 3447 1673 3502 forsitan
1690 3446 1835 3502 deducunt
1845 3445 1891 3499 ho-

213 3550 241 3601 et
260 3546 387 3617 quinque
410 3546 649 3601 reverendissimis
672 3547 852 3618 presbyteris,
872 3552 900 3603 et
915 3548 1025 3604 duobus
1075 3547 1166 3602 mines
1178 3547 1214 3602 ad
1232 3549 1365 3611 mortem,
1379 3544 1429 3615 qul
1443 3543 1473 3598 id
1486 3544 1585 3613 agunt,
1599 3543 1757 3612 propterea
1772 3553 1891 3594 rrecease¹

214 3637 348 3706 diaconis,
376 3644 515 3711 presente
533 3655 647 3712 quoque
668 3641 724 3695 Deo
744 3640 859 3695 amabili
882 3641 1024 3713 episcopo,
1075 3638 1150 3693 rium
1163 3638 1386 3694 existimavimus
1397 3637 1428 3691 in
1448 3648 1620 3706 unoquoque
1643 3635 1794 3687 contractu
1812 3631 1891 3686 etiam

215 3731 272 3784 sive
282 3733 367 3786 etiam
383 3731 412 3785 iu
428 3732 572 3802 provincia
584 3732 693 3787 duobus
705 3733 865 3805 insignibus
878 3734 1025 3790 mechani-
1076 3736 1182 3787 certam
1190 3735 1312 3786 statuere
1319 3728 1497 3801 poenamll'n
1503 3725 1791 3797 scilicetpoenis,que
1799 3723 1891 3796 posita

215 3822 255 3876 cis
267 3826 315 3877 aut
327 3823 495 3890 architectis,
507 3829 556 3878 aut
569 3824 653 3879 etiam
667 3842 725 3880 uno
742 3826 772 3896 (si
786 3842 875 3881 unum
889 3828 980 3882 solum
991 3827 1027 3882 ci·
1076 3828 1142 3878 sunt
1163 3822 1295 3879 adversus
1310 3837 1469 3878 economos
1482 3836 1517 3874 ex
1536 3817 1739 3873 constitutione
1759 3815 1891 3888 praedicta

216 3914 287 3968 vitas
297 3913 410 3984 haheat)
419 3915 671 3972 intervenientibus
679 3918 709 3972 in
721 3918 776 3972 illis
790 3919 867 3984 lucis,
879 3936 1025 3975 sacrosan·
1076 3915 1285 3987 piaememoriae
1295 3915 1406 3981 Leonis,
1417 3911 1668 3967 similiteretnunc
1679 3909 1892 3965 imminentibus

217 4006 436 4077 ctisEvangeliis
450 4007 611 4077 propositis,
634 4008 784 4064 definiatur
806 4011 841 4065 ab
856 4013 1025 4084 architectis,
1077 4021 1235 4064 ceconomo.
1246 4013 1296 4064 aut
1304 4006 1481 4073 xenodocho,
1490 4007 1711 4071 autnosocomo,
1721 4001 1893 4072 autbrepho·

216 4105 354 4173 quantum
376 4104 515 4170 competat
527 4100 641 4171 prohoc
656 4100 725 4155 solvi
738 4103 922 4158 sanctissime
936 4105 1026 4160 eccle·
1077 4102 1191 4172 tropho,
1213 4105 1262 4156 aut
1284 4099 1388 4169 abbati,
1408 4103 1458 4154 aut
1476 4095 1624 4152 abbatissae
1643 4093 1826 4161 monasterii,
1849 4097 1894 4147 aut

216 4193 264 4248 sie
278 4192 434 4247 secundum
447 4191 563 4247 modum
572 4194 796 4266 emphyteuseos,
807 4201 835 4250 et
849 4196 901 4250 sub
916 4197 960 4251 his
970 4213 1027 4253 em·
1077 4193 1205 4249 asceterii
1218 4192 1375 4249 secundum
1387 4191 1463 4264 quod
1478 4189 1558 4262 prius
1571 4188 1744 4260 dispositum
1760 4192 1814 4243 est.

217 4285 380 4358 phyteutica
389 4285 556 4358 conscriptio
570 4285 601 4341 in
616 4302 649 4342 eo
662 4287 818 4344 celebretur
830 4289 985 4345 secuudum
997 4289 1028 4345 ll·
1113 4287 1141 4341 Si
1154 4286 1217 4358 quis
1228 4285 1318 4358 igitur
1330 4301 1424 4341 emere
1439 4281 1657 4356 presumpserit
1675 4296 1739 4336 rem
1759 4279 1895 4336 ecclesias·

219 4393 318 4451 garam
331 4378 410 4450 prius
423 4379 525 4434 dictam
540 4395 547 4434 :
563 4379 611 4434 ille
623 4396 689 4436 vero
704 4385 733 4436 et
747 4380 876 4452 edificet,
890 4387 918 4438 et
933 4388 1028 4439 utatur
1077 4379 1172 4449 ticam,
1181 4382 1232 4434 aut
1240 4378 1411 4451 ptochicam,
1426 4375 1633 4447 cadalquidem
1645 4387 1716 4428 mox
1727 4372 1835 4445 pretio,
1845 4371 1896 4427 axi·

217 4471 387 4527 materiebus
411 4471 443 4541 (si
459 4472 593 4528 materias
616 4473 727 4544 habeat)
742 4479 770 4530 et
785 4476 1068 4551 transmittatem·1)
1080 4476 1163 4542 gutur
1173 4477 1269 4535 autem
1281 4488 1327 4529 res
1339 4487 1426 4544 quam
1436 4469 1554 4540 accepit,
1562 4483 1629 4523 cum
1637 4465 1720 4522 omni
1731 4465 1822 4522 medii
1834 4470 1896 4520 tem·

218 4563 473 4637 phyteusinusque
487 4565 523 4620 ad
537 4564 608 4620 due
620 4566 810 4623 successiones
823 4567 905 4639 (sicut
923 4568 1031 4624 dictum
1081 4565 1157 4636 poris
1170 4566 1355 4634 incremento,
1372 4568 1401 4619 et
1414 4567 1513 4618 contm
1527 4559 1737 4616 sanctissimam
1758 4556 1897 4614 ecclesian

220 4656 271 4728 est)
286 4662 314 4712 et
323 4656 362 4711 sic
372 4660 528 4711 revertatur
536 4662 600 4728 post
608 4658 695 4713 trium
708 4675 895 4730 personarum
908 4665 1032 4718 mortem
1081 4656 1208 4728 quidem,
1222 4663 1271 4713 aut
1292 4656 1486 4714 venerabilem
1504 4654 1622 4709 domurn
1644 4652 1762 4707 nullam
1785 4650 1897 4706 omniuo

219 4748 257 4805 ad
280 4748 485 4804 sanctissimam
515 4748 659 4805 ecclesiam
688 4757 738 4807 aut
767 4753 955 4810 venerabilem
983 4756 1032 4811 do-
1081 4746 1718 4821 heheataclioncm‚coutraven0mbile³ver0
1728 4757 1896 4807 oeeonomoes

219 4858 310 4913 mum,
325 4858 360 4897 ex
374 4857 432 4914 qua
443 4841 516 4896 lacta
530 4845 573 4897 est
585 4842 788 4915 emphyteusis,
804 4849 832 4901 et
843 4845 934 4902 valeat
945 4848 1031 4903 etiam
1081 4842 1186 4913 autqui
1199 4843 1317 4898 omnino
1328 4841 1530 4907 vendiderunt,
1544 4837 1715 4910 inpropriis
1728 4833 1898 4892 eorumsub·

219 4934 282 4989 talis
307 4938 478 5005 contractus,
503 4936 603 5005 utpote
629 4936 762 5006 presenti
784 4953 841 4992 nou
868 4955 1032 5012 repugnans
1081 4935 1190 4990 stantiis
1204 4951 1239 4991 ex
1253 4940 1398 4992 contractu
1419 4935 1544 4991 habeant
1561 4931 1716 4996 actionem,
1732 4934 1770 4985 ut
1783 4929 1835 4985 etsi
1848 4941 1898 4982 nou

144 5055 148 5061 '
220 5025 287 5097 ¹08i·
1081 5032 1196 5100 propter
1209 5029 1258 5084 Dei
1269 5029 1413 5098 timorem,
1432 5032 1533 5082 nmen
1554 5028 1633 5080 metu
1652 5039 1715 5078 suae
1737 5019 1896 5078 substantie

256 5120 351 5190 Neque
363 5119 434 5175 illud
448 5122 523 5193 quod
537 5122 672 5178 haetenus
683 5127 780 5178 contra
793 5124 862 5179 tales
873 5130 1032 5182 contractus
1081 5121 1226 5193 segniores
1238 5121 1312 5176 circa
1319 5121 1514 5178 venditionem
1527 5118 1606 5172 liant.
1621 5115 1651 5171 Si
1664 5115 1731 5187 quis
1743 5120 1841 5171 autem
1852 5125 1896 5184 per

221 5210 367 5283 agebatur,
383 5212 473 5267 valere
483 5215 705 5285 permittendum
716 5221 757 5271 est
769 5215 804 5270 de
820 5216 987 5287 adjectione,
1001 5224 1032 5275 ut
1081 5214 1262 5270 donationem
1274 5215 1400 5286 accipere
1414 5209 1632 5286 presumpserit
1652 5223 1717 5263 rem
1732 5204 1896 5263 ecclesiasti·

221 5304 246 5359 si
259 5302 383 5357 duorum
405 5304 550 5360 heredum
571 5309 748 5381 compleatur
774 5314 896 5381 tempus,
919 5310 1032 5367 licentia
1081 5323 1154 5377 cam,
1165 5311 1214 5362 sut
1223 5308 1392 5378 ptochicam,
1407 5311 1435 5362 et
1449 5307 1525 5378 ipsu,
1540 5301 1615 5374 quod
1630 5301 1735 5357 datum
1750 5305 1805 5370 est,
1818 5296 1897 5354 omni·

221 5398 257 5454 sit
268 5396 317 5466 eis,
332 5394 381 5466 qui
391 5399 453 5467 post
471 5397 552 5453 illum
564 5405 639 5469 sunt,
651 5401 681 5456 in
696 5404 896 5475 emphyteusin
908 5403 976 5458 dare
989 5403 1030 5474 id,
1081 5399 1150 5455 nino
1159 5400 1249 5467 cadat,
1261 5406 1289 5455 et
1301 5398 1377 5455 aliud
1388 5396 1617 5455 tantumdemex
1628 5392 1848 5449 suasubstantia
1858 5405 1896 5444 re·

221 5491 323 5562 dequo
335 5488 439 5561 agitur,
450 5492 478 5543 et
489 5505 601 5560 semper
613 5509 660 5548 eos
668 5497 796 5567 praeponi
806 5496 879 5551 aliis.
888 5497 943 5551 lloc
954 5497 1031 5551 euim
1080 5498 1180 5564 penset
1192 5492 1374 5548 sanctissime
1388 5491 1525 5559 ecclesie,
1543 5494 1594 5544 aut
1608 5487 1773 5544 venarabili
1796 5483 1894 5549 domui,

220 5583 292 5639 nihil
304 5582 380 5640 ahud
395 5585 437 5637 ost
451 5597 537 5654 quam
559 5599 610 5653 per
627 5586 832 5644 revolutionem
848 5593 877 5645 et
888 5588 1031 5644 machina·
1081 5602 1116 5641 cx
1137 5601 1194 5657 qua
1213 5585 1268 5641 hoc
1291 5585 1422 5657 suscepit,
1437 5587 1471 5639 ut
1491 5597 1583 5656 quam
1602 5580 1686 5636 risen
1707 5584 1755 5634 est
1775 5580 1897 5652 ingerere

220 5676 311 5731 tiones
323 5680 472 5748 perpetuas
484 5674 525 5731 eis
536 5675 745 5749 emphyteuses,
761 5681 852 5753 magis
865 5687 960 5738 autem
974 5682 1032 5756 pri·
1080 5681 1179 5734 contra
1187 5695 1251 5734 eam
1261 5678 1426 5746 novitatem,
1435 5692 1517 5733 suam
1529 5673 1895 5745 exercensmalignitaten·

218 5768 346 5853 yuticnes
357 5768 608 5827 ecclesiasticarum
624 5768 672 5840 agi
695 5785 802 5828 rerum.
817 5773 913 5831 Sedet
925 5776 949 5831 si
961 5775 1031 5848 quid
1080 5771 1273 5843 eamipsemet
1289 5770 1453 5843 inpropriis
1467 5768 1554 5826 bonis
1563 5764 1897 5839 sentiatsiautemper·
