3884 6150
458 338 816 429 THEODORIGI,
856 333 1166 410 GOTHORUM
1203 333 1380 422 REGIS,

570 454 952 618 attulerit
993 452 1246 614 tttltl

513 665 739 763 uisse
794 663 885 758 nu
945 659 1366 795 sruonuu

105 862 145 916 Fl.
159 859 348 915 Theodericus
370 874 419 914 rex
439 858 576 915 universis
590 858 728 931 episcopis
746 860 782 915 ad
797 874 881 929 syuo-
894 855 1104 942 Amultuosam
1115 854 1266 925 expectat?
1276 852 1397 907 Intentio
1407 852 1750 922 estvobisserrandajus·

70 956 139 1011 durn
154 953 324 1008 convocatis.
543 952 546 958 ’
939 948 1009 1004 titire
1024 948 1054 1003 in
1065 946 1622 1020 cognitione,libe1tasremotisomnibus
1636 946 1756 1001 occasio-

107 1049 244 1103 Romane
271 1045 401 1101 Ecclesiae
430 1062 540 1117 pacem,
566 1047 698 1119 episcopo
722 1048 890 1119 Symmacho
939 1041 1024 1097 uibus
1039 1042 1150 1113 integra
1164 1041 1314 1096 sitvestrae
1326 1040 1494 1110 voluntatis3
1511 1039 1687 1112 objectorum
1699 1038 1754 1094 cri-

72 1140 230 1199 criminosis
254 1139 494 1212 propositionibus
512 1140 654 1212 impetito,
675 1141 726 1196 sub
749 1157 782 1196 ea
802 1158 891 1214 quam
939 1133 1757 1204 minumcausaexaminatejudicium,dummodostudiosa

73 1235 186 1292 cernitis
199 1234 364 1290 confusione
375 1233 475 1304 turbae,
489 1233 732 1306 quemadmodum
742 1235 832 1307 magis
841 1252 891 1307 po·
940 1227 1094 1284 certamina
1106 1227 1221 1283 defendi
1234 1243 1341 1294 amore,
1360 1230 1389 1282 et
1408 1243 1492 1282 omne
1511 1226 1681 1282 contusionis
1693 1241 1755 1280 am·

74 1331 129 1386 tuit
140 1327 318 1401 providentia
328 1330 424 1383 nostra
434 1329 589 1395 consulere,
598 1344 684 1400 quam
694 1333 725 1384 ut
731 1329 814 1400 juxta
821 1329 891 1401 peti-
940 1321 1241 1394 puleiurdmbissuums
1253 1321 1376 1376 maxime
1386 1337 1451 1375 cum
1459 1321 1617 1376 h³ss⁰V0bi⁵
1627 1337 1680 1393 PPO
1693 1318 1757 1376 Peli·

73 1424 180 1479 tionem
194 1423 313 1477 Senatus
328 1424 357 1477 et
369 1420 448 1487 cleri,
461 1421 496 1476 ad
505 1422 718 1493 congregandos
726 1438 760 1477 ex
775 1422 892 1478 diversis
942 1415 1034 1487 gionis
1042 1415 1210 1481 reverentia,
1219 1414 1444 1469 consideratione
1448 1415 1567 1484 justitiae
1573 1418 1755 1482 uost1·ae,ora·

74 1515 225 1588 prouinciis
237 1531 352 1569 causam
371 1530 503 1570 revocare
519 1515 669 1582 antistites,
685 1519 714 1571 et
725 1516 760 1571 de
773 1516 889 1588 religio-
941 1509 1005 1563 cula
1016 1507 1359 1577 tribuantfaeultatem,ut
1366 1508 1438 1562 sicut
1445 1507 1570 1562 vohisest
1579 1508 1757 1579 inquirendae

74 1628 113 1665 sas
128 1609 271 1664 sanctione
283 1624 413 1680 personae
428 1611 558 1664 sanctum
572 1608 664 1664 facere
673 1608 804 1681 judicare
823 1626 890 1665 con·
941 1602 971 1657 in
980 1601 1034 1656 hoc
1046 1601 1298 1672 negotiovoluntas
1310 1604 1412 1655 etcura
1419 1600 1554 1667 veritatis,
1564 1601 1690 1672 persenis
1700 1600 1758 1655 illic

76 1700 736 1758 cilium?lnoculissuntdudumadnniversam
751 1702 892 1774 synodum
943 1694 1076 1750 omnibus
1100 1693 1270 1763 constitutis,
1286 1710 1338 1765 per
1358 1710 1428 1765 quas
1449 1697 1543 1766 potest
1570 1693 1639 1749 fides
1661 1709 1758 1749 rerum

78 1795 226 1865 destinata,
240 1798 269 1849 et
280 1794 462 1850 conscientias
476 1799 581 1851 nostrae
595 1795 785 1867 astipulantur
798 1812 893 1852 oracu-
942 1787 1061 1861 quaesita
1075 1791 1221 1860 praestare,
1230 1804 1279 1842 vos
1291 1787 1439 1857 noveritis,
1449 1793 1477 1842 et
1490 1789 1574 1857 Deus,
1584 1787 1688 1859 quidin
1698 1787 1760 1860 ipsa

76 1891 113 1958 la,
124 1889 225 1961 quihus
238 1888 325 1943 solius
345 1888 519 1961 integritatis
535 1888 636 1944 aflectu
651 1889 706 1945 hoc
715 1890 763 1960 jus
776 1889 891 1962 pontifi·
942 1880 1161 1953 causaJudicare
1172 1881 1308 1951 debeatis,
1319 1896 1418 1953 pacem
1430 1880 1523 1936 modis
1534 1880 1665 1936 omnibus
1675 1881 1759 1951 clero,
1774 1926 1776 1930 .

76 1983 153 2038 cibus
161 1981 357 2038 commisimus
365 1982 538 2052 evocatis,ut
546 1982 597 2037 sub
610 1982 750 2055 synodalis
758 1983 893 2056 aequitato
942 1974 1053 2030 senatui
1068 1979 1096 2029 el
1108 1975 1236 2029 Romano
1249 1973 1355 2045 popule
1376 1979 1440 2046 pest
1450 1973 1592 2045 Judieium
1610 1972 1759 2042 reddituri,

76 2075 234 2143 sententia,
250 2079 299 2129 aut
313 2079 429 2147 propter
440 2075 549 2147 objecta
563 2075 715 2147 convictus,
730 2076 820 2133 reatui
831 2076 894 2131 sub·
943 2084 979 2124 ne
994 2083 1049 2139 qua
1061 2067 1282 2136 turbatio,nulla
1295 2066 1433 2122 discordia
1440 2067 1471 2122 in
1480 2066 1591 2122 civitate
1603 2069 1759 2122 remaneat.
1802 2090 1806 2095 ’

72 2166 192 2238 jaceret.
206 2166 272 2219 Post
284 2163 451 2235 hujusmodi
464 2165 625 2236 constituta,
637 2164 700 2237 quis
715 2164 803 2221 tinem
814 2168 893 2220 tanto
944 2160 972 2215 Si
984 2177 1052 2215 vero
1064 2159 1148 2215 vultis
1161 2164 1192 2215 ut
1211 2160 1287 2232 quod
1304 2160 1480 2233 propositum
1493 2166 1544 2230 est,
1567 2163 1691 2215 transeat
1701 2159 1762 2214 sine

77 2258 203 2313 dandum
219 2257 355 2312 dubitarit
371 2272 430 2313 esse
442 2259 577 2330 negotio?
587 2258 650 2329 quis
669 2258 704 2313 de
717 2262 776 2314 tam
790 2274 892 2314 nume·
902 2246 931 2320 B
943 2253 1114 2311 discussione
1132 2253 1283 2325 judicium,
1305 2270 1354 2309 vos
1372 2254 1475 2321 sciatis,
1494 2258 1523 2310 et
1540 2255 1625 2318 Deus,
1641 2253 1763 2326 qualiter

77 2368 142 2407 roso
155 2350 274 2406 concilio
290 2350 467 2405 sacerdotum
481 2351 574 2423 magis
584 2351 893 2409 nascieredideritcon-
944 2347 1088 2415 ordinetis,
1109 2347 1265 2403 dummodo
1288 2365 1341 2420 pax
1356 2349 1442 2413 clero,
1458 2348 1578 2416 senatui,
1599 2347 1761 2419 populoque

78 2445 195 2500 fusionis
215 2444 406 2515 ambiguum?
429 2445 498 2516 quid
512 2444 644 2516 profuit·
666 2445 726 2501 sine
744 2446 771 2500 vi
786 2448 846 2500 tam
860 2446 895 2502 de
944 2443 1071 2498 Romano
1086 2441 1418 2497 subvestraordinatione
1428 2441 1571 2496 reddatur.
1586 2442 1654 2496 Ecce
1666 2456 1762 2495 coram

79 2537 189 2610 prolixo
202 2536 302 2593 itinere
323 2541 425 2592 caetera
441 2538 476 2592 ad
496 2554 548 2592 nos
569 2538 737 2610 imposuisse
758 2538 895 2611 negotia?
945 2536 1003 2591 Deo
1017 2540 1045 2591 et
1057 2534 1220 2590 homiuibus
1239 2534 1356 2591 arbitrio
1368 2540 1459 2590 restro
1474 2534 1683 2589 committentes
1698 2533 1762 2588 uni·

80 2632 149 2704 quid
161 2635 304 2687 tantarum
319 2631 506 2687 Ecclesiarum
522 2630 686 2687 absentibus
705 2632 896 2688 sacerdotibus
945 2645 1025 2684 versa
1039 2628 1244 2684 conscientiam
1259 2631 1398 2698 nostram,
1412 2627 1486 2683 sicut
1501 2628 1628 2696 decebat,
1643 2627 1762 2682 absolvi·

81 2725 166 2780 fuisse
176 2723 590 2796 suspensum‘tquidsupererit
596 2724 748 2797 reliquum,
756 2725 779 2779 si
788 2725 823 2781 de
831 2728 894 2780 tan-
946 2739 1019 2778 mus.
1033 2722 1155 2777 Tantum
1170 2726 1212 2777 est
1225 2721 1276 2777 sub
1287 2722 1363 2793 justa
1377 2720 1554 2777 ordinatione
1564 2737 1624 2777 rem
1634 2721 1720 2776 luisse
1734 2720 1765 2774 u-

80 2823 110 2873 to
125 2818 202 2873 exitu
215 2835 272 2872 non
285 2818 370 2873 datur
386 2816 527 2890 imperare
543 2816 629 2890 [Forte
649 2817 809 2891 impetrare]
829 2833 895 2873 eon·
946 2815 1046 2882 uitam,
1063 2820 1091 2871 et
1104 2815 1243 2870 unitatem
1256 2815 1398 2870 redditam
1418 2815 1625 2870 discedentibus
1647 2814 1763 2870 incidet.

82 2912 220 2967 ventum?
239 2910 291 2966 Sed
311 2914 451 2975 transacta
465 2909 615 2980 sufficiant,
636 2926 700 2984 quae
716 2912 749 2965 ad
764 2911 817 2966 hoc
832 2915 895 2966 tan·
947 2910 1043 2981 Neque
1056 2909 1133 2964 euim
1147 2907 1291 2964 tolerabile
1303 2914 1346 2963 est
1360 2909 1396 2965 ob
1413 2909 1486 2963 hanc
1499 2908 1704 2980 negligentiam
1717 2924 1763 2962 re-

83 3008 143 3059 tum
156 3007 185 3059 in
196 3003 363 3059 memoriam
377 3004 442 3059 satis
457 3009 499 3059 est
509 3020 649 3072 revocare,
666 3005 742 3076 quod
755 3004 896 3060 desinant.
948 3004 1002 3075 gia
1022 3003 1141 3057 civitatis
1161 3018 1360 3074 amoremque
1384 3007 1515 3058 tenemur
1536 3002 1695 3069 adremitti,
1715 3006 1766 3057 aut

81 3100 158 3153 Bona
167 3103 209 3153 est
221 3098 430 3169 preteritorum
445 3097 611 3167 recordatio,
626 3097 648 3153 si
662 3115 726 3170 quae
737 3098 895 3169 displicent,
947 3096 1032 3151 rebus
1040 3096 1172 3151 omnibus
1180 3097 1235 3152 Deo
1249 3101 1362 3152 auctore
1372 3097 1478 3168 pacatis
1490 3097 1549 3150 sola
1559 3095 1766 3167 tranquillitate

82 3197 177 3247 secuta
188 3208 255 3246 cura
267 3193 450 3263 correptionis
465 3192 610 3247 emendet.
621 3192 681 3247 Nou
696 3193 794 3247 saltem
808 3192 896 3247 disce·
948 3190 1031 3261 erigi,
1045 3192 1074 3244 et
1087 3190 1116 3244 in
1128 3190 1222 3245 media
1238 3190 1308 3246 urbe
1322 3189 1466 3258 confundi,
1481 3195 1514 3244 ut
1527 3189 1702 3245 desideratur
1723 3190 1765 3243 ci-

83 3283 215 3339 dentibus
240 3283 381 3354 aliquibus
407 3284 552 3356 dilatoque
578 3284 692 3356 negotio
711 3285 746 3339 ad
766 3284 898 3339 secundae
947 3283 1039 3337 vilitas
1049 3283 1080 3336 in
1094 3282 1274 3337 archilatiora
1289 3284 1311 3351 ¹²,
1326 3298 1391 3353 quae
1404 3285 1446 3336 est
1459 3281 1511 3335 sub
1524 3281 1649 3336 hostium
1668 3281 1767 3335 vicini-

82 3376 309 3449 congregationis
323 3376 464 3431 venientis
484 3376 602 3448 repetita
616 3376 733 3446 judicia,
755 3393 808 3448 pro
831 3376 896 3445 fide,
948 3374 1013 3428 tatis
1028 3390 1106 3428 cura.
1124 3375 1156 3428 Et
1170 3391 1205 3428 ne
1226 3373 1296 3445 quid
1321 3374 1447 3429 omisisse
1462 3373 1618 3442 videamur,
1633 3391 1698 3428 cum
1713 3391 1765 3428 ue·

83 3488 134 3545 pro
148 3470 323 3539 innocentia,
334 3486 386 3540 pro
397 3470 528 3542 equitate
542 3469 699 3538 concordis,
713 3469 830 3524 remotis
844 3472 900 3523 stu·
948 3467 1099 3522 cessariam
1113 3466 1290 3523 credideritis
1304 3466 1430 3539 episcopi
1443 3467 1605 3538 Symmachi
1617 3468 1647 3522 iu
1665 3468 1766 3539 cogui-

84 3566 137 3622 diis
150 3564 290 3636 aliquibus
303 3563 451 3619 dissentiat
463 3563 620 3635 integritas.
632 3564 688 3618 Hoc
702 3563 838 3636 petitione
851 3579 899 3617 no
949 3560 1024 3615 tione
1034 3560 1226 3632 praesentiam,
1240 3561 1369 3617 studitam
1385 3563 1413 3614 et
1429 3560 1625 3632 bedeulphum
1632 3560 1767 3615 sublimes

84 3664 142 3714 stra
155 3661 289 3714 Romane
301 3657 446 3735 coutantur
461 3656 566 3712 civitati
577 3661 610 3712 ut
627 3643 794 3712 sacerdotali
807 3656 897 3711 consi·
909 3609 936 3684 C
950 3655 1034 3721 viros,
1048 3653 1280 3725 majoresdomus
1294 3659 1407 3719 nestrae,
1421 3670 1493 3725 quos
1508 3654 1542 3709 de
1557 3660 1696 3725 prasente
1711 3653 1765 3709 mi·

85 3753 231 3808 deratione
254 3736 397 3824 proposito
419 3751 547 3823 delegato
569 3750 724 3806 terminum
749 3750 820 3806 detis
839 3750 899 3804 sine
949 3747 1457 3818 simuscumGonzatrierueffls.cum
1465 3747 1766 3818 illumcom.t1·iern0;

84 3847 265 3902 contentione
276 3845 400 3917 negotio,
411 3844 530 3900 scientes
542 3847 804 3899 examemvestrum
813 3843 847 3898 de
856 3841 904 3898 his
949 3844 1029 3909 sorte,
1045 3857 1109 3895 cum
1124 3840 1225 3896 illustri
1236 3841 1337 3895 comite
1352 3840 1481 3911 Aricino]
1493 3857 1528 3894 ne
1539 3840 1608 3912 quid
1618 3840 1768 3896 dubitatio

85 3956 217 3996 securum
226 3955 285 3993 esse
292 3938 443 4009 judicium.
455 3937 582 4010 Cogitate
594 3941 716 3992 matrem
729 3936 901 3991 contusionis
949 3935 994 3990 nis
1008 3934 1766 4006 habeatjussionostra,sacramentapraestabuntsatis·

86 4051 145 4089 esse
158 4033 340 4102 discordiam,
357 4036 385 4087 et
405 4031 648 4104 quemadmodum
662 4046 800 4086 consensu
816 4029 902 4085 dubia
951 4027 1205 4100 facturidesignato
1215 4028 1606 4100 episcopo,quemadmudum
1614 4029 1769 4084 aestimare·

86 4128 253 4196 solidantur,
269 4127 308 4181 ita
321 4125 406 4182 etiam
417 4125 500 4180 firma
511 4125 683 4180 dissensione
697 4123 818 4180 dissolvi.
828 4125 902 4179 Nun·
952 4124 989 4178 rit
1000 4122 1141 4178 ordinatio
1155 4128 1246 4178 vestra
1261 4139 1267 4176 :
1283 4121 1424 4177 suffecerit
1443 4126 1475 4176 ut
1489 4124 1604 4175 vocatus
1618 4120 1653 4174 ad
1675 4119 1768 4174 couci·

87 4222 153 4294 quid
169 4220 318 4289 laboriosa,
340 4219 471 4292 nunquid
484 4220 661 4275 conscientiae
677 4221 775 4274 vestrae
796 4217 901 4290 gravia,
951 4218 1022 4272 lium
1035 4216 1104 4271 citra
1115 4217 1218 4271 Urbem
1227 4220 1256 4269 et
1269 4213 1406 4268 molestiae
1416 4217 1495 4268 metu
1505 4229 1620 4268 securus
1630 4217 1769 4267 occurrat.

87 4314 214 4386 uunquid
229 4314 343 4369 inimica
356 4313 498 4386 proposito
508 4312 542 4368 ab
553 4312 725 4368 antistitibus
738 4311 794 4366 suis
804 4326 903 4383 pacem
953 4311 1035 4364 Orate
1050 4326 1101 4378 pro
1114 4324 1170 4376 me,
1194 4307 1302 4362 domini
1323 4306 1410 4361 sancti
1429 4310 1456 4361 et
1474 4305 1647 4361 venerabiles
1662 4310 1768 4378 patres.

87 4409 176 4480 poscit
194 4408 324 4476 Ecclesia,
341 4411 370 4462 et
381 4406 416 4460 ab
434 4406 478 4461 his
492 4406 594 4478 quibus
608 4422 661 4478 per
680 4404 820 4459 rationem
836 4418 900 4473 pro·
952 4400 1769 4472 Uatumestsubdierrlial.Septemb,Ravenna,regnanta

86 4501 214 4557 fessionis
224 4505 323 4556 restrae
333 4516 401 4555 cura
410 4498 510 4555 debeat
519 4515 578 4554 esse
587 4497 754 4570 propensior
762 4496 848 4551 tidem
856 4498 901 4551 tu·
952 4494 1115 4567 supradicto
1131 4493 1269 4562 feliciter,
1286 4493 1388 4549 Rufino
1400 4494 1505 4548 Avieno
1521 4493 1621 4548 Fausto
1633 4509 1659 4547 v.
1674 4509 1698 4548 c.
1714 4509 1769 4548 eos.

122 4601 234 4656 'Locus
248 4600 277 4655 in
287 4599 336 4654 lls.
350 4597 581 4654 immedicabilis.
989 4594 1002 4634 b
1016 4595 1107 4649 Locus
1121 4592 1181 4649 sine
1196 4609 1248 4665 ope
1261 4592 1381 4648 aliorum
1396 4591 1531 4649 Codicum
1545 4590 1716 4647 insanabilis.

670 4748 721 4811 iu
744 4745 1026 4812 rnueuoarcuu
1053 4744 1188 4810 suoru

501 4855 796 4952 RELATIO
854 4852 1359 4950 EPlSGOPOltUM.

124 5047 240 5124 Agimus
256 5046 312 5100 Deo
328 5043 498 5117 gratias,qui
507 5058 609 5115 regum
618 5041 705 5097 corda
718 5040 831 5113 pietatis
844 5021 1041 5127 sesentiens.
1054 5042 1107 5111 xv),
1123 5039 1198 5112 quod
1210 5037 1386 5111 utiquaboni
1400 5036 1619 5108 intelligendum
1633 5042 1684 5091 est.
1697 5036 1771 5091 ldeo

90 5157 177 5196 manu
192 5139 374 5212 etgubernat
388 5140 580 5209 attemperat,
595 5135 709 5208 quando
733 5134 768 5191 ab
783 5134 844 5206 ipso
855 5151 903 5190 ve·
956 5151 1012 5206 que
1025 5139 1122 5188 nostro
1129 5138 1187 5188 toto
1193 5132 1295 5188 ellectu
1310 5134 1338 5187 et
1348 5132 1481 5203 obsequio
1488 5130 1606 5202 jussioni
1616 5136 1715 5185 vestra
1726 5147 1774 5201 pa·

91 5235 133 5289 nit
147 5233 222 5305 quod
236 5232 387 5287 clementia
399 5235 490 5286 restra
503 5246 536 5285 cx
550 5245 705 5297 amoresuo
713 5229 861 5300 praeceptis
869 5228 905 5283 ad
955 5244 1017 5283 rere
1029 5227 1181 5294 voluimus,
1196 5226 1270 5282 etad
1284 5241 1387 5297 papam
1397 5225 1445 5296 qui
1460 5224 1659 5296 impetebatur,
1673 5226 1774 5294 quater

90 5345 143 5382 nos
157 5325 389 5382 moderatissimis
401 5341 454 5396 per
467 5325 590 5395 majores
604 5323 706 5379 domus
720 5322 852 5378 Gudilam
878 5326 907 5378 et
957 5337 1021 5376 eum
1034 5320 1194 5375 sacerdotes
1206 5324 1318 5373 nostros
1339 5334 1373 5372 ex
1396 5317 1518 5372 secunda
1537 5318 1643 5389 synodo
1667 5314 1771 5370 direxi·

91 5416 286 5491 Bedeulphum
306 5418 440 5474 sublimes
462 5420 569 5472 vestros
590 5417 683 5472 missis
702 5416 833 5472 ostendit.
863 5414 907 5471 Sic
956 5431 1030 5483 mus,
1047 5416 1078 5467 ut
1099 5412 1134 5467 ad
1149 5411 1290 5482 jrrdicium
1314 5411 1487 5467 conveniret.
1502 5410 1557 5466 Sed
1575 5423 1722 5463 occurrere
1743 5424 1772 5462 se

92 5514 172 5569 enim
189 5516 351 5568 mansuetos
367 5511 511 5584 principes
531 5511 592 5567 coeli
613 5510 748 5566 [lominus
761 5510 827 5566 tecit
846 5525 907 5565 esse
956 5506 1098 5562 audentia
1114 5509 1217 5561 nostrae
1223 5506 1337 5578 penitus
1345 5522 1401 5561 non
1410 5521 1491 5578 posse
1504 5503 1610 5568 statuit,
1624 5500 1770 5556 mandans.

91 5623 161 5680 quos
184 5605 287 5678 diligit,
307 5609 335 5660 et
353 5605 506 5678 propitiata
529 5604 665 5660 Divinitas
682 5621 731 5661 eos
758 5603 788 5658 in
816 5602 907 5658 causis
957 5601 1084 5657 Primum
1098 5598 1134 5654 ad
1148 5603 1317 5655 conventum
1336 5604 1471 5665 restrum,
1489 5595 1601 5668 quando
1616 5596 1772 5650 liemare·

92 5699 225 5756 omnibus
240 5698 380 5755 mandatis
396 5699 455 5754 suis
471 5699 586 5754 ordinat
603 5698 731 5767 obedire;
746 5697 823 5770 quod
838 5696 906 5751 scri·
957 5694 1047 5764 nistis,
1063 5693 1123 5748 sine
1137 5693 1232 5765 aliqua
1245 5693 1420 5748 dubitatione
1435 5689 1593 5761 properari,
1609 5693 1636 5743 et
1658 5687 1773 5758 privile—

93 5800 174 5868 ptiuu
190 5799 243 5867 est,
257 5793 369 5850 dicente
384 5794 440 5850 lico
457 5810 464 5849 :
479 5795 541 5853 Sine
554 5809 595 5851 me
607 5793 685 5849 mitit
693 5794 806 5865 potestte
817 5793 909 5860 socae
958 5788 1005 5861 gia
1017 5803 1081 5844 mea
1094 5787 1324 5860 roluutidiregiae
1336 5781 1703 5855 submisi,etauctoritatem
1712 5798 1775 5856 syn·
