3884 6150
148 249 216 305 roes
715 248 842 305 SAECULl
862 246 958 304 suxit
976 243 1255 301 sternebantur.
1760 243 1828 298 ¹100

141 355 307 415 auctoritate
339 357 474 430 implorat
495 355 557 412 lieri
585 357 682 430 legum
711 358 901 431 repletionem
927 357 958 412 in
968 361 1102 443 Atorum
1114 355 1311 428 paratitlorum
1324 353 1367 426 (ut
1380 352 1552 409 conveniens
1563 353 1614 425 est)
1622 350 1767 408 ascribere
1781 369 1829 408 ro·

143 451 356 524 emergentibus
369 450 602 523 ambiguitatibus
621 456 650 506 et
668 452 887 524 questionibus3
909 451 958 507 sed
1008 450 1222 519 luerintusum;
1236 448 1418 504 aliudautem
1425 446 1672 503 nihilomninone
1683 446 1828 504 tantillum

143 549 171 601 et
193 545 226 600 D.
246 544 385 600 Adrianus
406 544 461 615 piae
485 544 641 614 memoriae,
657 546 771 616 quaudo
793 562 837 614 ea,
859 560 958 617 quara
1007 544 1124 616 quidem
1145 544 1220 599 cirea
1234 559 1268 599 ea
1281 543 1383 612 tacere,
1399 558 1450 597 nec
1465 557 1579 598 rursum
1592 541 1661 597 darc
1673 540 1827 609 seditionis,

141 638 307 710 praetoribus
317 637 471 707 quotannis
482 637 573 694 edicta
582 638 697 694 luerent
707 637 959 709 brevicomplexus
1008 640 1037 692 et
1063 637 1256 708 dubitationis,
1279 641 1329 691 aut
1354 635 1473 691 infinitae
1498 634 1693 690 multitudinis
1718 633 1825 707 legibus

144 720 186 787 est
198 730 300 796 libello,
310 734 455 802 assumpto
464 732 500 788 ad
509 731 539 786 id
549 748 585 804 op
598 731 656 787 imo
665 731 822 799 loliano,in
832 731 958 787 oratione
1007 731 1192 801 occasionem,
1206 730 1236 786 id
1248 729 1325 802 quod
1338 733 1422 785 antea
1439 729 1470 785 in
1484 727 1592 801 antiqui
1615 728 1702 783 edicti
1721 728 1824 784 mmm

142 823 264 896 quamin
273 824 531 880 communebabuit
539 825 568 881 in
578 825 687 881 seniore
695 826 794 894 Roma,
804 826 856 881 hoc
864 824 958 896 ipsum
1008 828 1051 880 est
1071 824 1259 887 ordinatione,
1273 824 1314 879 ita
1332 826 1364 877 ut
1383 822 1452 879 illud
1471 822 1670 878 brevissimum
1688 822 1827 878 constitu·

142 932 254 988 quoque
266 916 306 972 oit
317 935 323 972 :
335 923 367 973 ut
377 918 400 972 si
412 918 480 990 quid
491 922 596 991 praeter
604 919 631 976 id
641 919 717 992 quod
726 920 787 991 jam
796 918 958 974 ordinatum
1006 922 1070 974 tum
1094 934 1129 973 ex
1154 917 1348 973 differentium
1372 915 1646 972 commentariorum
1668 914 1828 979 differentia¹

142 1009 346 1078 estemerserit,
353 1013 523 1068 conveniens
530 1017 572 1068 est
578 1029 624 1068 eos
630 1012 887 1084 quiinmagistratu
894 1016 960 1067 sunt
1008 1027 1060 1065 seu
1078 1010 1237 1067 diversitate
1249 1010 1280 1065 in
1294 1008 1435 1065 infinitam
1449 1008 1651 1066 extenderetur
1666 1007 1826 1064 multitudi-

140 1103 210 1159 illud
223 1104 319 1159 conari
332 1105 474 1175 decidere,
485 1111 514 1162 et
525 1106 685 1162 remedium
696 1107 844 1179 imponere
857 1122 956 1161 secun·
1007 1103 1124 1162 nemsi
1138 1103 1207 1176 quid
1222 1102 1299 1159 enim
1311 1103 1384 1159 forte
1399 1102 1566 1175 ambiguum
1575 1101 1663 1158 luerit
1672 1102 1777 1172 visum,
1785 1102 1828 1158 rel

141 1197 211 1252 dum
229 1214 331 1253 eorum
344 1215 408 1270 quaa
418 1199 479 1271 jam
493 1199 626 1256 ordinata
638 1205 709 1272 sunt
727 1199 958 1272 consequentiam
1007 1197 1101 1253 litium
1114 1196 1308 1268 certatoribus,
1317 1196 1362 1252 rel
1371 1195 1415 1251 his
1425 1195 1475 1268 qui
1484 1194 1569 1251 rebus
1577 1193 1743 1267 judicandis
1752 1211 1826 1266 prae-

144 1288 364 1363 [imitationem].
383 1322 412 1332 -
430 1292 446 1365 §
463 1296 505 1349 ltl.
520 1295 584 1348 llaea
606 1294 695 1366 igitur
713 1310 811 1349 omnes
830 1293 959 1365 (dicimus
1008 1296 1083 1359 sunt,
1098 1291 1151 1347 boc
1164 1290 1320 1363 imperator
1333 1289 1567 1362 interpretabitur
1580 1292 1657 1343 recte
1669 1303 1678 1343 t
1689 1288 1827 1344 nambaec

139 1389 236 1440 autem
247 1402 305 1455 roa,
316 1386 416 1457 magni
429 1390 543 1442 senatus
556 1392 584 1442 et
598 1404 697 1443 omnes
710 1392 814 1444 nostra
825 1386 958 1459 reipubli-
1008 1385 1128 1440 facultas
1135 1384 1175 1439 illi
1184 1383 1523 1456 solialegibuspermissa
1532 1385 1585 1439 est.
1593 1383 1694 1454 ltaque
1702 1381 1827 1453 quisquis

140 1494 180 1534 cae
195 1478 336 1551 homines)
350 1483 564 1551 cognoscentes,
579 1481 700 1552 gratiam
713 1480 829 1553 quidem
842 1479 958 1536 conlite-
1009 1477 1193 1536 aususluerit
1207 1477 1242 1532 ad
1255 1477 1329 1532 hanc
1342 1481 1468 1532 nostram
1482 1476 1579 1548 legum
1593 1474 1828 1547 compositionem

141 1571 213 1626 mini
235 1573 300 1642 Deo,
324 1571 373 1645 qui
395 1574 500 1628 nostris
522 1575 697 1645 temporibus
719 1577 831 1630 tantum
852 1574 959 1629 bonum
1009 1571 1246 1627 commentarium
1261 1569 1378 1642 aliquod
1389 1569 1521 1642 adjicere,
1531 1569 1614 1624 aliter
1625 1573 1712 1641 atque
1727 1574 1828 1623 nostra

141 1665 275 1731 servavit3
298 1666 410 1721 utimini
425 1683 492 1722 vcro
510 1667 615 1722 nostris
639 1667 759 1740 legibus,
776 1668 847 1724 nulli
862 1683 960 1724 earum
1009 1665 1096 1737 hujus
1106 1664 1241 1737 jussionis
1249 1664 1342 1720 torma
1355 1663 1524 1737 prescribit,
1535 1662 1560 1718 is
1569 1663 1639 1718 sciat
1651 1662 1729 1734 quod
1739 1666 1769 1717 et
1777 1661 1829 1733 ipsi

141 1774 205 1829 quae
219 1759 361 1814 veteribus
374 1759 453 1815 libris
466 1760 608 1832 inscriptae
621 1767 689 1816 sunt
702 1762 889 1830 attendentes,
905 1778 955 1817 ne·
966 1751 995 1823 B
1006 1759 1069 1816 falsi
1082 1774 1130 1814 reo
1139 1758 1249 1831 legibus
1259 1758 1365 1827 futuro,
1376 1759 1405 1813 et
1417 1756 1495 1828 quod
1507 1754 1710 1829 composuerit,
1722 1754 1827 1827 eripie-

141 1852 245 1923 quoad
263 1868 296 1906 ea
313 1868 377 1924 quaa
392 1870 469 1908 nunc
487 1854 579 1926 posita
591 1859 657 1910 sunt
671 1855 735 1910 illas
747 1859 956 1927 comparantes;
1006 1858 1062 1922 tur,
1080 1858 1109 1908 et
1121 1852 1212 1907 modis
1228 1851 1360 1907 omnibus
1373 1855 1583 1923 corrumpetur.
1594 1880 1629 1891 -
1638 1849 1656 1921 ᾖ
1665 1851 1710 1904 22.
1720 1848 1829 1904 Eodem

141 1944 208 2015 quia
217 1945 269 2000 etsi
282 1945 432 2002 rideantur
441 1948 570 2019 quaedam
585 1947 707 2003 invicem
721 1964 780 2004 non
792 1965 956 2017 consonare,
1005 1962 1089 2019 poena
1100 1945 1235 2018 imposita
1247 1950 1275 2001 et
1289 1945 1422 2001 adversus
1439 1943 1550 2016 eosqui
1564 1943 1639 1999 notis
1655 1942 1712 2012 (scu
1731 1941 1829 2015 signis)

139 2041 236 2094 tamen
249 2039 329 2110 prius
341 2040 411 2095 illud
425 2044 454 2095 et
464 2041 602 2098 vetustius
616 2042 698 2096 nobis
710 2045 743 2096 ut
755 2041 956 2115 imperfectum
1006 2039 1176 2112 quibusdam
1196 2040 1226 2094 in
1247 2039 1387 2111 scriptura
1404 2041 1521 2094 utentur
1542 2037 1617 2108 (quae
1640 2035 1724 2106 signa
1745 2035 1829 2106 siglas

140 2131 292 2202 displicuit,
304 2149 380 2188 nunc
389 2138 483 2190 autem
495 2135 645 2190 bocvisum
656 2139 697 2191 est
707 2135 810 2190 debere
819 2135 955 2191 obtinere.
1006 2135 1117 2204 vocant)
1131 2137 1160 2188 et
1180 2133 1229 2205 qui
1249 2149 1300 2204 per
1314 2148 1347 2187 ea
1362 2130 1532 2186 conturbare
1549 2129 1725 2200 scripturam
1739 2130 1827 2183 tenta·

140 2225 210 2280 Nam
225 2226 408 2298 probibemus
427 2227 482 2283 illis
496 2229 527 2284 in
545 2233 691 2300 posterum
705 2228 748 2284 uti
763 2245 771 2283 ι
787 2230 849 2283 haec
861 2233 958 2283 autem
1005 2226 1107 2296 verint,
1122 2243 1173 2282 nec
1185 2242 1238 2298 per
1249 2229 1338 2281 totam
1352 2222 1585 2295 consequentiam
1598 2223 1761 2278 litterarum
1775 2238 1827 2276 nu-

140 2319 199 2374 sola
218 2319 359 2374 observari
378 2321 408 2376 in
428 2322 573 2393 republica
587 2322 755 2377 etobtinere
776 2322 958 2378 concedimus
1006 2316 1828 2390 meros,etnominaretemmprudentum,ettotamlegum

141 2416 172 2466 et
183 2412 339 2481 sancimus3
363 2414 401 2468 ita
417 2418 448 2468 ut
468 2416 517 2486 qui
535 2418 651 2470 conatus
670 2415 756 2470 fuerit
768 2431 801 2469 ex
817 2414 957 2487 prioribus
1006 2413 1177 2485 positionem
1203 2412 1377 2485 scripserint.
1394 2410 1489 2468 Sciant
1511 2410 1599 2466 etiam
1622 2409 1766 2463 librorum
1790 2407 1827 2462 ita

139 2504 228 2574 libris,
244 2510 273 2560 et
287 2523 346 2562 non
359 2523 394 2562 ex
409 2507 454 2563 his
466 2508 575 2563 duobus
588 2508 654 2563 solis
671 2513 699 2563 et
719 2508 957 2564 Constitutionum
1007 2507 1178 2578 scriptorum
1193 2509 1401 2578 comparatores
1415 2520 1445 2559 se
1457 2503 1566 2559 inutilis
1578 2502 1641 2558 lore
1653 2501 1721 2557 libri
1736 2500 1827 2556 domi-

140 2597 232 2671 [libro]
249 2616 266 2654 a
281 2600 361 2655 nobis
374 2601 545 2673 compositis,
559 2603 603 2657 vel
625 2601 713 2670 lactis,
727 2602 769 2657 uti
788 2601 958 2674 quibusdam
1006 2615 1073 2669 nos;
1087 2615 1180 2671 neque
1195 2599 1271 2654 euim
1287 2597 1387 2653 damus
1402 2595 1548 2653 licentiam
1570 2595 1679 2651 talibus
1701 2592 1783 2650 libris
1800 2593 1827 2647 in

139 2690 259 2762 legibus,
273 2694 317 2749 vel
330 2710 376 2749 eas
390 2695 420 2749 in
430 2695 544 2765 judiciis
554 2695 660 2767 legere,
675 2696 719 2751 rel
734 2695 832 2766 siquis
845 2694 956 2767 judica·
1003 2692 1117 2763 judiciis
1125 2693 1212 2762 uti,et
1221 2690 1327 2763 aliquid
1338 2707 1434 2762 agere,
1443 2689 1555 2746 etiamsi
1564 2688 1718 2761 contingat
1726 2687 1827 2742 librum

139 2780 211 2836 verit
223 2798 258 2837 ex
267 2782 312 2837 his
320 2784 396 2854 apud
407 2798 436 2838 se
448 2783 561 2838 recitari
571 2800 618 2839 eas
628 2784 808 2856 passus,lalsi
817 2801 882 2840 reus
893 2784 956 2852 erit,
1006 2785 1037 2840 in
1052 2802 1086 2841 ea
1098 2786 1159 2857 ipsa
1179 2788 1259 2856 parte
1272 2801 1336 2857 quus
1357 2783 1492 2840 recitatur
1510 2783 1622 2838 nullum
1647 2781 1757 2837 habere
1779 2781 1828 2835 tale

139 2879 168 2930 et
177 2875 675 2948 publicorumcriminumjudicatus,
683 2882 711 2933 et
719 2894 808 2950 poenae
816 2877 956 2933 addictus:
1006 2880 1121 2952 signum
1133 2880 1194 2949 [aut
1205 2877 1326 2950 noteml,
1337 2878 1385 2934 sed
1394 2877 1425 2932 in
1434 2877 1492 2932 alia
1503 2892 1676 2948 quacunque
1685 2875 1732 2930 sui
1741 2879 1826 2946 parte,
1868 2908 1871 2911 -

140 2968 217 3038 quod
229 2969 282 3024 etsi
294 2986 353 3025 non
365 2969 534 3040 diceremus,
543 2971 587 3026 rel
596 2988 632 3025 er
642 2972 694 3026 hoc
706 2972 767 3043 ipso
777 2972 957 3027 manifestum
1007 2973 1136 3045 quamtis
1149 2972 1237 3027 semel
1248 2973 1361 3028 tantum
1375 2970 1403 3026 id
1418 2970 1575 3027 admissum
1589 2969 1638 3024 sit.
1659 2970 1759 3040 ltaque
1773 2968 1828 3039 ipsc

140 3064 222 3115 esset.
239 3091 273 3101 —
285 3060 301 3133 §
315 3065 360 3116 20.
380 3062 436 3118 Sed
458 3069 486 3118 et
505 3063 558 3117 boc
581 3064 721 3134 optimum
742 3065 802 3119 iore
817 3063 957 3134 judicavi·
1008 3067 1123 3138 quidam
1136 3082 1203 3122 eum
1213 3065 1318 3120 tibrum
1328 3080 1449 3137 pronon
1459 3063 1694 3135 scriptoprorsus
1705 3060 1827 3116 babebit.

140 3168 214 3220 mus,
239 3170 407 3225 preponere
433 3156 614 3227 Digestorum
637 3157 774 3211 volumini
798 3161 828 3212 et
851 3117 1032 3215 veteresCls
1055 3165 1150 3215 autem
1173 3159 1223 3230 qui
1244 3174 1310 3214 eum
1332 3157 1485 3229 scripserit,
1500 3161 1527 3212 et
1541 3154 1691 3229 ignoranti
1712 3152 1828 3225 emptori

135 3246 210 3317 juris
223 3246 396 3318 conditoresr
410 3252 438 3303 et
449 3248 565 3304 illorum
583 3249 739 3318 volumina,
752 3256 780 3306 et
801 3249 877 3305 unde
900 3250 956 3305 cot·
1007 3252 1126 3321 dederit,
1140 3252 1260 3324 duplum
1273 3252 1362 3307 solvet
1375 3267 1437 3322 cJus
1450 3248 1649 3306 oestimationis
1672 3248 1699 3304 ei
1724 3247 1773 3320 qui
1792 3247 1827 3301 ita

139 3339 222 3394 lectio
238 3340 312 3396 lacta
331 3341 367 3395 sit
388 3341 486 3413 legum
508 3358 584 3397 nunc
604 3360 620 3397 a
639 3343 719 3398 nobis
733 3348 956 3417 congestarum:
1008 3345 1038 3400 in
1050 3346 1205 3418 quantitate
1222 3345 1359 3401 damnum
1373 3361 1471 3416 passus
1482 3343 1578 3411 luerit,
1591 3340 1783 3397 nihilominus
1790 3339 1828 3393 in·

140 3434 216 3505 quod
229 3438 258 3489 et
276 3434 338 3489 fleri
357 3435 504 3506 jussimus,
519 3441 548 3491 et
560 3436 666 3491 lactum
689 3443 747 3506 est;
768 3442 796 3492 el
819 3437 903 3492 simul
926 3453 958 3492 ea
1007 3439 1132 3510 fligenda
1146 3438 1286 3494 criminali
1298 3454 1392 3511 poeua.
1408 3438 1464 3493 Hoc
1478 3435 1584 3492 etenim
1598 3435 1674 3490 etin
1690 3434 1754 3489 aliis
1765 3449 1825 3488 eon·

140 3537 205 3594 quae
223 3522 258 3577 de
276 3522 319 3577 his
333 3523 418 3578 rebus
430 3524 590 3597 conscripta
600 3530 674 3596 sunt,
689 3526 811 3598 supponi
832 3527 899 3582 buia
914 3526 957 3581 di·
1007 3532 1289 3588 stitutionibuseade
1302 3531 1442 3603 repositis
1457 3528 1632 3602 scripsimus,
1642 3531 1707 3583 tam
1716 3527 1761 3582 bis
1770 3541 1827 3598 qua

141 3616 212 3694 vinae
234 3620 337 3671 nostrae
358 3617 557 3675 constitutioni
575 3618 767 3690 praecipimus,
783 3625 814 3675 ut
827 3620 959 3676 omnibus
1008 3625 1330 3697 Latinaiprocesserunt
1349 3641 1426 3693 voce,
1442 3639 1527 3696 quam
1541 3637 1653 3694 eaquae
1667 3622 1828 3677 Graecorum

140 3709 190 3765 ilat
204 3709 396 3780 manifestum,
406 3714 434 3766 et
443 3711 513 3784 quid
522 3711 623 3782 prioris
637 3712 851 3785 inexperientiae
860 3713 956 3781 simul,
1007 3719 1118 3791 lingua,
1133 3735 1220 3792 quam
1236 3718 1351 3791 quidem
1370 3717 1407 3774 ad
1426 3719 1524 3790 legum
1541 3714 1719 3788 professores
1731 3711 1826 3769 rescri-

141 3806 170 3858 et
181 3802 390 3859 incertitudinis
399 3808 515 3871 esset,et
524 3805 708 3876 quidanobis
717 3805 754 3861 sit
763 3806 957 3862 adinventum.
1008 3812 1126 3885 psimus.

143 3893 328 3964 Legislatores
341 3902 437 3960 autem
452 3914 503 3952 seu
518 3897 615 3969 legum
628 3899 800 3971 interpretes
813 3899 957 3957 illos'eon-
1044 3907 1061 3979 ᾗ
1075 3909 1120 3962 23.
1134 3907 1198 3961 llaec
1210 3905 1300 3977 igitur
1312 3903 1457 3960 volumina
1477 3901 1688 3974 (Institutomm
1702 3906 1732 3956 et
1747 3899 1826 3970 bige-

144 3987 293 4058 gessimus,
307 3988 355 4060 qui
369 3989 444 4060 apud
463 4006 561 4045 omnes
574 3992 683 4060 probati
698 3996 726 4049 et
746 3995 852 4064 recepti
867 3999 957 4066 erant,
1008 4005 1117 4055 storum
1131 3999 1260 4067 dicimus)
1277 4015 1312 4054 ex
1326 3998 1382 4054 ssus
1396 3996 1473 4055 tertii
1485 3994 1577 4051 nostri
1590 3993 1751 4050 felicissimi
1764 4007 1827 4047 con·

143 4085 172 4135 et
183 4080 326 4152 prioribus
337 4082 557 4155 imperatoribus
572 4085 745 4156 placuerant,
762 4089 791 4141 et
802 4087 848 4157 qui
864 4087 900 4142 ab
914 4088 959 4144 his
1008 4095 1118 4149 sulatus
1143 4109 1227 4147 suum
1246 4092 1336 4148 robur
1354 4089 1483 4146 obtinere
1506 4089 1660 4158 sancimus,
1676 4087 1707 4142 id
1730 4090 1783 4154 est,
1796 4100 1827 4139 er

142 4173 283 4229 nominari
301 4180 478 4232 meruerunt.
492 4175 520 4232 Si
534 4177 611 4232 enim
625 4177 727 4249 aliquis
740 4180 868 4236 nondum
881 4187 958 4237 vete·
1008 4191 1074 4241 ante
1083 4185 1198 4241 tertium
1210 4178 1828 4254 edendarumlanuariammpraesentisduo

143 4268 221 4324 libus
233 4268 438 4340 ¹⁸Si⁵¹³t⁰lib¹¹⁵
451 4270 581 4342 ⁰⁰8¹¹ii¹¹⁵
596 4275 647 4339 θδῑ,
661 4288 712 4326 nos
735 4277 763 4328 et
781 4274 848 4329 huic
869 4275 958 4330 inter·
1008 4278 1126 4336 decime
1140 4278 1311 4345 indictionis,
1323 4278 1353 4332 in
1367 4293 1451 4332 omne
1469 4292 1562 4330 aevum
1575 4274 1711 4341 valitura,
1725 4277 1754 4327 et
1770 4287 1828 4325 una

143 4362 265 4420 diximus
271 4364 814 4434 hujusvolunriniscommunicationem.
822 4368 960 4423 Omnibus
1009 4389 1075 4428 cum
1086 4370 1281 4444 imperialibus
1291 4369 1537 4429 constitutionibus
1548 4367 1682 4440 rigorem
1695 4370 1724 4422 et
1734 4365 1826 4420 locum

143 4472 208 4512 sane
222 4457 267 4511 hic
279 4456 377 4528 positis
389 4474 479 4514 unum
494 4458 623 4514 ordinem
635 4464 662 4514 et
674 4460 842 4531 dignitatem
857 4478 958 4533 parem
968 4481 999 4556 D
1009 4465 1140 4521 habitura
1151 4470 1210 4521 tam
1223 4463 1253 4519 in
1265 4464 1310 4519 his
1323 4446 1496 4536 que'postea
1515 4461 1688 4518 emerserint
1701 4475 1789 4532 quam
1802 4457 1828 4511 in

144 4550 283 4618 dedimus,
297 4550 368 4605 nulli
387 4552 510 4623 cuipiam
532 4552 640 4624 majore
662 4570 748 4624 quam
766 4554 875 4610 caeteris
896 4555 961 4610 data
1009 4558 1133 4631 hisquae
1145 4559 1175 4613 in
1185 4557 1299 4630 judiciis
1313 4557 1405 4612 adhuc
1419 4556 1555 4628 pendent,
1573 4554 1713 4610 necdum
1727 4553 1828 4608 amica·

144 4644 343 4715 praerogativa.
360 4645 390 4700 Si
408 4644 484 4699 enim
499 4645 544 4700 his
565 4662 628 4717 qum
643 4645 751 4701 abillis
771 4648 874 4719 scripta
894 4653 961 4703 sunt
1010 4652 1113 4707 bilibus
1136 4651 1240 4707 tradita
1265 4653 1332 4706 sunt
1358 4649 1611 4718 caussationibus,
1642 4647 1829 4720 quodcunque

144 4737 277 4792 omnibus
301 4737 493 4809 imperialium
510 4739 747 4796 constitutionum
766 4741 896 4797 dedimus
914 4759 959 4797 ro·
1011 4744 1088 4801 enim
1112 4746 1251 4801 hactenus
1271 4745 1315 4800 vel
1332 4743 1502 4815 judicatum,
1515 4742 1559 4798 vel
1581 4745 1762 4796 transactum
1784 4743 1829 4805 cst,

118 4839 127 4858 ⁸
144 4830 208 4901 bur,
223 4830 292 4903 quid
306 4831 439 4903 estquod
460 4832 491 4887 in
514 4832 559 4888 his
579 4833 702 4905 amplius
718 4836 852 4907 quodque
867 4836 961 4892 minus
1011 4837 1514 4902 retracunnonsusunamusuuem
1524 4833 1642 4907 quidem
1654 4833 1830 4888 consulatum

145 4923 244 4978 haberi
258 4925 376 4980 debeat?
1011 4933 1129 4988 tertium
1142 4931 1224 4987 nobis
1239 4929 1500 4986 nominatissimum
1520 4928 1598 4984 dedit
1616 4928 1701 4997 Deus,
1719 4924 1831 4999 quando

181 5017 254 5088 §tt
277 5018 348 5073 lllud
366 5020 473 5087 autern,
487 5020 563 5091 quod
583 5021 687 5089 statim,
701 5038 766 5078 cum
787 5023 861 5078 hanc
883 5039 960 5078 eom-
1012 5030 1042 5081 et
1063 5026 1115 5081 sub
1137 5026 1198 5097 ipso
1221 5042 1276 5096 pax
1298 5040 1364 5079 cum
1387 5022 1477 5079 Persis
1490 5021 1658 5077 confirmata
1672 5025 1727 5088 est,
1744 5020 1832 5075 ethoc

40 5189 48 5203 ι
145 5109 810 5187 positionemlegumcongregarimandaremus,
814 5117 960 5189 jussimus,
1011 5125 1123 5175 tantum
1133 5117 1372 5190 legumrolumen
1380 5116 1537 5188 repositum
1547 5119 1598 5183 est,
1607 5112 1832 5185 quodanemine

146 5204 370 5259 ilerumetnunc
381 5206 521 5263 sancimus
532 5208 601 5263 illud
612 5208 963 5266 confirmand020mnihus
1012 5213 1156 5286 majorum
1173 5228 1301 5284 unquam
1323 5209 1513 5281 excogitatum
1531 5206 1596 5275 luit,
1611 5211 1698 5278 atque
1715 5206 1754 5261 ad
1777 5206 1832 5260 hec

146 5296 276 5352 similiter
290 5296 484 5355 interdicimus
501 5318 536 5358 ne
555 5302 619 5375 quis
635 5303 898 5359 audeathominum
913 5305 964 5377 qui
1013 5307 1096 5363 tertia
1116 5323 1182 5378 pars
1202 5304 1304 5361 mundi
1325 5303 1456 5376 (dicimus
1470 5305 1566 5358 autem
1589 5305 1680 5355 totam
1707 5296 1831 5370 Lybiami

146 5396 213 5448 sunt
239 5405 324 5457 nunc,
345 5391 442 5444 autin
464 5400 609 5463 posterum
631 5402 724 5468 emnt,
744 5399 963 5455 commentarios
1012 5400 1117 5456 nostris
1131 5400 1264 5471 adjuncta
1285 5399 1329 5453 est
1347 5397 1476 5469 sceptris,
1491 5395 1586 5450 omnia
1598 5393 1660 5448 haec
1684 5408 1702 5446 a
1723 5405 1832 5447 summo

145 5486 267 5542 scribere
281 5485 384 5539 barum
400 5484 506 5556 legum,
521 5494 712 5563 praeterquam
730 5492 753 5546 si
767 5493 836 5547 velit
852 5493 916 5565 quis
934 5493 963 5549 in
1013 5495 1070 5549 Deo
1091 5497 1119 5549 et
1137 5494 1282 5550 servatore
1302 5495 1399 5547 nostro
1425 5490 1490 5546 lesu
1513 5487 1624 5544 Christo
1649 5487 1728 5542 dona
1754 5482 1832 5541 tertio

145 5578 965 5657 Graecamlinguambaeetranslerre,quemetiamsolumus
1014 5591 1111 5644 nostro
1146 5587 1293 5641 consulatu
1328 5584 1447 5640 indulta.
1474 5613 1508 5623 -
1535 5581 1579 5637 24.
1606 5579 1716 5636 Omnes
1743 5579 1832 5650 itaque

146 5675 205 5729 sola
225 5674 383 5730 seeundum
402 5673 505 5746 pedem
526 5690 576 5730 seu
588 5685 650 5734 κατὰ
665 5686 727 5736 πόδα
740 5687 904 5752 nuncupata
920 5680 964 5737 uti
1013 5680 1202 5737 laudatissimi
1217 5685 1320 5735 nostrae
1334 5677 1498 5750 reipublicae
1510 5674 1691 5747 Magistratus
1711 5672 1832 5729 dinnao

145 5765 243 5860 legum
256 5766 498 5840 interpretatione,
511 5774 539 5826 et
551 5769 577 5825 si
590 5771 658 5845 quid
669 5774 827 5829 seeundum
836 5775 966 5831 nomina-
1014 5776 1089 5833 banc
1097 5780 1224 5833 nostram
1233 5772 1416 5845 suscipientes
1425 5768 1667 5841 constitutionem,
1675 5771 1713 5826 nt
1721 5770 1834 5824 auom
