3878 6150
75 282 149 338 {025
487 273 670 338 JUSTlNthl
689 280 853 337 NOVELLAE
872 280 1040 339 SELECTAE.
1060 283 1215 340 novrum
1233 278 1346 340 cxxlll.
1693 281 1760 344 {026

74 407 133 462 que
148 391 215 462 post
223 389 331 461 cinguli
345 389 556 445 detractionem
569 394 629 446 tam
640 391 794 447 tormentis
807 391 891 462 subji-
902 394 1004 478 Alton
1024 396 1137 449 tantum
1157 398 1255 448 autem
1280 394 1341 448 baec
1357 396 1523 464 querantur
1536 391 1566 448 iu
1581 393 1697 464 synodis
1710 411 1764 466 per

74 482 190 552 ciendo,
203 498 291 554 quam
301 482 332 537 in
345 482 478 538 exislium
489 483 643 538 mittendo.
943 486 1069 557 singulos
1082 503 1171 541 annos
1187 485 1367 540 celebrandis
1383 502 1390 540 ε
1407 485 1457 540 sed
1474 485 1561 541 etiam
1577 486 1760 557 quotiescun·

113 576 417 632 lnterdicimusautem
423 577 473 631 Dei
480 577 686 632 amantissimis
698 577 892 649 episcopis,ne
944 596 1000 650 que
1013 579 1116 650 aliquis
1125 581 1169 634 vel
1179 578 1373 646 sacerdotum,
1390 579 1433 633 vel
1441 578 1622 647 clericorum,
1639 580 1684 634 vel
1694 596 1764 650 prae·

73 671 208 743 proprias
221 669 507 737 deserautecclesias,
519 671 588 724 etin
599 671 895 742 aliasprohciscantur
943 674 1047 739 sulum,
1070 673 1114 727 vel
1135 673 1357 738 monachornm,
1374 673 1418 726 vel
1437 672 1472 726 dc
1487 672 1554 738 ilde,
1571 672 1614 726 vel
1634 672 1669 728 de
1685 673 1760 744 turpi

74 763 248 836 provincias.
263 762 363 819 Sedet
377 763 400 817 si
416 764 500 834 hcrjus
516 764 623 835 agendi
637 764 894 836 necessitasaliqua
908 837 914 843 ῃ
943 765 1008 833 vita,
1022 766 1065 820 vel
1076 765 1153 837 quod
1163 769 1264 821 contra
1274 782 1369 820 sacros
1379 765 1487 836 aliquid
1501 782 1625 820 canones
1637 782 1759 838 perege·

75 856 208 924 incidiat,
221 872 281 911 nou
292 856 385 924 aliter,
402 856 459 911 nisi
473 873 538 912 cum
554 857 657 912 litteris
670 858 828 913 beatissimi
844 874 893 912 co·
943 859 989 926 rit,
1005 862 1154 914 accusatus
1168 860 1264 914 tuerit.
1282 860 1316 913 Et
1331 858 1486 929 siquidem
1505 859 1529 912 is
1546 859 1594 930 qui
1611 864 1761 914 accusatur

75 965 143 1004 rum
150 949 321 1020 patriarchae
334 951 385 1003 aut
397 950 622 1021 metropolitani,
634 956 684 1006 aut
697 950 840 1022 imperiali
852 950 892 1004 vi·
944 953 1094 1024 episcopus
1103 954 1190 1008 lucrit
1199 952 1537 1023 hujusmetropolitonus,
1547 968 1652 1023 eaquae
1662 954 1760 1024 prose-

77 1042 184 1097 delicet
189 1042 319 1112 jussione
332 1042 387 1097 hoc
399 1042 521 1098 iaciant:
537 1043 665 1110 iterans,
678 1047 756 1098 utne
769 1043 825 1098 illis
835 1042 895 1115 qui-
944 1049 1044 1100 rcntur
1060 1041 1237 1113 eiraminato;
1255 1046 1278 1099 si
1293 1063 1360 1100 vero
1373 1046 1611 1117 metropolitanus
1626 1045 1757 1101 beatissi-

78 1137 147 1191 dem
157 1136 297 1208 episcopis
305 1137 354 1208 qui
363 1137 415 1191 sub
425 1137 591 1193 beatissimo
602 1138 816 1210 archiepiscopo
823 1139 895 1194 Con·
944 1156 1008 1194 mus
1021 1139 1250 1211 archiepiscopus
1260 1139 1311 1194 sub
1324 1156 1381 1210 quo
1397 1141 1545 1206 censetur,
1561 1139 1584 1192 si
1599 1140 1760 1210 presbyter,

77 1229 334 1301 stantinopolitano
351 1234 380 1284 et
398 1230 561 1301 patriarcha
576 1231 724 1286 constituti
737 1234 814 1299 sunt,
833 1231 894 1286 sine
945 1234 994 1287 aut
1017 1231 1165 1302 diaconus,
1183 1237 1232 1286 aut
1246 1231 1317 1286 alius
1328 1231 1458 1298 clericus,
1475 1236 1525 1286 aut
1538 1232 1640 1302 praesul
1656 1248 1759 1288 mona·

79 1322 142 1393 ejus
155 1322 305 1392 mandatu,
315 1327 471 1378 autuostra
480 1323 609 1393 jussione
620 1324 657 1379 ad
672 1324 783 1395 regiam
796 1325 894 1379 venire
945 1325 1033 1393 sterii,
1043 1328 1093 1379 aut
1104 1325 1273 1391 monachus,
1287 1324 1518 1396 religiosissimus
1531 1325 1689 1395 episcopus,
1707 1325 1759 1380 sub

77 1415 181 1471 urbem
193 1415 286 1471 liceat.
299 1416 381 1480 Quod
391 1416 414 1471 si
422 1433 457 1471 eo
470 1417 558 1472 modo
567 1417 894 1491 episcopusquocunque
946 1435 1002 1473 uno
1018 1418 1047 1472 hi
1057 1422 1199 1486 censetur,
1211 1417 1305 1472 dolata
1315 1417 1345 1471 in
1360 1417 1573 1472 accusationem
1584 1418 1758 1473 examinato.

77 1508 135 1563 loci
144 1508 355 1580 peregrinetur,
366 1525 432 1593 ¹nou
445 1509 568 1581 amplius
579 1527 636 1565 uuo
653 1527 729 1566 enno
746 1510 895 1565 eeclesiam
945 1513 979 1566 Et
994 1511 1112 1566 veritate
1123 1510 1322 1582 comprobata,
1334 1510 1530 1581 unusquisque
1543 1526 1595 1581 pro
1610 1511 1697 1566 modo
1710 1510 1761 1565 de-

77 1617 161 1656 suam
175 1601 341 1672 relinquito.
359 1602 490 1673 Episcopi
507 1615 586 1670 vero,
607 1603 655 1673 qui
676 1603 712 1658 cd
727 1603 839 1674 regiam
856 1603 896 1673 lut
944 1604 1013 1671 licti,
1030 1603 1175 1659 canonicis
1193 1603 1320 1659 censuris
1339 1603 1486 1673 subjicitor
1500 1602 1609 1673 judicio
1634 1603 1696 1673 ejus
1714 1602 1764 1675 qui

77 1694 250 1764 dictumest)
267 1694 368 1749 urbem
382 1695 565 1763 accesserint,
579 1697 775 1767 cujuscunque
789 1695 894 1751 dioece-
946 1714 1038 1753 causae
1052 1696 1299 1752 examinationem
1309 1695 1518 1751 accommodat.
1527 1698 1620 1767 Atque
1632 1696 1762 1751 banom-

78 1804 144 1843 seos
159 1787 226 1856 sint,
238 1789 305 1842 ante
319 1787 419 1842 omnia
435 1787 634 1842 beatissimum
648 1789 896 1861 archiepiscopum
906 1776 935 1848 B
947 1791 995 1845 nia
1009 1806 1067 1845 non
1080 1794 1191 1844 tantum
1205 1789 1355 1844 obtinento
1366 1789 1397 1842 in
1407 1788 1440 1842 iis
1450 1787 1590 1860 episcopis
1600 1793 1630 1843 et
1642 1789 1761 1858 clericis,

76 1881 896 1953 Constantinopolitanumetpatriarchamadeunto,atque
946 1901 1040 1955 nequo
1055 1883 1306 1955 nonpraesulibus,
1330 1882 1378 1953 qui
1401 1882 1520 1952 posthac
1540 1881 1761 1951 ordinabuntur,

78 1973 119 2029 ita
130 1990 183 2046 per
198 1973 292 2045 ipsum
305 1973 343 2028 ad
354 1978 484 2029 nostram
495 1974 697 2045 ingrediuntor
707 1975 897 2047 tranquillita·
946 1977 1094 2033 sedetiam
1109 1977 1138 2031 in
1154 1976 1188 2030 iis
1203 1976 1252 2047 qui
1267 1976 1354 2030 modo
1369 1978 1444 2043 sunt,
1461 1975 1484 2029 si
1507 1975 1571 2046 quis
1592 1975 1680 2045 (quod
1696 1975 1764 2030 licet

77 2069 149 2122 tem.
163 2067 218 2131 Qui
228 2083 295 2122 vero
305 2070 406 2122 contra
418 2072 547 2123 nostram
558 2067 776 2140 dispositionem
789 2071 834 2124 vel
848 2086 897 2141 pe-
945 2071 1096 2149 conjicere)
1114 2070 1149 2125 de
1165 2070 1250 2124 certis
1264 2069 1358 2123 causis
1372 2085 1425 2139 per
1449 2084 1543 2123 sacros
1564 2084 1689 2124 canones
1708 2084 1762 2124 no·

76 2160 275 2232 regrinautur,
285 2164 335 2215 aut
346 2161 601 2233 ultrapraellnitum
609 2161 679 2217 anni
692 2165 806 2234 tempus
816 2166 896 2217 extra
946 2169 1076 2237 strasque
1087 2165 1167 2236 leges
1173 2163 1327 2235 prohibitis
1338 2166 1495 2217 accusetur.
1508 2162 1555 2216 llis
1568 2162 1647 2216 enim
1659 2161 1699 2216 ita
1710 2162 1759 2217 ob·

78 2254 230 2308 ecclesiam
257 2270 340 2308 suam
365 2255 433 2309 alibi
459 2258 687 2323 commorantur,
709 2256 755 2310 his
771 2256 895 2327 primum
945 2258 1072 2325 servatis,
1080 2257 1144 2312 laici
1155 2273 1270 2329 quoquc
1279 2272 1419 2328 magnum
1429 2256 1505 2311 circa
1514 2259 1622 2310 rectam
1633 2255 1721 2310 tidem
1733 2256 1762 2309 et

79 2347 198 2418 quidem
207 2363 264 2402 non
276 2347 571 2403 subministrantorab
582 2349 708 2404 eeclesiae
719 2365 897 2404 suaeoecono-
945 2352 1097 2407 honestam
1110 2351 1199 2406 vitam
1209 2351 1381 2422 proiectum,
1398 2353 1484 2421 atque
1501 2350 1530 2405 in
1545 2349 1649 2404 melius
1666 2365 1764 2403 emen·

78 2441 134 2494 mis
154 2443 299 2511 sumptus:
321 2440 426 2494 deinde
449 2441 573 2497 citantor
585 2442 766 2497 sacerdotum
781 2443 893 2511 litteris,
946 2445 1092 2500 dationem
1102 2443 1404 2516 promerebuntur.hd
1413 2443 1761 2514 baecjubemusutomues

78 2533 132 2587 sub
147 2533 250 2603 quibus
262 2537 424 2601 censentur,
436 2537 467 2587 ut
479 2534 516 2588 ad
528 2535 663 2589 ccclesias
676 2552 741 2590 suas
750 2539 895 2591 revertan-
946 2539 1072 2610 episcopi
1082 2539 1191 2610 pariter
1206 2542 1236 2593 et
1250 2537 1409 2609 presbyteri
1424 2554 1483 2591 non
1493 2537 1580 2592 tacito
1596 2536 1695 2604 modo,
1711 2535 1762 2590 sed

78 2629 135 2680 tur.
153 2626 180 2681 Si
191 2626 296 2681 reverti
307 2626 451 2695 differant,
464 2628 622 2683 secundum
633 2645 728 2684 sacros
741 2633 896 2684 evocantor
944 2632 1022 2686 clara
1035 2647 1114 2699 voce,
1131 2647 1195 2702 quae
1210 2647 1227 2684 e
1246 2631 1323 2685 lldeli
1337 2632 1444 2701 populo
1460 2630 1637 2696 exaudiatur,
1650 2644 1762 2683 sacram

79 2735 215 2774 canones.
233 2721 267 2774 Et
279 2719 333 2775 nisi
346 2720 421 2775 intra
437 2724 578 2792 tempusa
593 2721 790 2777 sacerdotibus
798 2722 893 2794 praefi·
946 2724 1122 2779 oblationem
1137 2727 1166 2777 et
1180 2723 1320 2794 precesin
1329 2725 1427 2777 sancto
1437 2723 1608 2794 baptismate
1620 2720 1762 2776 adbibitus

79 2813 174 2867 nitum
185 2812 222 2867 ad
239 2812 371 2868 ecclesias
387 2830 452 2868 suas
467 2818 657 2883 revertantur,
667 2815 721 2885 ipsi
728 2815 847 2886 quidem
858 2816 894 2871 ab
945 2817 1099 2885 celebrant,
1117 2833 1173 2887 quo
1187 2817 1299 2887 rnaq'ore
1318 2815 1421 2870 exinde
1437 2815 1588 2870 devotione
1609 2814 1639 2869 in
1658 2814 1764 2885 depro-

80 2906 247 2977 episcopatu
257 2905 448 2977 depelluntor,
466 2906 515 2962 alii
526 2912 622 2962 autern
630 2909 766 2962 meliores
775 2908 804 2962 in
817 2909 894 2980 ipso·
945 2910 1059 2965 mendis
1072 2909 1186 2965 Domini
1199 2910 1249 2965 Dei
1259 2908 1392 2963 laudibus
1402 2908 1581 2963 audientium
1592 2907 1682 2962 animi
1692 2906 1760 2962 elle·

79 3014 146 3053 rum
160 2999 256 3054 locum
270 2999 440 3055 ordinantor
455 3017 508 3071 pro
526 3004 627 3056 tenore
642 3002 792 3072 praesentis
811 3002 892 3074 legis.
945 3008 1054 3059 rantur.
1071 3005 1112 3058 lto
1127 3004 1206 3058 enim
1222 3007 1251 3057 et
1267 3002 1347 3057 divus
1360 3003 1510 3073 Apostolus
1521 3001 1613 3068 docet,
1623 3001 1721 3056 dicens
1731 3000 1761 3054 in

78 3091 190 3147 Eodem
209 3093 263 3147 hoc
283 3093 436 3148 obtenturo
459 3094 537 3149 etin
561 3095 680 3163 clericis,
701 3095 894 3167 cujuscunque
945 3097 1086 3169 primaad
1104 3096 1422 3168 CorinthiosEpistola:
1439 3095 1599 3150 Enimvero
1615 3094 1638 3148 si
1658 3095 1762 3149 solum·

79 3184 189 3255 gradus
199 3185 307 3241 fuerint
319 3203 369 3242 seu
380 3187 543 3242 ministerii.
558 3188 630 3253 Quia
645 3205 712 3244 vero
729 3189 806 3260 quod
822 3206 839 3244 a
854 3143 933 3244 sat-C
945 3191 1033 3246 modo
1049 3191 1204 3246 benedicas
1224 3189 1487 3261 spiritu,quomodo
1496 3189 1544 3260 qui
1555 3188 1657 3260 privati
1666 3187 1760 3242 locum

79 3278 135 3333 eris
144 3278 253 3334 dictum
262 3280 515 3335 estranonibusde
529 3282 775 3337 sanctissimorum
785 3283 894 3354 episco·
946 3285 1130 3356 impletdicet
1139 3284 1176 3338 ad
1184 3283 1344 3355 gratiarum
1353 3283 1497 3338 actionem
1507 3285 1587 3336 tuam
1597 3280 1760 3350 Denipsum

78 3388 186 3445 porum
201 3373 326 3444 synodis,
346 3390 409 3445 quae
425 3391 477 3446 per
494 3375 619 3445 singulas
634 3375 774 3431 celebrari
788 3375 897 3431 debent
946 3381 1047 3445 Amen,
1061 3376 1298 3448 quandoquidem
1310 3375 1379 3446 quid
1389 3375 1466 3430 dicas
1477 3391 1535 3430 non
1546 3373 1642 3428 videt?
1652 3374 1691 3428 Tu
1701 3372 1762 3443 qui·

78 3466 249 3537 provincias,
265 3466 413 3539 bucusque
431 3469 614 3523 observatum
628 3485 687 3524 non
704 3472 757 3537 est,
769 3470 896 3524 maxime
947 3471 1014 3526 dem
1025 3470 1143 3542 pulchre
1160 3469 1267 3541 gratias
1280 3468 1352 3540 agis,
1367 3469 1545 3523 alterautem
1558 3483 1617 3521 non
1634 3465 1758 3520 aedifica-

78 3559 273 3614 necessarium
287 3561 374 3614 luerit
388 3561 424 3615 ad
438 3565 547 3616 rectam
564 3561 595 3616 id
609 3561 705 3617 denuo
718 3563 794 3617 viam
808 3562 894 3617 redu·
946 3568 1002 3618 tur.
1024 3564 1059 3617 Et
1072 3579 1171 3617 rursus
1186 3563 1215 3616 in
1232 3561 1355 3633 epistola
1368 3560 1404 3616 ad
1421 3562 1566 3616 Romanos
1581 3558 1621 3613 sic
1640 3557 1736 3628 inquit
1752 3574 1759 3614 z

78 3668 158 3709 cere.
174 3655 214 3708 Ac
229 3653 319 3709 sancti
333 3653 451 3725 quidem
468 3656 590 3726 apostoli
613 3659 643 3710 et
660 3656 759 3711 Patres
779 3656 898 3711 delinie·
946 3658 1038 3715 Corde
1054 3657 1173 3728 quidem
1189 3655 1315 3711 creditur
1329 3654 1526 3724 adjustitiam,
1542 3670 1592 3708 ore
1610 3655 1707 3708 autem
1729 3651 1763 3706 ut

78 3749 149 3802 runt
164 3751 195 3801 ut
203 3746 246 3801 bis
256 3762 308 3818 per
318 3747 447 3818 singulos
455 3765 547 3803 anuos
556 3749 837 3821 religiosissimorum
850 3766 895 3804 sa·
947 3752 1087 3807 confessio
1104 3750 1140 3804 ed
1155 3750 1288 3804 salutem.
1307 3749 1354 3803 llis
1368 3748 1456 3819 igitur
1469 3747 1504 3802 de
1520 3746 1613 3802 causis
1627 3745 1762 3801 convenit

79 3839 231 3896 cerdotum
240 3857 290 3895 seu
300 3841 501 3913 episcoporum
510 3843 661 3915 inquaque
669 3843 816 3914 provincia
826 3844 897 3897 cele·
946 3845 1061 3900 utinter
1070 3846 1187 3898 caeteras
1196 3858 1295 3913 preces
1308 3845 1337 3896 et
1350 3858 1382 3896 ca
1394 3858 1456 3912 quae
1467 3841 1496 3894 in
1508 3843 1606 3895 sancta
1616 3839 1762 3894 oblatione

78 3933 234 3989 brarentur
247 3934 360 4005 synodi,
379 3937 483 4006 etque
498 3936 735 4008 suppullularent,
752 3936 897 3991 examina·
946 3938 1089 4004 dicuntur,
1108 3938 1185 3992 clara
1206 3953 1272 3991 voce
1293 3953 1310 3990 a
1329 3934 1550 4006 religiosissimis
1571 3933 1711 4004 episcopis
1734 3934 1764 3988 et

78 4030 191 4095 rentur,
208 4028 426 4100 potirenturque
439 4030 616 4101 competenti
631 4031 808 4085 correctione
822 4048 828 4085 :
842 4029 897 4084 hoc
946 4030 1120 4104 presbyteris
1131 4030 1252 4087 Domino
1272 4032 1369 4084 nostro
1380 4029 1445 4084 lesu
1462 4028 1573 4086 Christo
1587 4027 1648 4081 Deo
1664 4029 1762 4081 nostro

79 4124 125 4176 est
145 4122 236 4176 altera
247 4122 365 4195 quidem
385 4128 485 4194 quarto
505 4123 575 4178 ferio
590 4130 692 4180 sanem
710 4127 894 4193 pentecostes,
946 4143 1011 4181 cum
1025 4126 1107 4180 Patro
1130 4128 1159 4179 et
1177 4127 1275 4179 sancto
1298 4122 1405 4193 Spiritu
1423 4121 1630 4193 proferantur:
1651 4118 1763 4173 scituris

79 4215 171 4270 altera
180 4230 256 4280 ¹vero
271 4216 300 4270 in
313 4232 414 4271 mense
431 4217 606 4289 Septembri.
623 4220 679 4274 Nos
691 4221 788 4273 autem
799 4235 833 4272 ex
846 4218 897 4273 hu·
945 4218 1169 4290 religiosissimis
1183 4216 1378 4272 sacerdotibus
1386 4214 1461 4286 quod
1477 4211 1580 4284 siquid
1593 4212 1696 4266 borum
1708 4228 1759 4266 ne·

75 4306 390 4380 jusmodiuegligentia
399 4311 506 4365 multos
515 4312 600 4367 variis
611 4311 765 4382 implicitos
774 4310 897 4382 peccatis
947 4313 1096 4384 glexerint,
1112 4315 1141 4364 et
1154 4311 1184 4364 in
1199 4308 1345 4364 horrendo
1351 4306 1461 4377 judicio
1472 4304 1572 4376 magni
1587 4304 1637 4360 Dei
1652 4307 1681 4359 et
1696 4303 1760 4359 Ser·

78 4400 285 4471 invenerimus,
292 4403 428 4474 jubemus
442 4408 473 4459 ut
486 4405 618 4460 omnibus
630 4403 725 4459 modis
739 4404 768 4457 in
782 4419 896 4474 quaque
946 4405 1053 4460 viatoris
1064 4403 1154 4458 nostri
1168 4405 1234 4458 Jesu
1250 4400 1354 4456 Christi
1363 4399 1398 4453 de
1415 4398 1459 4453 his
1473 4397 1616 4453 rationem
1627 4396 1761 4465 reddent,

79 4494 227 4566 provincia
245 4512 298 4567 per
316 4497 445 4569 singulos
464 4515 566 4566 annos,
588 4498 633 4553 vel
656 4498 685 4553 in
702 4513 802 4552 mense
813 4496 897 4562 lulio,
908 4508 937 4581 Ι)
949 4514 1043 4569 neque
1059 4514 1112 4552 nos
1125 4497 1186 4550 bec
1200 4490 1662 4566 cognoscentesconquiescemus,
1676 4490 1763 4544 retin-

79 4588 126 4642 rel
138 4587 381 4665 Septembribus
396 4593 521 4663 synodus
548 4591 717 4658 celebretur,
738 4592 896 4660 coeantque
946 4606 1124 4664 quemusque
1135 4590 1235 4644 inulta.
1250 4588 1389 4644 tubemus
1402 4589 1539 4642 autemst
1552 4583 1764 4656 provinciarum

79 4680 209 4737 inunum
216 4682 480 4754 apudbeatissimos
490 4686 608 4757 quidem
614 4684 789 4757 patriarchas
797 4683 837 4738 illi
848 4682 897 4755 qui
947 4685 1092 4759 presides,
1109 4683 1130 4738 si
1142 4682 1211 4754 quid
1221 4698 1321 4738 eorum
1332 4698 1395 4753 quae
1404 4679 1510 4735 anobis
1520 4678 1629 4734 sancita
1639 4679 1764 4731 suntne·

80 4775 118 4830 ab
138 4774 174 4830 iis
193 4776 373 4847 ordinantur,
387 4796 483 4852 noque
495 4781 543 4850 jus
557 4780 665 4835 habent
680 4779 751 4834 alios
766 4777 898 4833 ordinare
949 4777 1201 4852 gligenterbaberi
1211 4776 1344 4842 viderint,
1354 4779 1385 4830 ut
1395 4774 1521 4847 primum
1533 4772 1649 4844 quidem
1657 4775 1768 4828 metro·

81 4860 249 4941 episcopum
267 4872 344 4943 apud
356 4873 589 4945 religiosissimos
599 4890 667 4929 vero
683 4874 820 4946 cujusque
835 4888 900 4944 pro·
948 4872 1090 4945 politanus
1108 4873 1138 4925 et
1151 4870 1222 4925 alios
1236 4869 1384 4940 episcopos
1397 4869 1519 4938 urgeant
1528 4864 1565 4919 ad
1579 4862 1765 4919 celebrandas

80 4961 184 5017 vinciae
205 4966 444 5037 metropolitanos
461 4968 491 5023 bi
506 4969 555 5039 qui
573 4968 609 5023 ab
623 4968 691 5039 ipsis
705 4967 897 5023 ordinantur:
950 4965 1101 5038 praedictas
1118 4964 1252 5037 synodos,
1269 4966 1298 5017 et
1312 4966 1343 5016 ut
1360 4960 1458 5017 omnia
1473 4958 1616 5030 impleant
1633 4973 1698 5029 quae
1713 4972 1766 5028 per

82 5070 142 5126 quo
152 5056 243 5128 magis
257 5061 342 5115 motta
355 5075 458 5129 cause,
470 5065 574 5135 etque
589 5061 624 5115 ab
635 5060 777 5131 aliquibus
787 5059 898 5114 denun-
950 5059 1074 5133 synodos
1082 5061 1223 5130 praesente
1233 5058 1297 5128 lege
1307 5054 1500 5127 precipimus.
1519 5051 1601 5117 Quod
1612 5050 1693 5106 sicus
1705 5066 1766 5106 mo·

81 5148 193 5204 tiantur
200 5151 246 5205 vel
254 5154 403 5209 occasione
411 5153 488 5222 fidei,
499 5155 543 5209 vel
552 5154 756 5209 canonicarum
765 5153 899 5224 quaestio·
949 5171 1012 5209 ram
1032 5155 1145 5208 nectere
1162 5156 1189 5206 et
1205 5149 1322 5221 segnius
1336 5164 1371 5202 ea
1383 5162 1522 5219 peragere
1545 5143 1681 5212 viderint,
1698 5148 1767 5200 tuuc

84 5244 901 5314 numveladministrationisrerumecclesiasticarum,vel
951 5265 1003 5320 per
1026 5245 1242 5318 suggestionem
1264 5258 1316 5296 nos
1336 5257 1370 5295 ea
1391 5239 1426 5295 de
1439 5255 1469 5294 re
1480 5238 1617 5294 certiores
1630 5237 1765 5306 reddant,

83 5335 121 5391 de
133 5336 284 5410 episcopis,
298 5343 348 5395 aut
361 5342 545 5414 presbyteris,
559 5347 609 5398 aut
621 5340 760 5408 diaconis,
775 5344 825 5395 eut
838 5340 902 5395 aliis
951 5358 1008 5414 qno
1022 5340 1116 5410 magis
1132 5339 1232 5392 contra
1245 5351 1294 5390 eos
1307 5333 1357 5406 qui
1369 5332 1495 5406 synodos
1517 5333 1662 5388 celebrare
1683 5329 1765 5385 diue·

83 5428 205 5500 clericis,
220 5433 266 5488 vel
279 5431 314 5487 de
329 5435 571 5490 monasteriorum
585 5434 764 5506 presulibus,
776 5437 827 5488 out
838 5448 900 5487 mo·
951 5438 1029 5502 runt,
1041 5430 1214 5489 conveniens
1224 5446 1241 5483 a
1250 5427 1333 5483 nobis
1342 5426 1480 5500 procedat
1490 5425 1628 5482 correctio
1638 5442 1644 5479 :
1656 5421 1768 5476 scituris

82 5523 247 5594 nacbis‚vel
262 5526 298 5582 de
314 5529 530 5600 reprehensibili
544 5528 612 5595 vito,
624 5531 673 5583 aut
687 5527 825 5598 aliisque
839 5541 901 5581 cor·
951 5534 1011 5584 tam
1033 5527 1103 5599 ipsis
1124 5522 1293 5596 presidibus
1307 5538 1396 5594 quam
1410 5520 1573 5576 cohortibus
1587 5516 1636 5587 qui
1651 5514 1706 5570 illis
1721 5513 1771 5569 ob·

80 5616 244 5674 rectionem
257 5618 432 5692 desiderant,
443 5622 675 5694 agitenturjuxta
685 5626 715 5676 et
728 5619 903 5675 convenien·
952 5622 1126 5692 temperent,
1140 5615 1217 5690 quod
1228 5615 1251 5671 si
1260 5615 1424 5671 herminus
1433 5608 1656 5677 observaverint,
1673 5611 1767 5664 extra·

80 5716 128 5770 ter
140 5716 351 5788 examinentur,
360 5735 455 5792 neque
464 5736 523 5776 non
533 5718 672 5775 correctio
682 5718 718 5773 iis
731 5717 904 5774 adhibeatur
953 5715 1008 5771 mis
1017 5711 1205 5784 subjicientur
1214 5709 1368 5782 suppliciis.
1380 5711 1499 5777 Insuper
1510 5700 1709 5759 interdicimus
1722 5717 1770 5760 re·

82 5822 150 5889 qua
174 5810 262 5869 scens
278 5813 437 5872 canonibus
451 5817 480 5871 et
495 5813 599 5873 nostris
613 5811 767 5871 conveniat
780 5811 902 5887 legibus.
953 5805 1143 5884 ligiosissimis
1154 5803 1296 5881 episcopis
1305 5797 1710 5874 etpresbyterismeqxennn
1717 5794 1789 5851 δικ
