3878 6150
622 200 633 219 .
929 174 983 217 ιβ

160 274 211 331 tot
850 269 981 345 emboli
999 270 1094 326 PAPAE
1114 269 1136 326 ll
1792 272 1845 326 tos

160 383 292 456 Pelagius
306 380 455 453 episcopus
469 381 573 433 sancta
585 374 714 449 Ecclesia
732 377 876 433 catholicae
896 352 1034 460 urbsb'A,
1059 380 1112 433 Nos
1127 377 1203 433 enim
1217 377 1297 433 illam
1308 376 1393 435 iidem
1405 377 1572 450 pradictum
1580 381 1723 450 tenemus,
1739 383 1846 435 etcum

160 480 268 534 Romae.
1024 472 1421 545 omui'puritateconscientiae
1432 474 1563 546 usquead
1572 474 1718 546 sauguinis
1731 474 1846 530 effissio-

194 573 274 638 Quod
286 570 321 624 ad
334 567 514 623 dilectionem
524 569 657 633 vestram,
671 565 773 620 fratres
783 563 890 637 filiique
903 565 973 620 cha·
1008 583 1089 636 „nem
1104 566 1291 637 defendimus,
1316 566 1437 649 quamdo
1459 568 1592 639 apostolis
1616 568 1730 638 tradita,
1747 573 1778 623 et
1791 585 1845 640 per

159 664 273 733 rissimi,
286 666 382 718 nostra
393 660 502 716 tardius
514 659 617 737 sqipta
632 658 795 733 dirigimuq,
808 675 868 715 non
881 659 971 715 male·
1022 674 1196 733 stmcessores
1208 676 1308 715 eorum
1320 658 1515 716 inviolabiliter
1525 660 1671 730 custodita,
1687 662 1844 717 reverenda

160 761 229 816 volae
242 755 402 823 volumus,
416 758 465 811 aut
481 734 770 809 dissimulationis⁶vel
788 752 972 825 negligentiae
1022 752 1134 808 Nicaena
1148 753 1272 824 synodus
1283 757 1476 810 trecentorum
1491 754 1590 810 decem
1603 760 1632 810 et
1644 759 1708 809 octo
1723 756 1842 811 Patruus

159 851 243 909 fuisse
256 849 397 920 credatur,
411 847 470 917 sed,
485 847 557 902 sicut
568 847 668 913 nostis,
677 846 841 917 temporalis
853 845 972 917 qualitas
1023 848 1144 918 suscepit
1157 851 1243 918 atque
1258 848 1373 920 reliquit
1383 846 1510 921 [redegit]
1523 847 1737 920 insymbolum‚
1750 850 1841 906 sedet

159 950 187 1003 et
200 944 309 1002 hostilis
323 942 473 1001 necessitas
495 941 633 996 hactenus
645 939 801 1011 impedivit.
815 941 887 995 Nam
901 940 973 995 sicut
1021 940 1329 1012 Constantinopolitano
1339 946 1489 998 eentumet
1500 942 1706 1016 quinquaginta
1722 945 1837 999 Petrum

157 1040 198 1097 ait
219 1037 355 1094 Dominus
372 1053 425 1108 per
445 1035 628 1107 prophetam:
652 1034 783 1104 Nunquid
807 1035 973 1089 obliviscitur
1021 1034 1072 1088 suh
1086 1035 1141 1105 pios
1158 1035 1302 1090 memoriae
1319 1035 1474 1115 Theodosio
1499 1036 1609 1092 seniore
1633 1037 1765 1109 principe
1787 1038 1830 1092 fa-

157 1133 255 1190 motter
267 1133 354 1203 ibam
366 1126 673 1199 utatsuttlso.xr1ir)l
687 1127 970 1198 Nouergocredatur
1021 1132 1098 1182 ctum
1111 1145 1120 1197 ς
1136 1127 1222 1183 etiam
1244 1128 1385 1198 Ephesina
1404 1128 1508 1202 prima,
1523 1129 1569 1184 cui
1588 1130 1723 1201 praesedit
1749 1130 1837 1185 beate

156 1243 209 1290 aas
220 1227 361 1283 viscerum
374 1218 536 1279 nostrorum
559 1220 726 1277 divisionem
739 1237 796 1276 non
809 1236 876 1278 cum
890 1221 971 1293 gravi
1021 1220 1223 1276 recordationis
1231 1221 1421 1292 praedecessor
1429 1221 1839 1279 nosterCcelestiuusRomauae

157 1316 226 1378 fletu
240 1337 273 1375 cc
286 1317 393 1391 gemitu
405 1316 540 1372 doluisse:
555 1316 604 1371 sed
618 1315 738 1384 utinam,
753 1314 920 1386 charissimi,
934 1315 970 1370 il·
1020 1314 1098 1369 urbis
1117 1314 1242 1383 antistes,
1258 1320 1287 1369 at
1307 1314 1425 1387 Cyrillus
1444 1315 1643 1371 Alexandrinae
1667 1317 1835 1389 episcopus:

156 1415 279 1470 luminat
288 1413 424 1467 Dominus
436 1410 531 1475 oculos
544 1408 636 1464 cordis
651 1408 745 1478 vestri,
760 1412 793 1463 ut
805 1408 893 1464 nostri
906 1425 969 1464 cor·
998 1406 1009 1443 .·
1021 1407 1070 1462 sed
1083 1411 1111 1463 et
1124 1407 1357 1463 Chalcedonensis
1369 1414 1566 1465 sexcentorum
1578 1409 1699 1481 triginta
1711 1416 1837 1481 patrum,

157 1506 199 1566 dis
220 1507 342 1581 gemitus
361 1521 413 1577 pro
434 1502 629 1567 vobiapidere
654 1501 777 1575 possitis.
801 1504 865 1570 Quas
890 1505 969 1566 enim,
1020 1517 1084 1573 quae
1099 1502 1151 1556 sub
1165 1502 1221 1573 pia
1235 1502 1379 1557 memoria
1393 1502 1531 1558 Marciano
1545 1503 1719 1575 imperatore
1735 1519 1836 1560 conve·

154 1601 231 1661 sicut
248 1600 289 1657 eit
306 1600 406 1663 beatus
431 1592 574 1668 apostolus
589 1596 626 1665 (Π
644 1598 702 1654 Gor.
719 1596 787 1666 rra),
803 1597 968 1664 infirmatur,
1020 1594 1079 1649 nit:
1093 1594 1195 1666 cuique
1210 1598 1314 1650 sanctae
1324 1596 1524 1652 recordatiouis
1536 1613 1609 1668 papa
1622 1597 1677 1653 leo
1692 1614 1746 1669 per
1758 1599 1837 1671 lega-

157 1699 182 1751 et
201 1664 248 1765 eqo
263 1670 316 1748 noa
335 1693 476 1760 infirmor?
490 1691 550 1760 quis
568 1689 785 1753 scandalizatur,
799 1693 825 1743 et
846 1704 892 1758 epo
917 1705 983 1744 aon·
1021 1691 1063 1742 tos
1074 1688 1192 1743 vicarios
1206 1705 1270 1743 suos
1290 1689 1440 1760 praesedit3
1461 1693 1491 1746 ct
1503 1695 1533 1746 ut
1544 1690 1724 1747 diversarum
1744 1691 1838 1748 haere-

155 1790 240 1845 aror?
253 1790 287 1842 Et
299 1785 404 1857 ottbs'tl
416 1786 475 1841 Cor.
495 1784 543 1853 ur)
559 1800 566 1837 ε
583 1784 653 1850 Quia
665 1785 774 1856 potitur
791 1798 876 1838 caum
890 1799 969 1839 mem-
979 1776 1082 1856 [thim
1096 1782 1257 1837 damnanda
1277 1783 1409 1854 exigebat
1427 1784 1590 1856 adversitas,
1605 1785 1740 1841 eamdem
1751 1786 1837 1842 iidem

156 1877 690 1950 hum,compatiunturomafomembro.
702 1877 970 1959 Postmprgoquam
1019 1891 1075 1930 uno
1093 1876 1249 1946 eodemque
1268 1892 1352 1932 sensu
1372 1877 1524 1932 clamanter
1550 1876 1726 1952 [clamantes]
1755 1879 1836 1936 latius

154 1977 228 2031 Deus
241 1972 480 2047 omnipotensm
489 1969 621 2025 felicitate
632 1952 857 2026 Christianorum
867 1971 969 2042 princi·
1018 1968 1176 2025 ediderunt.
1192 1970 1246 2025 Sed
1268 1975 1297 2026 et
1315 1969 1461 2042 epistolam
1474 1971 1603 2044 predicti
1616 1972 1711 2028 heatae
1724 1989 1830 2030 memo·

154 2086 223 2143 pum
236 2065 492 2141 perniciosasque
502 2062 969 2120 sollieitudinemfiliinostriexcel·
1018 2062 1067 2117 riae
1082 2063 1182 2119 Leonis
1194 2064 1230 2119 ad
1239 2064 1407 2119 Elavianum
1422 2066 1768 2138 constantinopolitanum
1781 2069 1834 2140 epi-

153 2160 302 2220 lautissimi
308 2155 455 2232 Snraiagdi
464 2157 577 2213 exarchi
585 2156 785 2212 etchartularii
791 2158 968 2229 sacripalatii
1017 2172 1135 2228 scopum
1151 2157 1254 2226 datam,
1269 2173 1333 2230 quae
1346 2161 1375 2214 et
1388 2158 1482 2217 tanus
1494 2160 1664 2232 appellatur,
1679 2161 1832 2232 peromnia

152 2250 647 2330 paccmuobisinterimvelquietem
655 2249 760 2306 donare
770 2250 904 2323 dignatus
914 2255 965 2320 est,
1016 2264 1194 2320 veneramur,
1208 2253 1348 2322 tenemus,
1365 2251 1553 2324 defendimus,
1572 2257 1659 2326 atque
1678 2255 1830 2311 secundum

154 2365 219 2403 cum
233 2345 508 2405 omnisollicitudine
521 2344 687 2400 festinamus
699 2344 850 2414 prasentia
867 2344 903 2399 ad
919 2361 967 2401 vos
1016 2343 1077 2414 ejus
1093 2346 1234 2414 tenorem,
1253 2345 1404 2417 adjuvaute
1425 2346 1559 2411 Domino,
1581 2347 1784 2419 predicamus.
1799 2349 1829 2404 Et

153 2441 257 2514 scripta
272 2441 404 2512 dirigere,
419 2439 567 2494 hortantes
579 2441 608 2492 et
622 2437 811 2509 obsecrantes,
828 2455 864 2493 ne
877 2438 907 2493 in
921 2437 964 2493 di·
1016 2436 1089 2491 sicut
1101 2437 1390 2508 praedecessornoster
1399 2456 1473 2511 saepe
1486 2439 1678 2497 dictusbeatae
1688 2443 1828 2499 memoria

151 2534 257 2591 visione
271 2534 397 2590 ccclesiae
411 2530 529 2588 ulterius
543 2533 694 2604 quisquam
716 2530 826 2593 stubei
848 2548 964 2605 perma-
1014 2546 1087 2602 papa
1099 2531 1154 2587 Leo
1168 2532 1307 2604 synodum
1328 2533 1589 2589 chalcedonensem
1612 2536 1740 2609 suscepit
1750 2541 1827 2609 atque

151 2642 231 2685 nere.
241 2629 295 2683 Nos
308 2627 387 2685 enim
400 2625 556 2683 secundum
564 2626 755 2699 evangelicam
766 2638 864 2685 vocem
873 2627 965 2683 stude·
1014 2622 1147 2692 firmavit,
1166 2625 1205 2680 ita
1219 2631 1247 2681 et
1259 2643 1310 2681 nos
1322 2644 1375 2699 per
1389 2627 1495 2697 omnia,
1509 2633 1645 2700 operante
1658 2630 1755 2686 divina
1766 2646 1826 2703 grs-

150 2740 215 2779 mus
234 2718 405 2779 fraternitati
417 2736 450 2776 ac
468 2720 614 2777 dilectioni
637 2722 747 2789 vestra,
770 2719 800 2775 in
826 2726 965 2792 quantum
1014 2717 1062 2787 tia,
1079 2733 1256 2789 veneramur,
1268 2720 1443 2776 custodimus
1457 2724 1541 2793 atquc
1554 2722 1748 2779 defendimus

149 2815 287 2889 fragilitas
299 2820 394 2870 nostra
406 2813 520 2882 sufficit,
533 2830 599 2886 qua
620 2813 789 2886 nobisJ'ussa
806 2819 882 2882 sunt,
897 2831 964 2870 cum
1049 2810 1153 2884 Siquis
1178 2817 1273 2868 autem
1293 2818 1391 2870 contra
1412 2815 1484 2870 hanc
1505 2815 1592 2871 fidem
1614 2821 1666 2872 aut
1679 2817 1764 2890 sapit,
1783 2822 1826 2873 aut

149 2910 308 2985 sinceritate
322 2908 413 2965 cordis
423 2907 572 3007 humiliter
585 2907 732 2963 exhibere.
744 2908 837 2962 Nostis
847 2908 925 2962 enim
934 2908 967 2964 in
1013 2903 1112 2975 credit,
1126 2911 1177 2961 aut
1190 2907 1289 2963 docere
1307 2908 1455 2980 presumit
1480 2909 1639 2967 secundum
1663 2911 1825 2967 eorumdem

148 3000 304 3077 Evangelio
318 3001 473 3059 Dominum
486 2996 713 3074 proclamantem
733 3001 805 3072 (Eoo.
822 3002 902 3073 rrul:
922 3004 965 3059 si·
1012 2999 1129 3054 Petrum
1140 3001 1317 3070 sententiam,
1331 3002 1498 3058 damnatum
1510 3008 1596 3075 atqua
1613 3005 1824 3060 anathematiza·

148 3112 220 3161 rooa,
230 3097 333 3167 Sfovoc,
342 3092 399 3151 ecoe
407 3094 525 3151 Sotcam
538 3096 667 3165 capetiott
679 3109 735 3158 vos,
743 3099 774 3149 ot
782 3095 913 3150 cribraret
927 3097 962 3151 si·
1012 3097 1074 3148 turn
1086 3108 1115 3147 se
1128 3109 1189 3149 esse
1202 3099 1361 3166 cognoscat.
1374 3096 1435 3152 Non
1448 3110 1518 3169 ergo
1531 3097 1682 3170 patiemini
1694 3098 1770 3154 falsis
1784 3115 1824 3154 sa·

147 3194 193 3246 cat
207 3190 342 3256 triticeam
360 3204 406 3259 epo
420 3192 510 3244 autom
522 3190 618 3256 ropooa'
628 3203 679 3258 pro
693 3192 717 3242 te
729 3189 848 3252 Patrem,
860 3193 892 3244 at
908 3159 999 3246 acac
1011 3186 1183 3258 spicionibus
1197 3193 1246 3243 aut
1255 3189 1416 3246 rumoribus
1431 3191 1523 3248 denuo
1537 3190 1654 3262 agitari,
1671 3196 1700 3248 et
1714 3193 1745 3248 in
1756 3194 1822 3249 divi·

147 3284 253 3354 deficat
265 3284 396 3354 Metuo,
410 3285 436 3337 et
450 3286 628 3338 mcuaoersos
642 3281 959 3353 conpunctrotrestaos.
1011 3280 1090 3335 sionc
1113 3282 1241 3338 Ecclesia
1262 3283 1401 3339 malorum
1423 3284 1573 3340 hominum
1598 3288 1822 3357 persuasionibus

181 3378 371 3445 Considerate,
387 3375 556 3444 charissimi,
568 3374 634 3448 quia
648 3375 752 3430 veritas
774 3377 890 3433 mentiri
904 3393 962 3435 nou
1012 3374 1099 3446 (quod
1119 3380 1227 3432 averet
1248 3377 1393 3449 Dumium)
1407 3394 1563 3435 remanere.
1578 3379 1654 3444 Quid
1669 3383 1746 3436 enim
1758 3398 1820 3437 voca

144 3473 245 3546 potuit,
260 3487 313 3528 nec
330 3471 400 3529 fidu
412 3470 489 3526 Petri
506 3469 536 3524 in
551 3473 691 3525 aeteruum
713 3468 844 3543 quassaq‘
857 3472 962 3542 poterit
1011 3473 1113 3523 sande
1128 3469 1257 3525 Ecclesia
1267 3471 1374 3527 unitate
1388 3472 1533 3528 dviollist
1545 3473 1742 3544 quandonihil
1751 3477 1817 3542 novi,

120 3569 187 3643 ⁴,vel
202 3567 322 3622 mutari:
336 3581 404 3620 nam
416 3580 481 3625 oum
497 3579 601 3620 omnes
613 3562 767 3634 discipulos
780 3563 907 3620 diabolus
924 3567 961 3623 ad
1010 3562 1081 3617 nihil
1097 3561 1180 3635 [quod
1192 3563 1274 3635 absit]
1288 3565 1464 3622 contrarium
1477 3566 1507 3622 in
1521 3566 1595 3622 dicta
1608 3568 1735 3625 Ecclesia
1755 3585 1817 3642 pre

144 3659 366 3716 excribrandum
375 3659 545 3731 poposcerit,
556 3675 607 3730 pro
617 3658 675 3713 solo
684 3658 765 3713 Petro
780 3675 810 3713 se
821 3659 959 3715 Dominus
1009 3654 1097 3711 dicari
1109 3656 1275 3728 cognoscitis
1288 3659 1332 3715 vel
1343 3660 1457 3715 tenerit
1472 3661 1626 3716 Sedunum
1639 3663 1816 3737 eamdemque

143 3769 256 3825 rogasse
268 3754 400 3820 testatur,
413 3756 441 3808 et
452 3751 487 3807 ab
501 3768 535 3807 eo
547 3752 635 3899 νῖλιιὶῑ
649 3756 763 3807 caeteros
775 3752 937 3808 confirmari
948 3771 957 3824 3
1009 3749 1104 3821 fidem,
1113 3768 1178 3824 qnae
1192 3751 1227 3806 ab
1241 3753 1371 3824 apostolis
1384 3755 1494 3825 tradita,
1508 3760 1537 3811 et
1549 3758 1687 3812 assuetis
1701 3758 1815 3814 Patribus

143 3845 288 3901 caiatiam
306 3862 358 3917 pro
374 3845 474 3916 majori
499 3838 650 3919 dilacione
666 3858 752 3917 quam
777 3847 959 3918 praecaeteris
1008 3845 1186 3915 etpraedictis
1199 3851 1322 3919 quatmr
1332 3848 1444 3920 enodis
1458 3849 1609 3920 explanata
1625 3854 1713 3924 atque
1727 3852 1814 3908 confir

143 3939 262 3995 Domino
286 3938 426 4007 exibebat,
450 3934 658 4008 pascendarum
679 3937 775 3993 ovium
798 3939 958 3996 sollicitudo
1007 3943 1083 3993 mata
1094 3939 1278 4010 dignoscitur,
1293 3941 1480 3998 sincerissime
1498 3944 1591 3999 teneri
1608 3948 1698 4018 atque
1715 3947 1811 4003 defendi

143 4032 295 4089 commissa
307 4036 363 4088 est:
378 4031 424 4087 cui
439 4037 467 4087 et
480 4030 662 4103 clavesregni
674 4031 810 4087 coelorum
824 4033 955 4103 tradidit3
1007 4033 1098 4088 modis
1113 4034 1243 4089 omnihus
1262 4036 1473 4107 comprobatur.
1488 4036 1540 4092 Ubi
1561 4053 1633 4110 ergo
1646 4039 1681 4095 de
1695 4041 1758 4096 fidei
1775 4041 1811 4095 tir

142 4128 172 4183 et
183 4141 270 4198 super
289 4141 375 4198 quam
391 4124 542 4180 Ecclesiam
565 4141 648 4178 suam
666 4124 876 4199 gdifrcaturum
897 4142 957 4183 esse
1007 4125 1104 4183 mitate
1117 4127 1196 4182 nulla
1207 4127 1286 4184 vobis
1294 4129 1398 4202 poterit
1410 4130 1527 4203 quaestio
1540 4133 1585 4187 vel
1597 4133 1722 4206 suspicio
1735 4151 1807 4208 geue·

127 4212 282 4291 mmuh,
296 4232 349 4271 uec
362 4218 456 4287 portas
465 4213 571 4269 inferni
580 4206 714 4269 adversus
724 4205 957 4289 eam-'prevalere
1007 4219 1115 4291 rari,in
1136 4220 1245 4278 unitate
1265 4221 1341 4293 fidei,
1356 4206 1491 4296 etquffin
1514 4226 1578 4281 sinu
1598 4230 1707 4301 san*
1724 4228 1807 4289 natus

140 4314 256 4368 testatus
278 4314 321 4366 cst
335 4308 443 4382 (mort.
461 4308 515 4379 ld).
535 4307 589 4363 Sed
602 4306 668 4380 quia
687 4307 818 4364 inimicus
835 4311 957 4366 humani
998 4297 1153 4371 'catholicas
1175 4319 1260 4389 atque
1284 4318 1447 4389 apostolicas,
1456 4319 1586 4375 Ecclesiae
1597 4338 1771 4393 permanere.
1779 4321 1803 4377 a·

141 4405 253 4478 generis
259 4420 349 4477 usque
362 4402 488 4460 insinem
501 4401 597 4457 saeculi
610 4419 667 4457 non
679 4402 797 4474 quiescit
808 4403 956 4459 initamini
1005 4409 1073 4480 quid
1086 4409 1157 4465 torte
1171 4426 1262 4465 causae
1277 4412 1327 4479 est,
1343 4411 1419 4467 unde
1433 4413 1517 4468 vestri
1536 4415 1720 4473 scandalizati
1733 4414 1804 4472 animi

141 4499 291 4555 Ecclesiam
306 4499 381 4554 bono
394 4496 496 4554 semini
510 4497 737 4569 superseminare
750 4497 866 4567 zuania,
877 4499 953 4555 idco·
1004 4503 1164 4573 videantur,
1178 4508 1324 4561 manantes
1336 4505 1367 4561 in
1381 4506 1498 4563 unitatis
1515 4508 1666 4582 charitate,
1679 4511 1768 4584 eligite
1779 4509 1802 4564 dc

140 4606 196 4666 que
209 4608 246 4648 ne
255 4592 327 4648 forte
336 4593 487 4666 quisquam
496 4591 621 4741 ῐηιιιξῃο
634 4591 727 4647 studio
740 4592 876 4665 aliquado
888 4593 956 4648 fidei
1004 4596 1137 4653 fratribus
1152 4615 1184 4653 ac
1204 4598 1268 4653 filiis
1293 4599 1405 4670 nostris,
1419 4617 1490 4673 quos
1514 4602 1550 4657 ad
1571 4619 1635 4674 nos,
1651 4602 1802 4677 inquirendo
1836 4592 1864 4637 ’-

139 4690 244 4743 nostres
256 4686 419 4759 integritate
431 4682 535 4765 ΜΗ
585 4685 737 4758 stigatioue
758 4685 866 4758 fingere
880 4704 953 4758 pra·
1008 4688 1052 4763 [in
1072 4692 1240 4763 quaerendo]
1261 4692 1296 4749 de
1318 4693 1421 4766 quibus
1445 4697 1610 4767 movemini,
1627 4698 1799 4754 transmittere
1860 4702 1864 4729 '

139 4780 292 4854 sumpserit
310 4785 338 4836 et
351 4780 557 4853 argumentari,
571 4783 599 4835 et
620 4797 656 4835 cx
668 4780 721 4835 hoc
733 4780 819 4836 vestri
836 4780 954 4837 fortasse
1003 4784 1128 4840 debeatis
1141 4803 1150 4855 3
1164 4791 1194 4843 ot
1204 4786 1295 4858 parati
1308 4803 1405 4843 sumus
1425 4790 1582 4846 secundum
1600 4793 1799 4866 preceptionem

138 4870 287 4926 videantur
293 4870 382 4926 animi
394 4869 759 4942 perturbari,necessarium
763 4870 953 4941 judicavimus
1003 4879 1184 4950 apostolicam
1202 4878 1226 4951 [l
1236 4883 1307 4936 Patr.
1322 4880 1375 4954 ml,
1392 4886 1420 4938 et
1438 4899 1503 4938 cum
1513 4884 1653 4942 charitate
1667 4902 1716 4943 eos
1729 4883 1797 4941 suso·

137 4979 189 5035 per
201 4967 371 5035 presentem
385 4963 533 5041 mirtulam
546 4967 684 5033 nostram,
698 4967 727 5018 et
741 4963 776 5018 ad
789 4963 895 5019 viscera
905 4980 953 5019 vos
1002 4988 1082 5061 pagg,
1098 4977 1200 5029 etcum
1213 4974 1373 5031 humilitate
1385 4976 1421 5030 ad
1433 4977 1535 5048 placita
1544 4979 1738 5037 satisfactionis
1747 4976 1795 5034 red·

137 5056 235 5117 matis
248 5056 378 5115 Ecclesiae
394 5062 427 5112 ut
447 5055 552 5113 reverti
573 5056 709 5127 debeatis,
733 5056 953 5133 cmihcrymis
1002 5062 1213 5122 dare'mti0nem
1219 5086 1228 5138 3
1244 5069 1442 5141 ersmealiquo
1450 5051 1795 5144 impedimentocummj

137 5149 369 5221 imbrumatus
377 5149 443 5206 fidei
455 5157 560 5207 nostrae
572 5149 734 5223 integritate
746 5136 953 5208 vobissabsfac·
1002 5160 1160 5231 electione,
1175 5162 1289 5235 quando
1302 5164 1405 5220 reverti
1417 5164 1568 5234 voluerim,
1581 5167 1795 5225 volunutssince

137 5245 259 5300 ctionem
271 5248 399 5301 nostram
414 5246 543 5316 mittere;
566 5249 705 5318 quatenus
721 5246 800 5301 nulla
821 5247 909 5318 possit
922 5246 928 5258 '
977 5306 980 5311 ,
1001 5255 1113 5311 rissima
1124 5256 1262 5353 regregare.

137 5339 267 5394 cordibus
280 5339 377 5394 vestris
393 5340 427 5395 de
449 5339 530 5396 uobis
548 5357 698 5397 remanere
722 5340 854 5412 suspicio,
867 5345 900 5397 ut
920 5259 969 5397 3
1035 5350 1190 5407 Audiamus
1202 5353 1298 5406 autem
1312 5328 1459 5407 noctossem
1478 5354 1609 5425 genuum
1619 5356 1792 5412 clamantem:

136 5433 221 5489 divini
234 5432 431 5506 tremendique
446 5433 547 5505 judieii
561 5435 606 5491 die
620 5436 653 5491 de
672 5434 861 5491 taciturnitate
886 5451 952 5492 mea
1000 5445 1076 5501 Sicut
1100 5447 1238 5516 accepistis
1262 5446 1397 5503 Chartam
1418 5449 1506 5503 lesam
1532 5451 1689 5517 boninum
1704 5453 1732 5505 ia
1750 5451 1794 5519 ipso

135 5544 199 5584 f0¹¹⁵
211 5526 331 5583 inveniri
344 5543 401 5583 ⁰⁰¹¹
415 5529 531 5601 P0551m·
1000 5538 1147 5602 ambulate,
1161 5538 1280 5594 radicati
1294 5543 1320 5595 et
1333 5541 1544 5612 superedificati
1555 5545 1585 5599 ia
1597 5522 1711 5617 ipsostt
1722 5543 1795 5612 abab·

30 5701 32 5704 Α
134 5645 237 5727 §nimis
248 5644 490 5727 schismaticorum
501 5646 576 5701 male
585 5646 691 5731 affectis
704 5648 777 5705 nihil
790 5647 949 5721 prodesset,
1000 5653 1125 5723 cessavit,
1141 5671 1288 5727 quousque
1298 5656 1496 5728 depascentem
1512 5659 1665 5718 Ecclesiam
1682 5659 1795 5718 morbum

132 5720 259 5772 imitatus
272 5718 418 5789 Pelagium
431 5716 453 5788 Ι,
464 5717 597 5777 advetus
609 5732 684 5790 ipsos
797 5721 885 5792 gdum
900 5720 950 5774 lta-
999 5740 1035 5781 ex
1047 5725 1080 5779 iis
1091 5727 1264 5798 regionibus,
1278 5733 1348 5784 teste
1363 5728 1484 5786 Diacono
1493 5729 1545 5788 lib.
1559 5747 1663 5807 lucep.
1677 5728 1798 5806 timui·

82 5794 86 5799 ·
132 5783 178 5841 lire
199 5789 353 5843 exarchum
371 5790 515 5844 Ravennae
532 5784 717 5861 degentemc
785 5792 873 5848 tavit:
900 5789 949 5863 qui
999 5801 1044 5853 tus
1056 5797 1189 5855 auferret.
1206 5799 1270 5855 Sar.
1284 5800 1344 5855 Bne.

125 5855 207 5912 baud
224 5858 350 5932 impigre
374 5860 489 5918 eosdem
502 5877 632 5918 coercere
653 5867 875 5933 aggressusest,
895 5878 947 5918 nec
