3884 6150
915 490 1019 612 111.

133 714 239 779 Lectio
255 708 406 795 Epistola}
420 709 507 774 beati
528 709 620 773 Pauli
637 707 776 791 apostoli
798 709 839 772 ad
860 708 1027 772 Romanos
1043 710 1109 789 (nn,
1128 711 1155 785 1)
1175 708 1329 772 :Fratres
1343 707 1470 771 obscero
1482 723 1539 770 vos
1548 723 1609 788 per
1621 705 1808 769 misericor-

170 792 360 953 diieniniirebi
371 791 604 933 qqsqulcqibeatis
621 807 758 871 corpora
781 789 921 852 bostiam
942 789 1116 865 viventem,
1130 797 1290 867 sanctam,
1312 790 1378 853 Deo
1395 788 1591 869 placentem,
1612 787 1809 849 rationabile

750 986 958 1042 COMMENTUM
977 987 1185 1042 LUCULEh'Tll.

166 1108 278 1163 Dixerat
290 1106 391 1161 Paulus
403 1107 546 1177 apostolus
561 1106 700 1176 superius,
712 1105 835 1177 qualiter
848 1104 942 1159 omnis
952 1116 982 1190 Α
992 1108 1071 1161 nibus
1085 1112 1172 1169 recta,
1181 1120 1297 1175 quaram
1306 1107 1368 1174 1611
1377 1120 1462 1175 usqne
1472 1103 1693 1174 adprobandum
1706 1104 1810 1171 inserui

130 1201 286 1256 observatio
300 1199 499 1254 mandatorum
514 1199 562 1254 Dei
576 1198 720 1253 transisset
737 1200 771 1254 de
789 1198 891 1253 ludaeis
904 1199 940 1252 ad

130 1299 237 1367 gentes
253 1295 315 1348 lam
327 1310 403 1347 nunc
420 1309 528 1361 omncs,
549 1292 654 1346 scilicet
667 1296 773 1363 gentes,
788 1296 816 1346 et
829 1308 876 1345 eos
890 1292 939 1362 qui

129 1389 164 1443 de
186 1387 397 1442 circumcisione
422 1386 458 1440 ad
484 1386 570 1440 sidem
598 1388 740 1452 venerant,
759 1386 890 1439 hortatur
910 1389 940 1438 ut

129 1481 214 1534 sidem
225 1498 311 1551 quam
322 1483 488 1551 acceperant
501 1479 695 1533 inconcussam
712 1483 864 1533 servarent.
880 1480 938 1531 lmo

130 1591 194 1629 vero
210 1575 281 1628 sicut
292 1580 357 1628 ante
368 1577 569 1627 consueverant
580 1573 685 1626 hostias
694 1577 871 1626 mortuorum
882 1571 940 1625 ani·

129 1668 257 1735 matium,
273 1667 311 1721 sic
319 1667 381 1736 jam
394 1666 551 1736 inciperent
564 1682 592 1719 se
612 1666 687 1736 ipsos
708 1664 829 1719 hostiam
848 1665 939 1718 vivam

128 1761 308 1830 61161161166,
324 1760 418 1814 dicens
433 1775 439 1812 :
456 1759 580 1814 Onsncno
596 1774 648 1814 vos
664 1775 714 1814 rsa
728 1774 939 1814 nisannononn

128 1856 186 1909 1161.
211 1856 286 1907 11161
308 1869 408 1923 rogare
427 1856 455 1905 61
473 1852 619 1906 obsecrare
643 1852 697 1906 hoc
722 1852 848 1921 interest,
874 1851 940 1922 quia

126 1964 259 2018 rogamus
272 1947 306 2000 dc
320 1945 456 2013 minimis,
470 1945 649 1999 obsecramus
662 1962 712 2016 pro
726 1944 867 2000 maximis.
885 1945 936 1999 Sed

127 2041 293 2096 obsecrabat
304 2040 451 2110 Apostolus
465 2039 615 2104 Romanos,
629 2039 659 2092 id
673 2044 724 2105 est,
738 2039 841 2092 obnixe
856 2055 938 2109 roga·
959 2084 962 2092 .

125 2135 182 2201 hat,
204 2134 299 2188 dicens
318 2150 324 2187 :
348 2133 457 2188 Obsecro
471 2148 517 2186 aas
532 2148 583 2202 per
601 2133 811 2187 misericordiam
833 2134 939 2209 DetAc

126 2228 150 2282 si
170 2227 299 2281 diceret:
322 2227 373 2280 Per
394 2226 470 2279 illius
498 2225 722 2279 misericordiam
743 2242 792 2279 vos
814 2211 938 2291 obsecro,

125 2324 174 2391 qni
182 2337 227 2376 cos
239 2322 342 2375 caconit
354 2320 386 2373 dc
400 2320 513 2373 tenebris
526 2320 555 2372 in
572 2319 733 2372 admirabile
749 2319 837 2373 lernen
850 2335 938 2381 suam,

126 2419 154 2468 et
165 2431 216 2484 pcr
229 2413 307 2467 illam
329 2411 552 2465 miscricordiam
565 2427 614 2465 vos
636 2411 763 2479 obsecro,
779 2428 832 2482 qua
848 2428 939 2466 recon-

990 1201 1168 1268 demerpttnm
1190 1205 1216 1253 et
1241 1198 1304 1252 ideo
1326 1215 1438 1253 neccsse
1455 1202 1540 1252 estut
1553 1196 1753 1268 unusquisque
1776 1197 1808 1250 de

990 1295 1064 1348 bono
1077 1293 1153 1364 quod
1164 1292 1223 1362 agit
1235 1308 1293 1346 nou
1305 1291 1478 1359 hominibus,
1493 1289 1543 1345 sed
1553 1291 1609 1344 1166
1621 1291 1735 1361 placere
1749 1293 1805 1343 slu-

989 1388 1062 1456 deat,
1078 1402 1113 1440 nc
1130 1385 1238 1439 dicatur
1252 1384 1279 1439 ci
1295 1401 1301 1438 :
1320 1386 1454 1454 decepisti
1472 1384 1618 1439 mercedem
1632 1388 1719 1437 16666.
1734 1383 1809 1446 Quod

990 1479 1038 1551 qui
1052 1479 1160 1546 iecerit,
1175 1478 1268 1532 hostia
1282 1478 1339 1532 1166
1352 1478 1457 1548 placita
1467 1477 1542 1532 ellici
1553 1476 1671 1548 poterit.

1024 1574 1207 1629 Rimoniana
1226 1587 1379 1635 ossrounn
1399 1586 1531 1627 rssrnrn.
1556 1571 1598 1625 Ad
1618 1570 1672 1624 hoc
1684 1570 1810 1640 pertinet

989 1666 1056 1738 qnia
1070 1665 1276 1737 supradictum
1289 1665 1418 1736 estquod
1434 1664 1591 1719 offerebant
1604 1663 1720 1730 vitulos,
1735 1662 1806 1716 arie-

988 1764 1041 1828 tes,
1056 1759 1201 1813 ethorum
1217 1758 1329 1813 similia.
1344 1758 1423 1822 Quod
1433 1758 1475 1812 illi
1487 1757 1631 1812 iaciebant
1644 1756 1807 1822 carnaliter,

989 1869 1041 1907 nos
1060 1851 1145 1905 modo
1168 1851 1364 1923 spiritualiter3
1385 1852 1462 1923 quod
1485 1850 1526 1905 illi
1544 1852 1573 1905 in
1594 1850 1700 1922 ligura,
1717 1867 1769 1904 nos
1781 1850 1806 1903 in

989 1946 1104 2000 veritate
1117 1946 1208 1999 iacere
1222 1945 1367 1999 dehemus.
1380 1945 1449 2008 Quia
1463 1945 1535 1999 sicut
1547 1944 1702 2016 Apostolus
1717 1943 1782 1998 dicit
1798 1961 1804 1996 :

989 2041 1085 2095 Omnia
1098 2041 1127 2093 in
1139 2042 1228 2108 lipara
1240 2039 1426 2107 continqebont
1437 2039 1500 2093 illis.
1518 2040 1551 2093 Et
1564 2038 1630 2092 ideo
1641 2037 1803 2092 rationabile

990 2132 1158 2202 obsequium
1172 2148 1224 2186 nos
1238 2131 1366 2203 praecipit
1380 2131 1514 2186 exhibere
1529 2132 1684 2202 Apostolus
1698 2131 1802 2186 dicens:

989 2226 1159 2281 Rationabile
1172 2226 1324 2295 obsequium
1338 2230 1465 2280 cestram.
1483 2226 1558 2279 luter
1572 2224 1719 2279 rationale
1732 2229 1805 2278 6116-

990 2318 1124 2373 tionahile
1144 2318 1216 2372 hanc
1234 2318 1395 2374 distantiam
1419 2317 1516 2374 dicunt
1538 2335 1600 2373 esse
1621 2319 1761 2385 doctores,
1779 2320 1805 2370 ot

990 2411 1155 2466 rationabile
1171 2411 1311 2483 pertineat
1318 2413 1352 2465 ad
1364 2411 1503 2467 rationem
1514 2417 1542 2466 61
1552 2429 1640 2483 opera
1655 2412 1736 2466 hona
1744 2430 1752 2479 ;
1765 2428 1802 2464 ra·

125 2509 213 2561 61111111
226 2509 286 2562 estis
299 2508 362 2569 1166,
375 2522 434 2559 non
453 2520 504 2575 per
523 2504 742 2575 philosophiam,
756 2521 807 2558 nec
822 2521 873 2575 per
886 2505 936 2558 ali·
948 2494 976 2567 B
989 2505 1121 2560 tionabile
1134 2522 1199 2560 vero
1213 2506 1247 2559 ad
1261 2505 1469 2560 discretionem.
1482 2507 1514 2560 Et
1523 2506 1597 2559 bene
1609 2505 1680 2560 dicit
1690 2509 1802 2559 rationa-

125 2616 211 2672 quam
231 2599 406 2653 mundanam
428 2598 606 2670 sapientiam,
622 2615 679 2652 nou
699 2614 750 2668 per
771 2598 936 2669 potentiam,
986 2600 1038 2653 bile
1055 2600 1210 2669 obsequium
1229 2605 1356 2662 oestrum,
1377 2599 1446 2670 qnia
1466 2600 1535 2654 illud
1553 2599 1703 2670 quondam
1727 2599 1798 2652 obse·

125 2712 183 2748 non
197 2693 385 2765 persuasoria
402 2692 496 2761 rerba,
520 2690 569 2746 sed
586 2708 637 2762 per
658 2693 706 2745 Dei
727 2691 938 2746 misericordiam
986 2692 1214 2762 quinmvestrum
1225 2695 1351 2746 nouerat
1362 2692 1724 2748 rationabilestnltumest
1735 2693 1802 2746 enim

34 2787 38 2794 “
124 2803 169 2842 cos
184 2789 286 2842 obsecro
305 2802 361 2857 qua
381 2785 541 2856 regenerati
556 2785 622 2839 estis
644 2784 672 2839 11
694 2783 771 2838 16116
792 2783 936 2855 baptismi.
985 2784 1089 2838 utvivo
1102 2786 1157 2839 1166
1170 2793 1198 2841 61
1211 2785 1341 2840 invisibili
1355 2792 1469 2840 mortua
1484 2787 1620 2840 cadavera
1640 2786 1801 2842 offerantur.

124 2880 195 2945 Quid
213 2896 278 2934 vero
301 2895 348 2933 eos
370 2879 506 2946 obsecret,
522 2877 615 2948 aperit
631 2894 696 2931 cum
718 2877 864 2948 subjungit
878 2895 884 2931 ι
899 2879 937 2933 Ur
987 2877 1065 2933 Sicut
1073 2879 1150 2933 enim
1158 2879 1369 2933 mortuumvivo
1379 2880 1546 2951 obsequium
1558 2896 1617 2933 non
1631 2880 1804 2951 praestabitis

125 2989 281 3028 sxnrnmris
309 2987 434 3027 consoni
457 2986 557 3026 sssrni
576 2986 695 3026 nosrnn
714 2987 857 3025 vivsnrsn.
881 2973 937 3026 Alos
986 2973 1080 3026 nullus
1093 2973 1248 3027 immortali
1261 2973 1466 3044 etincorporeo
1481 2974 1537 3027 1166
1552 2972 1658 3028 situlos
1673 2976 1801 3029 senorie-

126 3065 180 3121 fuit
200 3065 266 3119 filiis
284 3064 379 3131 lsrael,
396 3063 935 3133 6116161161616111,1161161161166-
986 3069 1027 3119 tcs
1042 3065 1127 3136 digne
1145 3071 1238 3137 potest
1255 3065 1365 3121 offerre.
1381 3068 1417 3122 Er
1441 3083 1536 3122 notus
1549 3083 1730 3124 conronnnnr
1746 3083 1802 3123 arra

124 3157 262 3212 criticium
276 3158 343 3226 Deo,
355 3157 466 3226 vitulos,
482 3155 592 3222 arictes,
606 3162 635 3209 et
649 3155 750 3223 hircos,
763 3173 861 3227 agnos,
877 3160 936 3211 tur·
987 3174 1106 3227 sensuro,
1122 3175 1170 3215 sno
1186 3175 1370 3216 nnronnniun
1385 3177 1411 3216 m
1426 3176 1557 3217 16611111
1578 3177 1682 3219 sensus
1702 3178 1800 3218 rrsrn.

125 3249 604 3320 11161661661111166,61611616
627 3265 691 3319 quae
709 3249 740 3304 11
759 3249 821 3321 lege
836 3252 936 3321 praeci·
987 3251 1125 3306 Saeculum
1149 3269 1207 3307 non
1227 3253 1350 3308 ambitus
1365 3253 1425 3308 coeli
1444 3258 1473 3308 ct
1486 3259 1581 3324 terrae,
1599 3271 1690 3326 quern
1709 3256 1801 3323 solem,

124 3346 285 3418 piebantur.
302 3344 356 3400 Sed
368 3342 444 3415 quod
452 3341 495 3396 illi
504 3342 653 3396 carnaliter
662 3341 800 3397 faciehant
812 3344 841 3397 in
855 3361 938 3415 pecu·
987 3344 1095 3413 lunam,
1116 3347 1218 3416 stellas,
1233 3348 1348 3402 arbores
1369 3348 1522 3419 appellant,
1538 3349 1644 3420 quibus
1665 3350 1757 3405 nullus
1775 3365 1801 3403 se

125 3434 936 3508 dibus,nohisincorporihnsnostrisspecialiterconvcnit.
987 3439 1164 3494 conformare
1187 3443 1287 3510 potest,
1310 3441 1358 3495 sed
1379 3447 1518 3496 amatores
1539 3443 1638 3497 saeculi
1666 3444 1799 3498 dicuntur.

125 3533 236 3588 Etenim
250 3549 366 3602 corpora
379 3535 487 3600 nostra,
498 3534 526 3584 et
538 3529 629 3584 hostia
641 3535 706 3585 snut
718 3534 747 3585 61
761 3531 829 3585 viva.
845 3533 938 3586 Hostia
987 3534 1051 3588 Filii
1063 3538 1152 3587 aulem
1164 3535 1389 3603 repetebantur
1402 3537 1430 3589 ia
1446 3537 1567 3591 tenebras
1586 3540 1742 3593 anteriores.
1756 3538 1801 3591 Cui

126 3627 241 3693 scilicet,
257 3626 324 3696 quia
343 3624 530 3679 mortificatur
548 3639 630 3692 car03
646 3624 716 3692 viva,
736 3625 801 3695 quia
815 3626 936 3681 vivifica·
988 3627 1100 3694 saeculo,
1117 3626 1145 3680 id
1159 3632 1201 3681 est
1213 3627 1385 3682 amatoribus
1403 3629 1508 3698 saeculi,
1524 3630 1620 3684 nullus
1644 3648 1675 3686 se
1698 3630 1799 3686 confor-

126 3725 173 3774 tur
186 3719 301 3790 spiritus
316 3717 472 3772 secundum
489 3716 615 3787 ejusdem
630 3718 751 3788 apostoli
763 3723 937 3791 praeceptum
988 3735 1066 3773 mare
1081 3718 1173 3789 debet,
1189 3720 1255 3791 quia
1268 3720 1405 3791 scriptum
1424 3728 1487 3776 est:
1506 3723 1560 3790 061
1575 3726 1697 3792 tetigerit
1712 3728 1801 3795 picem,

127 3813 247 3867 dicentis
260 3829 267 3866 :
280 3813 437 3879 Mortificate
455 3811 573 3864 mambra
594 3817 682 3865 uestra
703 3828 762 3882 qaae
781 3819 844 3868 sunt
859 3831 939 3885 snper
988 3813 1177 3882 inquinabitur
1190 3814 1224 3868 ab
1236 3829 1277 3868 66.
1292 3813 1336 3869 Sic
1345 3815 1506 3887 quicunqne
1520 3832 1549 3869 se
1559 3816 1648 3871 stulto
1658 3819 1801 3889 conjunta

127 3912 236 3961 terram.
258 3905 306 3958 Vel
321 3904 387 3975 quia
408 3903 437 3957 in
454 3903 534 3956 bonis
548 3904 689 3958 inhabitat
710 3906 757 3959 1116
780 3907 829 3978 qui
848 3907 916 3963 dicit
929 3925 936 3962 :
948 3861 975 3936 C
988 3905 1034 3974 rit,
1049 3907 1301 3961 communicaverit
1316 3908 1449 3979 operibus
1464 3909 1534 3979 ejus.
1557 3908 1625 3964 Cam
1640 3918 1733 3967 sancto
1746 3928 1801 3967 san·

127 4002 183 4070 qu
196 4014 255 4054 snm
269 4000 325 4060 vio,
344 3999 454 4058 6661161,
467 4002 492 4051 61
511 3999 578 4050 6116,
593 3998 625 4050 Et
643 3997 677 4050 dc
693 4015 750 4069 quo
765 4001 913 4070 Apostolus
930 4019 936 4057 :
964 4056 974 4067 ,
988 4002 1122 4066 cluseris,
1136 4000 1212 4071 quod
1224 4001 1270 4055 ille
1282 4001 1348 4056 lacit
1362 4002 1411 4073 qui
1424 4018 1509 4072 opera
1522 4003 1616 4057 carnis
1631 4020 1649 4058 a
1664 4021 1693 4059 sc
1714 4006 1802 4077 repel-

126 4094 258 4149 Habitore
270 4093 404 4149 Christum
412 4106 463 4161 per
471 4091 550 4159 fidam
563 4092 592 4142 in
607 4091 730 4146 cordibus
741 4096 850 4149 cestris:
863 4101 937 4150 vete·
987 4091 1445 4166 lit,etfrnetusspiritusoperatur.
1453 4095 1577 4159 Quivero
1585 4095 1803 4154 fornicationum

127 4184 464 4258 resnamqucoiierehant
473 4185 528 4238 1166
538 4183 644 4236 hostias
654 4186 793 4255 pecudum
803 4193 936 4259 mortuas,
987 4187 1172 4257 impudicitiae
1185 4192 1213 4242 ct
1224 4188 1414 4243 immunditiae
1427 4188 1519 4256 servit,
1532 4190 1696 4246 conformat
1703 4209 1733 4247 se
1741 4193 1802 4247 huic

126 4283 176 4337 sed
190 4281 337 4351 nunciam
349 4277 783 4335 hostiamvivamotlerimnsnos
794 4281 937 4354 metipsos,
988 4281 1100 4347 saeculo,
1120 4281 1173 4335 hoc
1189 4286 1230 4336 cst
1251 4282 1424 4337 amatoribus
1443 4282 1549 4338 saeculi.
1565 4283 1623 4339 Sed
1645 4302 1699 4340 nos
1715 4287 1802 4358 potius
1820 4342 1825 4350 ,

128 4376 240 4449 quando
255 4375 319 4429 vitia
335 4377 364 4429 61
381 4380 496 4444 peccata
510 4375 540 4428 in
555 4391 604 4429 uos
616 4375 829 4445 mortificamus,
844 4383 872 4430 ct
885 4377 939 4431 vir·
988 4374 1136 4428 reformari
1147 4374 1293 4445 debemus,
1308 4393 1365 4430 non
1379 4375 1508 4444 exterius,
1520 4376 1569 4432 sed
1583 4377 1718 4446 interius,
1736 4380 1802 4435 sicut

127 4475 200 4525 tutes
211 4469 353 4524 nutrimus
363 4485 369 4534 ;
380 4468 532 4539 implentes
541 4469 610 4523 illud
620 4469 696 4541 quod
705 4470 781 4524 idem
791 4472 938 4542 Apostolus
988 4467 1056 4523 dicit
1072 4485 1079 4522 :
1095 4470 1259 4524 1666611616
1276 4485 1366 4525 sensus
1386 4472 1477 4532 vestri,
1498 4470 1615 4541 quando
1636 4471 1803 4544 deponentes

128 4564 185 4618 ait:
202 4565 725 4632 11166161666166116666661611661
739 4581 787 4619 aas
803 4567 938 4635 possidere
987 4566 1109 4617 veterem
1130 4561 1278 4618 hominem
1300 4562 1444 4617 induimus
1460 4579 1577 4619 novum.
1592 4565 1635 4621 De
1657 4583 1715 4639 quo
1733 4567 1803 4623 idem

127 4660 156 4713 ia
169 4659 378 4726 sanctificatione
394 4661 418 4710 et
440 4657 546 4711 bonore.
559 4658 611 4711 ilas
628 4657 657 4711 iu
676 4658 896 4714 sanctificatione
912 4663 940 4715 61
987 4657 1137 4726 Apostolus
1151 4674 1158 4711 '-
1173 4659 1204 4714 St'
1222 4660 1338 4712 11111161
1359 4657 1435 4712 bomo
1456 4663 1545 4713 noster
1566 4663 1763 4732 corrumpitur.
1783 4665 1803 4716 is

126 4753 233 4809 honore
243 4751 430 4822 possidemus,
443 4750 557 4820 quando
568 4750 597 4804 in
606 4751 763 4807 nohisvitia
773 4759 937 4825 mactornus,
989 4755 1077 4805 tomen
1092 4752 1141 4820 qai
1150 4753 1225 4806 intas
1236 4756 1276 4806 cst
1284 4756 1430 4806 renovator
1440 4751 1472 4806 de
1486 4751 1529 4806 die
1540 4755 1570 4806 in
1578 4753 1663 4809 diem
1678 4755 1712 4810 Et
1725 4756 1800 4810 alibi:

128 4853 155 4904 et
169 4864 220 4919 per
233 4831 794 4915 116166161611611611161111,11611166
808 4848 935 4905 dicente:
987 4846 1162 4901 Renovamini
1174 4848 1273 4916 spiritu
1287 4847 1383 4900 mentis
1402 4850 1505 4901 vestre.
1524 4846 1601 4901 Tunc
1617 4848 1803 4905 reformamur

127 4938 220 4994 Sancti
231 4941 320 4998 estote,
333 4936 399 5005 qnia
411 4948 457 5001 epo
468 4937 577 4987 sanctas
591 4948 650 4987 snm
663 4937 791 4991 Dominus
809 4941 876 4994 ocus
893 4957 936 4995 66-
988 4937 1018 4992 in
1035 4936 1156 4993 novitate
1170 4955 1267 4995 sensus
1285 4939 1382 5005 nostri,
1396 4940 1509 5011 quando
1522 4940 1698 4998 mundamus
1711 4960 1761 4999 nos
1772 4942 1803 4997 ab

127 5037 190 5087 ster.
204 5032 237 5085 Et
249 5029 413 5084 Psalmista:
429 5027 479 5082 Cor
491 5029 635 5082 contritam
648 5032 673 5082 61
685 5029 857 5087 humiliatum
870 5038 939 5091 11666
988 5030 1066 5086 omni
1079 5031 1294 5103 inquinamento
1307 5031 1399 5088 carnis
1411 5037 1440 5088 61
1453 5031 1579 5105 spiritus.
1594 5035 1676 5100 Quod
1696 5037 1746 5109 qui
1762 5037 1801 5091 16-

127 5139 181 5179 non
199 5125 311 5193 spernit.
329 5121 406 5177 111111
421 5120 667 5188 videnturvirere,
680 5122 729 5176 sed
743 5126 846 5179 mortui
862 5133 937 5184 sunt.
989 5125 1067 5195 66111,
1082 5125 1185 5181 dicitur
1198 5125 1239 5180 illi
1257 5144 1274 5181 a
1289 5127 1346 5183 1166
1366 5143 1372 5183 :
1394 5129 1459 5185 Tota
1475 5129 1593 5199 pulchra
1615 5146 1642 5186 es
1661 5134 1803 5194 66116661

129 5212 205 5269 Sicut
219 5210 254 5264 de
262 5209 346 5264 vidua
356 5210 451 5266 scribit
459 5210 576 5265 Paulus:
590 5210 680 5268 Vidua
688 5212 717 5265 in
726 5213 829 5268 deliciis
838 5218 937 5282 vivens,
947 5235 977 5309 D
988 5220 1096 5274 macula
1110 5220 1168 5274 ulla
1180 5236 1233 5274 non
1245 5225 1284 5277 est
1297 5223 1327 5276 in
1342 5225 1375 5277 16.

128 5306 235 5357 mortuo
252 5303 299 5359 est.
315 5299 346 5352 Et
363 5299 508 5353 psalmista
523 5299 558 5354 de
574 5299 678 5354 talibus
700 5317 706 5355 :
730 5304 939 5361 descendentia
1025 5314 1062 5368 Ur
1080 5328 1208 5370 rnoarns
1224 5331 1285 5378 oon
1302 5328 1496 5373 sictonensis
1514 5315 1564 5373 tta
1580 5333 1654 5375 6611
1674 5335 1707 5375 111
1726 5334 1799 5374 sne·

127 5398 263 5463 internam
273 5394 399 5446 11661166.
409 5392 518 5447 llitalcs
530 5410 587 5448 non
599 5393 941 5470 otiernntsemetipsosoi·
990 5423 1105 5463 1116616
1124 5424 1155 5463 ΕΤ
1175 5425 1319 5466 prunam,
1340 5410 1473 5465 voluntas
1494 5408 1545 5464 Dei
1566 5427 1633 5482 quae
1647 5412 1693 5480 sit,
1711 5412 1801 5467 nullus

126 5507 188 5546 vam
200 5489 315 5542 bostiam
326 5485 941 5563 1618616111,1666166611611161111111
989 5502 1148 5572 approbare
1161 5507 1261 5573 potest,
1273 5503 1326 5557 nisi
1336 5502 1422 5558 inerit
1433 5501 1604 5559 reformatus
1614 5504 1645 5559 iu
1658 5510 1765 5573 mente,
1777 5510 1800 5558 et

127 5588 261 5647 sanctam,
277 5579 395 5649 subjecit
409 5595 415 5633 :
432 5581 484 5633 Deo
493 5581 660 5649 placentem
675 5584 741 5655 quia
754 5587 835 5641 multi
846 5587 939 5644 viden·
990 5597 1158 5652 arctustate
1171 5596 1235 5650 vitae
1247 5597 1411 5652 mundatus.
1427 5596 1506 5652 Sicut
1517 5597 1596 5653 enim
1606 5598 1710 5671 probat
1721 5599 1800 5654 homo

126 5681 173 5734 tur
193 5674 356 5732 hominibus
370 5672 468 5743 sancti,
486 5673 533 5727 sed
548 5677 613 5728 ante
628 5674 718 5731 Deum
733 5681 845 5750 reprobi
859 5688 938 5754 sunt,
989 5686 1094 5763 cibum,
1108 5695 1206 5746 utrum
1218 5691 1321 5747 salsum
1334 5707 1371 5746 an
1381 5690 1517 5747 insalsum
1527 5690 1573 5767 sit,
1584 5691 1669 5752 dulce
1682 5709 1720 5750 nn
1733 5709 1800 5749 ama·

126 5770 271 5844 dequibus
284 5768 421 5844 scriptum
434 5771 476 5827 est
488 5784 494 5826 t
506 5767 576 5828 Sunt
590 5769 708 5837 616666
718 5773 937 5835 oidentarltomi.
