3884 6150
58 266 115 322 ar
384 220 1424 330 membraneumbrumornuorursmlsrramrxranu.
1694 270 1747 330 ιιι

58 372 138 428 tibus
152 372 361 445 demonstrasti,
375 377 498 433 concede
510 378 543 432 ut
564 378 595 433 in
622 378 708 448 hujus
729 378 878 434 dominicae
891 382 1026 466 Ababeo
1039 381 1129 454 igitur
1143 382 1266 454 gloriam
1278 381 1309 436 in
1319 381 1431 437 Christo
1443 380 1509 437 lesu
1527 379 1561 437 ad
1576 378 1677 437 Deum.
1688 380 1755 436 Non'

58 467 274 523 resurrectionis
292 467 451 541 festivitate,
470 487 528 542 pax
546 472 630 528 terris
648 471 758 528 reddita
779 488 881 527 conva-
931 475 1008 530 enim
1021 476 1112 531 audeo
1126 476 1232 547 aliquid
1254 475 1333 546 loqui
1352 491 1450 531 eorum
1473 491 1538 547 quae
1556 490 1609 546 per
1624 490 1671 530 me
1689 490 1747 529 non
1824 493 1828 503 ¹

59 559 157 629 meat,
173 565 201 616 et
212 560 346 617 fraterna
357 563 514 620 dilectionis
532 565 646 621 caritate
665 565 800 621 innovata
819 582 880 638 per
930 568 1015 624 allicit
1031 569 1168 637 Christus,
1190 569 1221 623 in
1240 568 1429 625 obedientiam
1447 567 1585 640 gentium,
1612 568 1642 623 in
1662 566 1748 623 verbo

61 656 190 709 maneat.
204 652 237 718 al.
250 657 350 713 Amen.
930 664 959 716 et
974 661 1065 728 tectis,
1079 661 1109 716 in
1121 661 1225 717 virtute
1238 662 1385 734 signorum
1395 664 1423 716 et
1434 660 1640 733 prodigiorum,
1652 660 1683 716 in
1694 661 1749 716 vir·

96 749 177 803 Dicat
188 748 321 804 sacerdos.
400 787 409 793 -
928 757 988 809 tute
1003 753 1122 825 Spiritus
1136 755 1225 810 sancti
1233 772 1241 824 3
1256 755 1297 809 ita
1308 759 1341 809 ut
1358 753 1393 809 ab
1406 752 1503 826 442
1520 753 1676 809 Jerusalem
1697 769 1749 825 per

96 840 152 895 Per
164 839 386 896 misericordiam
399 845 489 913 marn,
504 843 577 899 Deus
591 848 696 911 noster,
715 844 766 915 qui
785 860 815 899 es
834 844 879 899 be·
929 847 1079 902 circuitum
1095 864 1186 919 usque
1209 847 1244 901 ad
1268 847 1408 918 illyricum
1427 846 1598 919 repleverim
1617 847 1747 918 Evange-

63 932 201 1003 nedictus,
216 933 334 1002 atrivis,
350 939 378 990 et
394 924 489 990 omnia
503 936 578 1008 regis
589 937 619 993 in
642 937 745 992 saecula
766 937 880 992 secuto
928 939 999 994 lium
1011 940 1125 995 Christi.
1140 941 1184 998 Sic
1198 945 1293 996 autem
1307 939 1455 1012 predicari
1478 940 1532 995 hoc
1552 939 1746 1010 Evangelium,

65 1041 137 1080 rum.
161 1022 194 1087 Pt-
215 1029 315 1082 Amen.
336 1025 367 1086 i.
391 1027 525 1084 Dominus
543 1029 579 1085 sit
591 1045 703 1101 semper
722 1029 877 1086 vobiscum.
928 1033 1048 1089 non'ubi
1059 1033 1222 1090 nominatus
1244 1037 1286 1088 est
1307 1033 1443 1102 Christus,
1463 1049 1500 1088 ne
1519 1049 1604 1104 super
1623 1032 1747 1088 alienum

67 1128 96 1193 rt.
110 1123 219 1178 Etcum
232 1122 333 1196 spiritu
348 1127 408 1179 tuo.
904 1186 908 1193 ,
927 1126 1144 1182 tundamentum
1158 1126 1340 1195 edificarem,
1352 1126 1425 1181 sicut
1442 1125 1580 1197 scriptum
1600 1129 1659 1180 est:
1682 1125 1747 1189 Qui·

926 1219 979 1274 bus
991 1236 1049 1274 noa
1061 1224 1104 1276 est
1116 1219 1316 1276 annuntiatum
1329 1220 1364 1274 de
1373 1235 1407 1275 eo
1421 1218 1570 1288 ridebunt,
1586 1223 1614 1274 et
1627 1218 1676 1290 qui
1688 1235 1746 1273 non

155 1263 248 1320 Lecti‘)
261 1264 326 1320 fibri
339 1265 427 1321 ΕΜ
439 1267 599 1339 pmphetae'
615 1269 741 1339 capum
754 1285 781 1323 ¹‘
927 1312 1078 1368 audierunt
1095 1312 1265 1385 intelligent.
1288 1314 1406 1385 Propter
1426 1311 1504 1384 quod
1518 1315 1546 1367 et
1570 1310 1747 1382 impediebar

100 1401 130 1466 rt.
145 1403 204 1458 Deo
219 1404 336 1475 gratias.
926 1405 1082 1476 plurimum
1097 1405 1193 1461 venire
1211 1406 1247 1461 ad
1263 1421 1321 1475 vos,
1341 1408 1370 1460 et
1390 1404 1550 1476 prohibitus
1571 1420 1634 1458 sum
1656 1420 1747 1475 usque

99 1495 168 1551 Ecce
188 1495 349 1553 dominator
361 1497 496 1552 Dominus
519 1498 697 1554 exercituum
718 1497 878 1568 confringet
927 1496 1029 1553 adhuc.
1047 1499 1126 1554 Nunc
1137 1515 1202 1555 vero
1214 1499 1333 1554 ulterius
1343 1497 1438 1553 locum
1451 1514 1509 1553 non
1527 1496 1634 1552 habens
1655 1496 1685 1551 in
1703 1496 1748 1551 his

68 1588 243 1660 laprnculem
254 1589 345 1662 441
363 1591 393 1645 in
406 1594 527 1660 terrore,
542 1595 571 1645 et
584 1591 686 1646 excelsi
698 1594 805 1646 statura
813 1606 875 1645 suc·
926 1591 1099 1663 regionibns,
1120 1591 1305 1663 cupiditatem
1325 1597 1421 1647 autem
1433 1590 1542 1646 habens
1562 1589 1696 1645 veniendi
1711 1588 1748 1643 ad

70 1680 201 1751 ridentur,
216 1682 628 1751 etsublimeshumiliabuntur,
642 1683 878 1739 etsubrertentur
926 1699 974 1740 vos
990 1700 1026 1739 ex
1046 1683 1143 1739 mullis
1164 1684 1227 1754 jam
1252 1684 1476 1756 praecedentibus
1500 1683 1582 1738 annis
1589 1701 1597 1752 3
1625 1698 1691 1738 cum
1717 1682 1747 1736 in

69 1774 202 1830 condensa
214 1775 301 1831 saltus
313 1777 375 1847 ejus
387 1776 473 1844 terro,
489 1780 517 1832 et
536 1776 658 1832 Libanus
677 1793 742 1831 cum
762 1776 877 1832 excelsis
887 1760 915 1832 Β
926 1777 1087 1848 Hispaniam
1107 1776 1248 1849 proticisci
1263 1793 1383 1849 coepero,
1397 1793 1478 1848 spero
1492 1777 1568 1847 quod
1581 1776 1747 1848 praeteriens

69 1867 152 1923 cadet.
170 1867 247 1941 [cop.
260 1868 308 1942 xa]
325 1870 360 1924 Et
372 1870 624 1942 egredieturrirga
638 1870 673 1926 de
694 1869 789 1925 radice
801 1870 876 1926 lesse
926 1870 1037 1925 udeam
1055 1887 1114 1939 vos,
1134 1874 1163 1925 et
1183 1887 1200 1924 a
1218 1870 1297 1924 robis
1317 1870 1439 1925 deducar
1460 1868 1537 1936 illuc,
1563 1869 1586 1923 si
1608 1868 1686 1923 vobis
1712 1870 1766 1924 er‘

69 1960 152 2016 sitlos
166 1962 201 2018 de
219 1963 312 2018 radice
326 1963 387 2033 ejus
405 1962 546 2033 ascendet,
569 1967 598 2018 et
615 1962 772 2035 requiescet
792 1978 878 2034 super
926 1963 1142 2035 parteprimum
1154 1963 1257 2018 fruitus
1270 1963 1362 2018 luero.
1376 1964 1455 2017 Nunc
1477 1962 1566 2033 igitur
1585 1961 1748 2033 proficiscar

69 2070 125 2111 erm
134 2056 257 2128 Spiritus
276 2056 397 2125 Domini,
420 2055 535 2127 spiritus
557 2055 701 2127 sapientiae
722 2060 750 2110 et
771 2038 877 2110 intelle-
926 2054 956 2110 in
976 2056 1131 2111 ierusalem
1146 2056 1306 2111 ministrare
1325 2056 1438 2110 sanctis.
1460 2055 1652 2111 Probeverunt
1670 2054 1748 2110 enim

68 2155 130 2219 ctos,
144 2148 260 2221 spiritus
274 2149 382 2205 consilii
397 2153 426 2204 et
442 2149 629 2216 tortitudinis,
648 2148 763 2220 spiritus
784 2149 875 2203 scien-
926 2149 1084 2205 Macedonia
1100 2152 1128 2204 et
1152 2149 1257 2205 Achaia
1276 2148 1454 2205 collationem
1471 2148 1596 2221 aliquam
1608 2148 1701 2205 lacera
1717 2147 1749 2203 in

67 2242 106 2298 tie
121 2246 151 2298 et
163 2242 293 2314 pietatis:
313 2248 341 2298 et
352 2243 473 2315 replebit
485 2259 552 2298 eum
566 2241 682 2314 spiritus
695 2241 805 2297 timoris
821 2242 874 2296 Do·
926 2258 1066 2313 pauperes
1088 2246 1250 2299 sanctorum
1260 2242 1389 2314 quisunt
1403 2242 1433 2297 in
1451 2243 1614 2298 Jerusalem.
1641 2240 1750 2296 Placuit

66 2335 140 2391 mini.
156 2336 221 2391 Non
234 2318 391 2391 secundum
413 2336 551 2391 visionem
567 2335 714 2391 oculorum
725 2335 875 2406 judicabit,
926 2334 1004 2390 enim
1019 2335 1068 2402 eis,
1083 2339 1111 2390 et
1125 2340 1192 2391 sunt
1204 2336 1344 2391 debitores
1356 2350 1467 2390 eorum.
1483 2336 1553 2389 Nem
1573 2334 1597 2388 si
1613 2334 1746 2406 spiritua·

65 2430 316 2501 nequesecundum
326 2429 456 2485 auditum
464 2429 578 2485 aurium
588 2433 689 2501 arguet
696 2445 704 2498 ;
715 2429 763 2484 sed
770 2428 877 2499 judica·
927 2427 997 2483 lium
1010 2444 1108 2483 eornm
1120 2428 1272 2500 participes
1284 2429 1351 2484 lacti
1366 2433 1432 2484 sunt
1445 2427 1574 2500 gentiles,
1597 2427 1701 2482 debent
1720 2433 1749 2482 et

65 2520 102 2577 bit
117 2521 149 2576 in
163 2522 275 2592 justitia
293 2538 441 2595 pauperes,
466 2527 495 2578 et
518 2528 619 2594 arguet
637 2521 666 2576 in
679 2522 813 2593 aequitate
825 2538 877 2592 pro
926 2522 957 2577 in
969 2521 1132 2576 ramalibus
1148 2521 1308 2577 ndnhtrare
1331 2522 1381 2577 eis.
1403 2522 1460 2577 Hoc
1481 2521 1570 2592 igitur
1590 2536 1655 2577 cum
1678 2535 1747 2576 con·

64 2615 217 2670 mansuetis
237 2619 332 2671 terrae.
345 2617 380 2670 Et
393 2614 533 2688 percutiet
544 2620 651 2671 terram
663 2615 743 2686 virga
756 2615 813 2670 oria
823 2614 876 2682 sui,
927 2631 1115 2684 summarero,
1128 2619 1157 2669 et
1169 2615 1346 2687 assignavero
1365 2615 1404 2670 eis
1418 2615 1544 2671 fructum
1558 2614 1645 2683 hunc,
1654 2604 1749 2685 'proti-

54 2710 90 2762 'et
100 2707 204 2779 spiritu
215 2707 817 2779 labiorumsuornminterficietimpinm.Et
825 2707 878 2762 erit
927 2708 1014 2765 cisoa
1026 2723 1077 2779 per
1089 2722 1137 2762 vos
1156 2707 1187 2762 in
1208 2707 1380 2778 Hispaniam.
1405 2706 1467 2762 Scio
1491 2711 1587 2761 autem
1611 2705 1747 2778 quoniam
1796 2757 1802 2768 ‚

59 2800 168 2872 justitia
178 2800 326 2872 cingulum
339 2801 504 2857 lumborum
513 2801 585 2872 ejus,
594 2806 622 2856 et
635 2800 705 2856 tides
711 2799 878 2856 cinctorium
927 2800 1042 2856 veniens
1056 2801 1091 2856 ad
1104 2816 1163 2867 vos,
1179 2799 1207 2854 in
1221 2799 1393 2855 abundantia
1418 2798 1620 2854 benedictionis
1639 2798 1750 2855 Christo

61 2909 164 2948 renum
187 2893 259 2964 ejus.
285 2894 426 2950 liabitabit
439 2895 524 2966 lupus
540 2910 605 2948 curn
620 2896 710 2965 agno,
726 2898 754 2948 et
773 2893 878 2965 pardus
928 2893 1051 2950 reniam.
1065 2893 1097 2958 sl.
1110 2896 1212 2948 Amen.

61 3002 127 3040 cum
142 2986 226 3041 hado
245 2987 415 3042 accubabit.
437 2987 540 3042 vitulus
561 2991 589 3042 et
602 2987 648 3042 leo
666 2990 695 3041 et
713 2985 772 3041 oris
795 2986 879 3041 simul
963 2988 1041 3042 Dect
1051 2987 1198 3042 accedes
1221 2985 1357 3041 Dominus
1370 2984 1405 3040 sit
1417 3001 1530 3057 semper
1542 2983 1749 3049 vobiscumtt

60 3079 259 3148 morabuntur,
278 3085 307 3135 et
317 3096 389 3152 puer
402 3080 536 3151 parvulus
549 3078 671 3135 minabit
688 3095 747 3136 eos.
770 3079 879 3134 Vitulus
889 3123 916 3197 C
928 3080 963 3135 ιιι
976 3096 1053 3134 cum.

60 3177 90 3228 et
100 3188 186 3227 ursus
203 3177 361 3244 pascentur,
375 3173 459 3228 simul
472 3172 649 3245 requiescent
662 3172 746 3227 catuli
768 3188 877 3241 eorum,
946 3173 1040 3228 Lectio
1055 3171 1142 3227 sancti
1158 3170 1303 3242 Evangelii
1321 3172 1478 3227 secundum
1491 3173 1607 3228 Lucam.
1628 3175 1694 3244 Cap.
1710 3186 1749 3229 ιιι.

62 3265 237 3337 etleoquasi
250 3266 301 3321 bos
315 3266 560 3337 comedetpaleas.
576 3267 609 3320 at
627 3265 839 3321 delectabitur
832 3282 877 3320 m·
964 3262 996 3327 rt.
1014 3266 1136 3323 Odorem·
1152 3263 1245 3320 Gloria
1258 3264 1319 3331 tibi,
1330 3264 1457 3321 Domine.

59 3357 124 3413 tans
136 3357 172 3413 ab
184 3358 270 3415 ubere
284 3375 369 3430 super
379 3359 520 3414 foramina
532 3358 648 3431 aspidis,
660 3359 719 3413 et'
712 3375 742 3414 m
759 3374 879 3413 caverna
962 3360 1044 3412 Anno
1056 3357 1139 3429 quint
1127 3356 1291 3412 todecimo
1284 3357 1397 3428 imperii
1411 3357 1515 3412 Tiberii
1534 3357 1660 3426 cesaris,
1682 3373 1746 3427 pro-

60 3451 165 3523 reguli,
179 3452 230 3523 qui
249 3452 403 3507 ablactatus
417 3451 512 3520 luerit,
529 3467 646 3506 manum
672 3467 754 3506 suam
774 3451 877 3507 mittet.
928 3454 1044 3505 curante
1059 3450 1157 3505 Pontio
1169 3448 1259 3504 Pilato
1273 3450 1412 3519 iudaeam,
1427 3449 1568 3505 tetrarcha
1585 3453 1681 3504 autem
1700 3450 1752 3504 Ga·

60 3544 124 3599 lion
136 3543 320 3600 nocebuntet
338 3561 396 3600 non
421 3543 550 3600 occident
572 3543 602 3600 in
625 3544 758 3600 universo
782 3549 879 3599 monte
928 3542 998 3599 litere
1017 3543 1136 3609 llerode,
1158 3541 1288 3613 Philippo
1310 3545 1406 3597 autem
1425 3542 1514 3599 tratre
1533 3542 1592 3612 ejus
1608 3543 1750 3597 tetrarcha

59 3641 161 3693 sancto
173 3652 248 3707 meo,
261 3637 328 3709 quia
338 3638 445 3709 repleta
462 3642 505 3692 est
522 3640 598 3693 terra
622 3637 738 3693 scientia
756 3636 877 3707 Domini,
930 3636 1030 3691 ltureee
1048 3638 1077 3690 et
1094 3633 1279 3689 traconitidis
1296 3632 1430 3705 regionis,
1449 3638 1478 3688 et
1494 3633 1604 3689 Lisania
1632 3634 1752 3690 Abitinae

60 3730 227 3802 sicutaqusa
237 3731 323 3785 maris
337 3730 498 3802 operientis.
514 3733 545 3785 ln
559 3730 605 3785 die
625 3730 673 3785 illa
694 3730 785 3786 Radix
805 3732 879 3786 lesse
928 3728 1084 3797 tetrarcha;
1112 3727 1164 3781 sub
1192 3726 1367 3800 principibus
1396 3727 1571 3783 sacerdotum
1603 3728 1688 3782 Anna
1720 3732 1752 3784 et

62 3824 114 3896 qui
126 3828 182 3879 stat
194 3823 348 3895 insignum
362 3824 543 3896 populorum,
555 3823 647 3894 ipsum
662 3828 760 3895 gentes
777 3825 878 3896 depre·
928 3821 1052 3892 Caipha3
1065 3820 1172 3876 factum
1185 3825 1227 3875 est
1239 3820 1357 3876 verbum
1370 3820 1482 3876 Domini
1496 3836 1583 3891 super
1591 3820 1751 3877 iohannem

63 3915 215 3985 emuntur,
240 3916 342 3971 eterit
369 3916 532 3988 sepulcrum
562 3916 623 3987 ejus
649 3916 812 3988 gloriosum.
845 3922 878 3988 rt.
929 3914 1068 3970 Zacharia
1088 3913 1180 3969 tilium
1204 3913 1233 3968 in
1256 3913 1384 3985 deserto:
1399 3913 1557 3971 etrenitin
1571 3928 1687 3969 omnem
1700 3930 1745 3970 re·

63 4012 165 4065 Amen.
930 4008 1045 4080 gionem
1055 4007 1193 4076 iordanis,
1209 4007 1366 4078 praedicans
1387 4008 1560 4079 baptismum
1578 4007 1753 4079 peanitentiae

99 4103 725 4183 Dicotpresbpteriacornusiaiatramoltoris:
739 4103 879 4169 Dominus
927 4101 958 4157 in
980 4100 1176 4158 remissionem
1194 4105 1383 4171 peccatorum,
1409 4101 1482 4157 sicut
1502 4101 1639 4171 seriptum
1660 4100 1753 4154 estin

63 4195 102 4251 sit
122 4211 237 4268 semper
255 4194 409 4251 vobiscum.
439 4193 471 4258 rt.
494 4197 624 4251 Etcum.
646 4197 799 4252 Psallendo.
826 4197 879 4262 Qui
929 4193 1002 4249 libro
1023 4209 1189 4249 sermonum
1209 4195 1306 4265 Esayae
1332 4192 1500 4264 prophetae:
1526 4195 1586 4247 Vox
1606 4192 1753 4247 clamantis

62 4288 113 4344 dat
126 4288 220 4344 nivem
234 4289 307 4344 sicut
319 4289 425 4359 lanam,
436 4289 569 4344 nebulam
581 4289 879 4360 velutcineremspar·
928 4287 958 4342 in
971 4288 1081 4343 deserto
1095 4306 1103 4341 ι
1116 4289 1215 4342 Parate
1226 4286 1301 4342 viam
1318 4285 1442 4354 Domini,
1466 4288 1554 4341 rectas
1571 4284 1654 4339 tacite
1671 4284 1753 4339 semi·

64 4382 122 4454 git;
136 4383 185 4454 qui
196 4382 300 4438 emittit
309 4382 492 4454 chrystallum
505 4399 585 4438 suam
598 4383 670 4438 sicut
683 4383 772 4438 fruteta
784 4382 877 4455 panis.
928 4383 972 4435 tas
984 4381 1055 4451 ejus.
1070 4380 1168 4435 Omnis
1184 4378 1266 4433 vallis
1276 4377 1457 4449 implebitur;
1472 4381 1501 4431 et
1514 4377 1606 4432 omnis
1626 4392 1708 4431 mons
1724 4381 1753 4432 et

62 4477 137 4530 Ante
153 4475 378 4547 laciemlrigoris
401 4476 462 4548 ejus
482 4476 547 4548 quis
565 4475 723 4531 subsistet?
742 4473 772 4534 i.
798 4473 1008 4559 llittitDcoDis
1030 4471 1244 4538 humiliabitur3
1266 4474 1295 4525 et
1319 4473 1402 4525 amnt
1423 4485 1509 4542 prava
1534 4470 1564 4525 in
1585 4469 1700 4540 directa,
1724 4474 1753 4526 et

61 4568 185 4623 verbum
199 4584 284 4624 snum
297 4569 547 4641 etliquelacietea,
572 4569 621 4625 tiet
637 4569 753 4641 spiritns
770 4567 832 4639 ejus
853 4573 881 4625 et
930 4580 1029 4638 aspera
1042 4565 1072 4619 in
1084 4564 1142 4618 rias
1154 4564 1273 4636 planas:
1290 4565 1319 4617 et
1327 4562 1433 4618 ridebit
1446 4563 1538 4618 omnis
1553 4579 1617 4618 cam
1630 4563 1751 4619 salutme
1842 4584 1847 4589 ’

62 4661 156 4717 tluent
167 4678 260 4734 aqum
275 4666 307 4719 P.
322 4664 405 4717 Ante.
930 4659 990 4715 Dei.
1005 4658 1118 4715 Dicebat
1129 4673 1198 4729 ergo
1211 4656 1248 4711 ad
1261 4656 1357 4712 turbas
1370 4655 1420 4727 qui
1433 4656 1561 4712 exierant
1579 4660 1612 4712 ut
1628 4655 1750 4728 baptiza-

100 4756 180 4811 Dr'cot
191 4755 314 4811 sorados
326 4774 335 4810 ι
349 4755 498 4812 Silentium
510 4756 606 4812 facite.
930 4758 1031 4809 rentur
1043 4752 1078 4807 ab
1092 4752 1174 4823 ipso:
1194 4749 1344 4806 (lenimina
1363 4749 1534 4821 viperarum,
1549 4751 1612 4822 quis
1629 4749 1752 4807 ostendit

100 4848 253 4920 Sequentia
272 4848 401 4921 Epistola
421 4849 499 4904 Pauli
525 4849 643 4923 apostoli
666 4847 701 4904 ad
727 4849 879 4905 Romanos.
931 4845 1009 4900 robis
1022 4846 1150 4916 fugeres
1170 4846 1289 4899 ventura
1306 4842 1366 4899 irat
1387 4842 1471 4898 facite
1491 4858 1559 4915 ergo
1579 4844 1686 4898 fructus
1707 4842 1751 4897 di·

60 4942 193 5013 Gop.1v.
932 4954 1004 5009 gnos
1028 4937 1211 5009 peanitentiae.
1230 4938 1264 4992 Et
1286 4952 1324 4992 ne
1343 4935 1482 5008 coeperitis
1502 4936 1618 4991 dicere:
1639 4937 1752 4991 Patrem

98 5034 269 5105 Respondeat
281 5036 375 5091 eloim
388 5054 397 5090 .·
412 5036 468 5091 Deo
482 5035 597 5109 gratias.
738 5032 742 5037 '
932 5030 1070 5087 hahemus
1081 5030 1233 5086 Abrabam.
1250 5029 1318 5084 Dico
1324 5031 1402 5085 enim
1414 5028 1503 5099 vobis,
1513 5028 1580 5100 quia
1595 5032 1697 5102 potens
1712 5034 1757 5085 est

99 5128 224 5184 Fratres.
242 5129 340 5184 Certus
357 5122 420 5184 sum
439 5143 493 5199 ego
512 5127 572 5198 ipse
592 5127 627 5184 de
643 5128 882 5200 rabia-quoniam
932 5126 1005 5180 Deus
1018 5124 1052 5180 de
1061 5123 1204 5197 lapidibus
1215 5124 1276 5179 istis
1297 5123 1431 5179 suscitare
1451 5122 1522 5178 tilios
1543 5122 1672 5179 Abrahm.
1693 5125 1755 5180 tam

61 5227 93 5278 et
107 5221 162 5292 ipsi
173 5221 250 5293 pleni
271 5222 336 5277 estis
360 5221 520 5291 dilectione,
541 5221 643 5293 repleti
664 5221 743 5276 omni
755 5221 881 5291 scientia,
932 5217 1009 5274 enim
1031 5217 1136 5274 securis
1153 5217 1189 5272 ad
1208 5216 1332 5272 radicem
1348 5215 1456 5272 mboris
1475 5215 1565 5287 posita
1590 5221 1642 5273 est.
1657 5217 1755 5273 Omnis

61 5314 105 5371 ita
132 5317 164 5370 ut
180 5314 293 5386 posside
313 5315 385 5372 alter
407 5316 575 5372 alterutrum
592 5330 720 5371 monere.
742 5314 883 5371 Audacius
932 5328 1001 5383 ergo
1010 5312 1095 5367 arbor
1105 5309 1266 5382 443ιιοιι
1277 5308 1381 5363 taciens
1389 5308 1514 5365 fructum
1527 5309 1636 5366 bonum
1645 5311 1756 5368 excide·

62 5411 165 5465 autem
177 5408 274 5480 scripsi
292 5408 379 5479 vobis,
399 5408 510 5478 fratres,
527 5424 561 5464 ex
580 5413 670 5481 parte,
690 5412 836 5480 tamqnam
852 5406 883 5462 in
934 5408 990 5475 tur,
1005 5407 1034 5461 et
1044 5404 1075 5459 in
1087 5403 1184 5474 ignem
1193 5401 1332 5459 mittetur.
1346 5402 1381 5456 Et
1392 5401 1607 5475 interrogabant
1617 5419 1684 5462 eum
1696 5408 1755 5459 tur*

62 5502 234 5558 memoriam
247 5516 296 5557 ros
309 5502 457 5571 reducens,
471 5507 588 5574 propter
607 5500 729 5573 matiam
742 5517 807 5573 quae
820 5500 884 5556 data
932 5498 986 5568 bae,
1006 5497 1130 5553 dicentes
1144 5511 1151 5550 ι
1165 5494 1240 5559 Quid
1256 5510 1324 5567 ergo
1338 5493 1493 5551 iaciemus?
1506 5497 1690 5570 Respondens
1701 5511 1752 5550 nu·

64 5600 110 5652 sat
122 5595 194 5652 mibi
213 5595 311 5666 aDeo,
326 5598 357 5650 ut
369 5595 423 5652 sim
431 5595 560 5651 minister
574 5595 755 5651 Christilesu
768 5593 798 5650 in
812 5609 882 5666 gen·
931 5595 991 5648 tem
1010 5588 1119 5646 dicebat
1135 5588 1192 5644 illis
1213 5605 1222 5658 ;
1245 5587 1297 5653 Qui
1316 5587 1404 5644 habet
1423 5588 1492 5646 duaa
1510 5591 1618 5646 tunicas
1637 5587 1684 5643 det
1695 5599 1756 5644 non

63 5687 152 5761 tibus,
168 5687 345 5746 sanctificans
366 5689 553 5763 Evangeliam
577 5687 637 5760 Dei,
659 5693 692 5745 ut
715 5688 764 5743 tlat
780 5687 883 5744 oblatio
933 5683 1060 5754 habenti,
1073 5681 1347 5756 etquibabetescas
1362 5682 1493 5740 similiter
1507 5682 1599 5738 lactat.
1613 5680 1757 5740 venemur

65 5783 197 5862 gentium
217 5787 332 5869 aoespta
351 5787 380 5840 et
405 5782 575 5843 sanctificata
589 5783 621 5840 in
645 5780 750 5856 Spiritu
777 5786 882 5843 aneo.
933 5781 1069 5837 autemst
1089 5775 1512 5853 publiceniutbeptizarenmr,
1531 5772 1758 5846 ctdixemntad
