3884 6150
867 463 1080 587 XVlll.

130 664 242 729 Lectio
256 662 407 746 Epistola
423 662 434 725 1
449 664 536 727 beati
551 663 638 726 Petri
653 682 673 726 a
716 663 792 727 stoli
810 667 853 745 tv,
871 666 902 741 6)
920 684 927 726 :
946 663 1154 742 Clarissimi,
1169 666 1397 730 humiliamini
1407 667 1467 730 sub
1479 667 1605 750 potenti
1617 685 1720 730 manu
1734 665 1810 744 Dei,

487 751 525 806 ut
536 761 592 807 uos
607 742 660 824 [Co
686 790 707 822 .,
724 744 792 826 nos]
808 744 941 807 eatollot
956 744 991 808 in
1015 753 1157 828 tempore
1170 747 1379 824 visitationis,
1395 751 1456 811 etc.
1474 825 1476 833 .

808 878 1016 936 conuertitur
1035 880 1245 936 LUCULENTD.

168 995 411 1085 bumiliatioenim
421 995 522 1050 ultima
532 995 700 1067 intelligitur
706 1012 788 1065 ;nam
799 997 948 1068 unusquis·
957 997 1128 1083 ADiabolus
1145 998 1221 1054 enim
1242 999 1417 1054 adversarius
1438 1002 1522 1070 atque
1543 997 1630 1052 bostis
1644 1001 1687 1051 est
1700 994 1811 1068 generis

127 1107 186 1162 que
199 1106 229 1145 se
241 1088 392 1144 humiliare
407 1089 491 1144 debet
500 1089 666 1161 jejunando,
683 1090 798 1160 orando,
813 1090 946 1145 obedien·
997 1090 1125 1161 humani,
1141 1093 1189 1162 qni
1202 1093 1238 1146 ab
1252 1092 1331 1147 initio
1350 1091 1448 1147 mundi
1468 1107 1580 1163 sempor
1594 1094 1702 1145 sanctos
1715 1105 1811 1160 perse-

127 1185 177 1245 do,
192 1183 332 1255 patienter
348 1183 463 1238 adversa
477 1183 631 1252 tolerando,
649 1188 766 1255 propter
782 1183 851 1238 illud
872 1183 947 1255 quod
997 1184 1046 1256 qui
1064 1200 1121 1239 non
1144 1184 1259 1254 destitit,
1280 1190 1366 1256 atque
1387 1185 1480 1239 caulas
1502 1184 1627 1239 fidelium
1650 1183 1812 1254 dispergere

127 1277 266 1348 scriptum
284 1280 346 1330 est:
362 1277 453 1333 Omnis
473 1280 521 1346 qui
543 1293 570 1331 se
588 1278 691 1332 enaltat
708 1278 908 1341 humiliabitur,
922 1281 948 1333 et
996 1278 1107 1333 nititur.
1128 1278 1183 1333 Leo
1202 1295 1327 1350 namque
1347 1279 1450 1333 dicitnr
1468 1278 1605 1343 diabolus,
1622 1294 1678 1332 non
1698 1280 1813 1348 propter

126 1374 179 1441 qui
191 1387 219 1426 sc
229 1371 355 1425 humiliat
376 1371 549 1425 enaltvbitur.
577 1370 724 1425 llumiliari
744 1387 797 1425 nos
819 1371 948 1443 pra-cipit
996 1371 1200 1441 tortitudinem,
1217 1372 1265 1426 sed
1279 1375 1395 1444 propter
1407 1371 1556 1440 saevitiam3
1568 1371 1634 1442 quia
1647 1387 1704 1425 non
1720 1370 1812 1424 solum

127 1465 271 1536 apostolus
293 1466 391 1518 Petrus
413 1463 510 1518 dicens
531 1480 538 1517 ε
564 1465 744 1522 {irruiturum
763 1481 813 1520 sun
833 1481 945 1521 rorrsrr
996 1465 1104 1520 occulte
1118 1465 1273 1535 insidiatur,
1285 1483 1383 1520 verum
1397 1466 1586 1538 etiamaperte
1599 1464 1687 1519 savit.
1699 1463 1813 1517 Dccultc

127 1557 271 1613 unnrDer.
283 1557 515 1612 Humilitascnirn
528 1558 710 1613 multiformis
723 1560 945 1630 estgratia.ltu-
996 1558 1154 1626 insidiatur,
1173 1561 1237 1631 quia
1257 1576 1465 1631 nonnunquam
1487 1577 1538 1632 per
1563 1558 1684 1614 nefarias
1707 1557 1811 1627 cogita·

126 1651 209 1706 miles
221 1668 277 1706 non
291 1655 403 1722 oportet
419 1667 478 1705 esse
491 1655 609 1722 propter
625 1650 694 1705 illud
711 1652 786 1724 qnod
811 1653 947 1708 Dominus
995 1651 1087 1708 ticines
1101 1653 1200 1707 suadet
1208 1653 1402 1726 aliquem,per
1412 1653 1649 1725 gastrimargiam,
1659 1667 1710 1723 per
1720 1650 1810 1705 ebrie·

125 1746 166 1799 ait
181 1762 187 1799 :
204 1747 300 1801 Discite
319 1761 336 1798 a
354 1761 395 1799 me
407 1746 472 1814 quin
491 1747 573 1806 mitis,
594 1761 663 1807 sum,
677 1751 702 1801 et
723 1747 833 1801 humilis
856 1747 944 1802 corde.
996 1749 1092 1815 tatem,
1107 1762 1159 1818 per
1168 1747 1326 1814 avaritiam,
1338 1747 1501 1819 supplantat
1512 1746 1666 1813 iracundia,
1680 1744 1721 1800 rel
1732 1744 1812 1799 lusu·

126 1839 160 1893 Et
172 1838 237 1892 alibi
254 1855 261 1892 ε
277 1839 452 1907 superquam
464 1841 637 1909 requiescam,
653 1840 944 1910 nisimperbumitcm,
996 1839 1037 1893 ria
1061 1839 1190 1911 inquinat
1212 1857 1218 1895 :
1240 1841 1362 1912 aliquem
1387 1856 1452 1896 vero
1478 1844 1509 1895 nt
1535 1841 1578 1895 leo
1604 1838 1692 1908 saevit,
1716 1841 1813 1909 aperte

125 1937 151 1986 at
165 1935 295 2001 quietum,
311 1937 336 1986 et
355 1936 507 1986 tranantem
520 1947 651 1987 scnnorrcs
675 1935 765 1988 meos?
776 1934 831 1990 Sub
842 1936 947 2004 potanti
995 1932 1174 2004 persequitur
1187 1933 1343 2002 hominem,
1360 1934 1432 1989 sicut
1446 1934 1492 1988 hic
1506 1933 1572 1988 dicit
1587 1934 1685 1987 Petrus
1701 1934 1810 2002 aposto-

125 2041 208 2079 rnaau
220 2027 277 2080 Dei.
291 2025 387 2079 Manus
402 2024 479 2078 enirn
493 2024 540 2079 Dei
555 2025 703 2097 aliquoties
721 2025 890 2098 intelligitur
903 2026 944 2080 Fi·
993 2025 1037 2080 lus
1051 2043 1058 2080 :
1074 2025 1257 2082 Adversarius
1266 2027 1485 2082 vesterdiabolus
1497 2030 1627 2097 tauquam
1640 2027 1679 2080 leo
1691 2026 1811 2095 rugiam,

124 2119 189 2187 lius,
204 2117 352 2189 aliquoties
374 2118 511 2190 protectio
533 2117 642 2187 divina3
663 2119 749 2173 Filius
775 2119 944 2192 intelligitur
993 2121 1090 2174 circuit
1106 2136 1228 2189 quarens
1249 2137 1327 2191 prtem
1348 2123 1464 2177 devoret.
1479 2120 1611 2175 Diabolus
1624 2119 1701 2175 enirn
1713 2117 1813 2173 circuit

125 2227 236 2282 manns,
258 2217 291 2266 ut
312 2202 355 2267 est
377 2211 445 2266 illud
468 2211 667 2283 propheticum
684 2231 691 2269 ι
711 2214 811 2269 Emitte
834 2230 960 2297 moniam!
995 2229 1230 2284 unumquemque
1243 2214 1564 2287 nostrum,prospiciens
1577 2213 1630 2269 sibi
1638 2213 1747 2268 aditum
1760 2227 1812 2283 per

123 2312 200 2360 tuom
213 2306 247 2360 de
258 2306 324 2360 olto.
339 2305 477 2360 Protectio
492 2304 594 2372 divina,
609 2310 641 2360 ut
654 2305 793 2361 estillud:
808 2309 892 2362 Facta
904 2313 943 2364 cst
995 2323 1082 2377 quem
1098 2306 1256 2379 irrumpere
1269 2309 1366 2380 possit,
1376 2312 1461 2380 atque
1476 2307 1615 2379 decipere,
1626 2307 1655 2362 in
1667 2322 1723 2379 qua
1732 2308 1812 2377 parte

124 2413 358 2470 mpermemanus
367 2401 482 2454 Domini.
494 2398 548 2454 Sed
558 2398 586 2453 in
597 2399 651 2453 hoc
662 2398 722 2455 loco
731 2399 868 2470 protectio
878 2374 984 2456 divi-B
995 2400 1029 2455 ad
1044 2401 1218 2472 peccandum
1229 2402 1304 2458 videt
1317 2419 1377 2458 esse
1389 2402 1587 2474 procliviorem
1600 2401 1630 2456 in
1643 2416 1676 2455 ea
1689 2398 1812 2471 amplius

125 2508 164 2547 na
176 2490 356 2563 intelligitur,
367 2496 438 2547 teste
452 2491 613 2564 psalmista:
628 2495 773 2548 Proteaisti
783 2510 833 2558 mc,
841 2498 946 2557 Densa
997 2493 1156 2549 inardescit.
1174 2495 1286 2551 Scilicet
1301 2500 1350 2550 aut
1369 2512 1420 2568 per
1431 2496 1596 2565 dexteram3
1612 2497 1723 2561 tentans
1735 2492 1811 2548 enim

125 2590 256 2640 conventu
263 2586 483 2654 malignantium.
492 2585 549 2641 Sub
556 2585 636 2657 cujus
646 2602 732 2641 manu
742 2603 792 2641 nos
801 2587 945 2644 humiliari
995 2585 1142 2641 bominem
1156 2586 1185 2642 in
1198 2589 1308 2660 majora
1319 2589 1397 2654 vitia,
1413 2589 1435 2643 si
1449 2589 1576 2660 decipere
1593 2605 1652 2643 non
1668 2586 1811 2658 praevalet,

125 2678 271 2745 debemus,
282 2679 387 2734 scilicet
399 2679 451 2733 sub
463 2679 557 2733 divina
567 2679 791 2750 protectione,ut
805 2682 944 2736 noscxal-
995 2680 1106 2734 minora
1129 2681 1225 2752 infert,
1249 2687 1277 2737 et
1302 2682 1336 2737 de
1357 2683 1433 2737 bono
1454 2682 1531 2754 quod
1551 2681 1626 2737 videt
1648 2679 1812 2751 superbiam

124 2779 185 2827 tare
199 2773 333 2845 dignetur
344 2773 374 2828 in
388 2772 433 2826 die
446 2772 620 2828 visitationis.
636 2775 673 2829 Er
693 2789 720 2827 tn
739 2790 863 2830 rannone
877 2792 944 2831 visr-
995 2774 1253 2846 ingerit,utsicper
1263 2775 1406 2830 dexteram
1418 2780 1527 2847 partem
1538 2772 1809 2845 ingrediatur.eria,

124 2881 269 2935 rnr10n155
283 2866 336 2921 boc
351 2865 434 2921 estin
447 2865 605 2936 diejudicii
619 2867 732 2938 quando
746 2868 947 2923 omneshnmi-
995 2873 1026 2922 ut
1039 2867 1097 2922 dixi
1109 2867 1143 2922 ab
1157 2868 1247 2938 initio,
1265 2885 1299 2923 ex
1312 2886 1369 2940 quo
1382 2869 1490 2940 primus
1506 2869 1592 2924 horno
1602 2869 1697 2939 justus
1711 2866 1780 2920 aba
1795 2881 1812 2921 a

123 2961 166 3015 les
181 2959 296 3015 exaltari
314 2959 508 3027 merebuntur,
525 2965 552 3014 ct
565 2960 678 3032 superbi
699 2961 855 3028 humiliari,
873 2963 946 3017 sicut
997 2962 1057 3015 Can
1076 2960 1163 3016 fratre
1177 2977 1229 3016 sno
1245 2978 1296 3033 per
1308 2962 1443 3018 invidiam
1458 2968 1500 3018 est
1513 2963 1710 3034 interemptus,
1721 2973 1812 3031 usque

119 3054 184 3125 jam
198 3053 326 3124 superius
339 3053 445 3108 dictum
460 3056 503 3107 cst
518 3069 525 3107 :
540 3053 632 3108 Omnis
645 3056 843 3124 quiseeaaltat
856 3056 943 3111 bumi-
995 3054 1031 3108 ad
1046 3052 1181 3108 ultimum
1194 3058 1334 3125 sanctum,
1349 3056 1398 3128 qni
1418 3056 1447 3111 in
1468 3054 1555 3110 tinem
1577 3055 1735 3110 nasciturus
1758 3055 1810 3121 est,

124 3149 251 3210 liabitur,
264 3152 289 3202 et
303 3149 389 3218 quise
402 3145 528 3201 humiliot
540 3148 717 3203 enaltabitnr.
734 3149 768 3203 Et
787 3165 885 3204 omnes
900 3167 943 3206 re·
995 3147 1120 3202 diabolus
1144 3148 1275 3221 persequi
1298 3166 1355 3203 non
1374 3152 1471 3205 cessat.
1491 3152 1541 3205 Cu1
1559 3164 1695 3205 nssrsrna
1716 3162 1812 3201 ronres

123 3240 207 3312 probi
221 3257 277 3295 una
289 3256 355 3295 cum
368 3240 458 3312 capite
473 3256 523 3295 suo
544 3241 733 3312 projicientur
747 3241 775 3295 in
788 3241 944 3299 infernum.
996 3257 1021 3295 rs
1039 3257 1107 3296 rina.
1124 3241 1277 3296 Imitamini
1291 3259 1358 3314 ergo
1371 3243 1525 3312 Christum,
1536 3243 1585 3314 qni
1599 3241 1742 3296 diabolum
1752 3244 1812 3294 ten·

124 3336 225 3391 Danau
244 3349 464 3390 somrcnrmnan
487 3350 607 3389 rasrnau
628 3350 815 3391 rnorrcrsnrrs
835 3353 861 3391 in
879 3353 943 3404 nau,
995 3339 1113 3388 latorem
1128 3334 1156 3388 in
1170 3334 1281 3389 deserto
1296 3335 1369 3391 vicit.
1387 3338 1420 3391 Et
1432 3341 1509 3405 nota,
1526 3335 1591 3407 quia
1608 3351 1672 3389 curn
1688 3333 1754 3387 dicit
1767 3348 1808 3386 rc-

125 3444 250 3492 aronrau
264 3445 315 3483 rrsr
330 3444 457 3484 crearer
473 3445 505 3482 nr
521 3444 608 3483 vonis
623 3427 719 3482 Simile
734 3432 777 3482 est
789 3428 859 3483 illud
869 3430 946 3501 qnod
992 3429 1088 3489 sistite,
1103 3427 1210 3482 addidit
1229 3431 1258 3482 in
1279 3430 1341 3498 fide,
1357 3428 1424 3499 quia
1437 3429 1517 3482 nulla
1538 3428 1625 3482 virtus
1647 3426 1685 3481 sic
1707 3422 1811 3496 poterit

123 3523 164 3577 ait
186 3521 331 3577 Psalmisu
349 3539 355 3576 :
374 3525 452 3577 lacta
475 3525 620 3590 capitatum
640 3526 717 3576 tuum
732 3523 761 3576 in
777 3525 895 3578 Domino.
912 3523 945 3577 Et
994 3520 1137 3575 diabolum
1154 3526 1293 3592 prostrare
1308 3521 1450 3594 quomodo
1465 3522 1534 3576 tides
1551 3521 1686 3593 perlecta,
1704 3519 1738 3573 de
1752 3534 1810 3590 (qua

124 3616 262 3670 Dominus
275 3615 304 3669 in
321 3615 493 3688 Evangelio:
514 3616 603 3672 Nolite
615 3616 725 3670 solliciti
737 3631 792 3670 esse
804 3616 943 3670 dicentes:
993 3615 1130 3669 Dominus
1148 3631 1154 3669 :
1172 3615 1203 3669 Si
1214 3616 1345 3670 haberetis
1357 3617 1437 3686 fidem
1454 3620 1484 3671 nt
1501 3632 1617 3684 pronum
1642 3616 1746 3685 sinapis
1765 3613 1808 3666 di·

123 3709 197 3775 Quia
210 3709 493 3771 manducabimusaut
503 3709 570 3778 quid
579 3709 774 3764 bibemuslscit
783 3711 853 3763 enim
863 3711 944 3765 Pater
992 3712 1085 3764 ceretis
1098 3710 1261 3772 liniamenti,
1277 3712 1404 3771 transire,
1418 3710 1536 3766 obediret
1548 3710 1631 3764 vobis.

122 3808 211 3859 rcslcr
223 3804 290 3873 qvid
303 3804 377 3858 robis
390 3819 456 3873 opus
469 3802 716 3858 cstldcoornnem
727 3801 943 3857 sollicitudinem
1029 3802 1159 3858 Scrrnres
1176 3819 1285 3859 raanan
1303 3819 1454 3860 rassrosan
1473 3820 1497 3859 rr
1514 3819 1574 3867 aaa
1593 3819 1619 3859 ru
1638 3818 1730 3858 urano
1752 3817 1808 3869 aar,

123 3901 253 3951 nostram
269 3897 375 3951 ineam
391 3896 530 3967 projicere
545 3894 787 3967 debemus,aquo
803 3897 944 3952 onmeho
994 3913 1098 3952 resana
1130 3912 1336 3953 rnrranarrsrrs
1367 3914 1447 3954 rrear.
1483 3898 1618 3953 Eamdenr
1650 3896 1809 3968 passionem

124 4008 195 4046 num
208 3989 307 4062 larg'ri
321 3990 471 4045 credimus.
487 3991 519 4043 Et
529 3988 669 4060 quidquid
681 3988 848 4060 perfectum,
864 3989 944 4061 quid·
994 3989 1063 4044 dicit
1074 3990 1104 4044 in
1117 3991 1235 4058 mundo,
1246 3990 1351 4046 scilicet
1365 4008 1451 4063 quam
1467 3991 1596 4046 universa
1606 3990 1712 4062 patitur
1721 3991 1811 4045 Eccle-

124 4083 196 4157 quid
216 4084 322 4138 bonum
344 4088 386 4139 est
409 4083 483 4155 quod
505 4083 564 4155 agit
585 4083 680 4152 homo,
697 4083 732 4136 ab
751 4082 812 4154 ipso
832 4084 942 4156 accipit,
994 4084 1044 4138 sia.
1060 4084 1157 4139 Nullus
1171 4084 1248 4139 enim
1264 4084 1354 4139 tidelis
1367 4086 1397 4140 in
1417 4086 1524 4140 mundo
1541 4089 1592 4154 est,
1611 4084 1661 4156 qni
1681 4083 1810 4138 bravium

124 4176 682 4248 testelacoboquidicit:Omnedatnm
695 4179 945 4248 optimumetornne
994 4177 1057 4232 vitre
1079 4183 1192 4234 aeternae
1213 4179 1357 4250 percipere
1377 4180 1481 4250 cupiat,
1499 4179 1606 4232 alsine
1625 4177 1752 4248 passione
1775 4175 1811 4230 ad
1854 4194 1856 4198 ·

124 4272 226 4326 donum
241 4273 392 4341 perfectum
409 4270 549 4324 desursum
570 4274 617 4325 est.
641 4271 675 4324 Et
698 4269 764 4325 alibi
785 4271 942 4342 scriptum:
994 4277 1108 4342 portum
1123 4273 1268 4343 pervenire
1282 4272 1378 4343 possit,
1393 4273 1476 4342 juxta
1495 4271 1570 4343 quod
1590 4271 1724 4341 scriptum
1745 4273 1807 4323 cst:

124 4366 191 4432 Quis
202 4366 321 4435 speravit
330 4366 359 4417 in
373 4365 484 4418 Domino
499 4368 524 4418 et
542 4366 669 4431 connisus
683 4367 744 4418 cst?
994 4367 1087 4420 llultae
1100 4365 1285 4419 tribulationes
1293 4366 1441 4433 jnstorum,
1450 4371 1474 4420 ct
1484 4367 1517 4419 dc
1527 4368 1568 4419 bis
1581 4365 1701 4419 omrdbvs
1715 4364 1811 4417 libcra-

159 4458 253 4513 Soean
266 4473 369 4511 esrom.
384 4456 523 4510 Sobrietas
538 4456 616 4510 enirn
631 4473 689 4510 non
701 4456 792 4510 solum
807 4457 942 4528 corporis,
996 4462 1033 4512 cit
1046 4473 1097 4512 cos.
1118 4460 1151 4513 Et
1166 4457 1239 4527 idco,
1256 4459 1277 4511 si
1292 4458 1428 4512 iverimus
1443 4458 1509 4512 socii
1526 4458 1671 4530 passionis,
1687 4457 1811 4511 simulet

122 4552 173 4607 red
187 4556 215 4605 et
233 4551 335 4605 anima
357 4549 540 4620 intelligenda
560 4553 612 4604 cst.
637 4549 715 4604 Sicut
735 4549 811 4604 enirn
835 4550 945 4605 sobrius
994 4551 1206 4605 resurrectionis
1220 4551 1334 4605 erimus.
1347 4552 1380 4605 Et
1389 4551 1453 4606 alibi
1470 4555 1552 4610 :Nan
1566 4553 1748 4614 coronabitur,
1757 4553 1812 4605 nisi

121 4645 209 4700 debet
228 4660 287 4700 esse
309 4644 394 4698 horno
409 4643 542 4710 exterior,
557 4660 658 4714 parcus
672 4641 798 4699 videlicet
810 4660 826 4697 a
840 4643 901 4698 cibo
916 4646 945 4700 et
994 4647 1043 4715 pici
1063 4645 1179 4712 legitime
1200 4647 1351 4700 nutriverit.
1382 4647 1415 4700 Et
1438 4647 1538 4702 Paulus
1559 4646 1699 4718 apostolus
1716 4664 1722 4700 :
1737 4648 1811 4701 Foris

122 4743 203 4810 potu,
219 4743 336 4810 propter
357 4737 428 4791 illud
447 4736 522 4809 quod
542 4736 676 4791 Dominus
700 4737 767 4791 dicit
784 4739 944 4794 :Attendite
991 4755 1100 4810 pitiana,
1124 4742 1198 4794 intus
1220 4741 1336 4794 timores.
1361 4743 1489 4796 Attamen
1512 4757 1565 4795 non
1586 4745 1650 4795 scint
1671 4739 1811 4807 condique

122 4851 156 4887 uc
169 4835 317 4902 graventur
330 4831 413 4886 cordo
434 4836 525 4885 vestra
538 4833 566 4884 in
579 4830 692 4900 crapula
706 4835 731 4885 et
745 4831 890 4900 ebrictntc3
907 4833 944 4886 ita
993 4834 1130 4904 passiones
1142 4832 1221 4902 bruris
1235 4835 1361 4903 temporis
1374 4834 1546 4902 altariorum
1560 4835 1685 4902 gloriam,
1699 4849 1759 4903 qun
1772 4848 1812 4886 re·

122 4929 214 4982 bomo
226 4924 346 4980 interior
364 4924 395 4978 in
411 4923 525 4995 vigiliis,
537 4922 664 4994 jejuniis,
679 4925 901 4994 elocutionibus,
916 4931 945 4981 ct
993 4927 1126 4981 relabitur
1137 4927 1259 4982 irirrobis.
1277 4929 1347 4983 Dans
1366 4945 1454 4984 :arou
1473 4944 1556 4983 annis
1577 4943 1690 4993 omna,
1706 4942 1752 4991 ori
1767 4944 1810 4982 ro

121 5019 235 5076 cnteris
253 5019 334 5074 bonis
352 5017 494 5088 operibus.
521 5018 557 5072 tir
578 5033 699 5072 vrornarr.
714 5018 801 5088 juste.
820 5019 943 5090 Vigilare
994 5036 1072 5076 curn
1090 5036 1141 5075 nos
1159 5037 1184 5075 ra
1198 5037 1327 5077 arensis
1346 5039 1416 5077 sunu
1436 5038 1552 5077 ‹snnrrnu
1568 5039 1594 5077 in
1614 5038 1727 5077 unnrsro
1746 5008 1809 5076 lesu

122 5134 173 5168 rias
188 5117 301 5184 oportet
315 5114 430 5183 propter
445 5110 513 5165 illud
531 5111 605 5182 qnod
620 5110 811 5182 scriptumest
827 5128 833 5165 :
850 5114 884 5166 Et
899 5114 1115 5186 vi·1)uonu:r.u
1130 5130 1240 5170 russos.
1254 5115 1363 5169 Vocarit
1378 5115 1453 5170 enirn
1473 5132 1525 5171 nos
1544 5116 1615 5170 Dans
1629 5115 1658 5169 in
1673 5121 1809 5170 aternani
1883 5113 1885 5118 ’

119 5211 206 5276 gilda
222 5208 307 5275 justa,
323 5211 348 5260 ct
362 5206 443 5260 nolite
453 5220 571 5276 peccare.
597 5205 629 5258 Et
648 5204 782 5258 Dominus
804 5204 831 5258 ia
854 5206 942 5259 nvan-
995 5220 1074 5258 snam
1090 5203 1210 5276 gloriam
1224 5205 1317 5276 primo
1331 5205 1363 5257 dc
1377 5205 1490 5258 lucubris
1506 5207 1535 5259 in
1548 5206 1709 5260 admirabile
1722 5207 1810 5259 lrrnrcn

121 5303 198 5364 ssa-ao
213 5318 220 5355 ι
239 5301 356 5368 t'ipilatc
370 5315 400 5352 ne
414 5303 463 5368 fiat
476 5302 545 5367 [ripa
558 5303 647 5352 cestro
661 5301 756 5358 liicnrc.
770 5300 809 5352 vil
820 5298 941 5353 salmuro.
992 5314 1081 5359 sutrin,
1098 5298 1166 5371 quia
1179 5314 1245 5369 piros
1255 5300 1393 5368 prescivit
1408 5303 1433 5352 et
1444 5300 1650 5368 praedistinavit
1661 5303 1809 5368 conformes

121 5398 152 5450 lit
168 5396 275 5449 ilerum
290 5412 296 5447 :
311 5395 366 5448 lloc
377 5397 466 5448 cirtem
478 5394 570 5446 scitote
587 5393 651 5460 qrcia
675 5393 701 5445 si
719 5393 796 5446 sciret
816 5394 941 5461 paterfa-
991 5393 1051 5460 {teri
1063 5394 1187 5459 imaginis
1200 5393 1252 5460 filii
1263 5394 1316 5453 sai,
1331 5397 1360 5446 ut
1373 5394 1409 5445 sit
1421 5394 1477 5462 ipsc
1486 5396 1681 5464 primogenitus
1696 5396 1724 5447 in
1742 5392 1809 5446 raril-

120 5490 213 5544 rnilias
224 5504 278 5557 qna
292 5488 358 5542 bora
372 5488 421 5553 lar
433 5488 543 5546 cerrirct,
558 5486 684 5552 vigilaret
702 5486 802 5553 utiquc.
821 5484 875 5538 Scd
890 5485 942 5540 boc
993 5487 1026 5540 tis
1040 5487 1184 5552 frattribus.
1200 5486 1306 5539 'lrnncn
1326 5486 1470 5556 pinnatis
1491 5488 1625 5558 ternporis
1648 5485 1737 5556 gloria
1751 5500 1807 5538 tion

120 5584 152 5636 in
165 5582 229 5636 loco
240 5579 430 5653 propterquid
440 5582 613 5650 nosoportet
623 5577 750 5649 vigilare,
763 5576 942 5648 insequenter
992 5585 1033 5633 est
1054 5583 1170 5638 aterna,
1193 5578 1260 5651 qnia
1282 5596 1485 5652 nonnunquam
1505 5582 1606 5636 delicit.
1623 5580 1656 5632 do
1672 5594 1725 5648 qua
1741 5576 1809 5631 dicit

120 5675 291 5744 ostenditur,
309 5691 372 5738 ella
396 5689 579 5729 anrnrrsamrs
601 5687 698 5725 unsrun
722 5687 853 5726 rrrnnotrs
874 5689 939 5727 ma·
990 5674 1138 5727 loannes:
1164 5675 1264 5737 Filiali,
1288 5691 1356 5729 ritum
1382 5677 1433 5745 filii
1456 5677 1502 5729 Dei
1520 5688 1620 5732 scirtius,
1645 5677 1668 5725 ct
1689 5671 1807 5723 viriatum

121 5786 198 5834 otuu
223 5785 272 5826 tao
294 5780 407 5825 auersus
430 5784 536 5823 ernerrr
561 5782 688 5829 araneas
713 5781 784 5828 orsu
809 5783 937 5822 rrrzrrursr.
990 5773 1104 5838 appa-ret
1123 5769 1190 5836 quid
1208 5770 1432 5825 arimanniam
1450 5772 1564 5834 aterna,
1582 5773 1809 5838 ‹qiiapcnnanct
