3878 6150
131 270 182 323 723
830 257 961 314 PELAGll
979 257 1075 313 Parra
1093 257 1117 311 11
1766 260 1817 315 'lit

131 377 295 433 cumoutem
304 373 410 443 placuit
421 369 502 438 etqui
512 368 713 436 meseqreqouit
725 366 839 420 deutero
849 368 947 421 matris
958 377 987 450 Α
998 365 1141 420 dicentes:
1163 364 1299 420 Doctrina
1311 367 1413 424 restra
1426 367 1595 424 reverenda
1615 367 1690 423 sedis
1711 369 1756 422 est
1767 382 1819 441 por

130 485 205 531 men,
219 473 244 522 et
256 467 360 521 uocauit
368 480 419 535 per
432 464 550 532 gretiam
563 477 650 523 suom,
661 465 692 514 ut
704 461 836 515 revelaret
848 461 948 516 Filium
997 460 1114 515 beatum
1130 458 1271 528 Leonem,
1287 476 1521 535 successoresque
1533 462 1605 533 ejus,
1630 460 1708 517 unde
1727 474 1819 533 pauca

131 578 211 618 suum
226 563 255 614 in
267 575 317 625 me,
331 564 361 612 ut
378 558 589 625 evangelizarem
601 556 681 609 illum
693 556 724 609 in
738 555 871 622 pentibus,
888 570 948 609 con·
998 570 1228 612 commemorare
1237 557 1482 628 praesumpsimus,
1491 560 1640 612 mortuum
1651 554 1818 611 abhomini·

131 659 207 712 tinne
220 670 275 709 non
294 654 418 722 acquievi
440 653 516 706 conii
537 654 563 704 et
577 651 715 717 sanquine.
743 650 824 717 Ecce,
844 649 948 703 tratres
996 647 1051 702 bus
1076 648 1210 706 damnari
1225 653 1389 707 nullatenus
1403 655 1555 722 oportere,
1570 650 1611 720 (et
1623 653 1725 704 tamen
1740 650 1819 706 nulla

132 747 302 813 charissimi,
312 744 557 816 Pauluscgregius
567 744 677 810 doctor,
689 742 758 815 quia
772 742 820 797 diu
835 742 950 797 veritati
999 741 1061 812 ejus
1066 743 1241 831 „testimonia
1254 745 1428 813 subdidistis,
1441 743 1544 818 quibus
1555 744 1631 799 hanc
1640 742 1818 799 sententiam

132 843 246 908 restitit,
261 840 328 896 inde
345 840 381 895 ad
396 837 597 894 confirmanda
617 837 705 892 corda
723 836 902 891 audientium
918 836 949 893 in
999 835 1163 894 firmaretis.
1176 838 1289 894 Etenim
1299 856 1362 911 quoe
1372 832 1633 913 avoisssubjuncta
1642 841 1720 905 sunt,
1731 840 1819 893 retra·

133 935 262 1007 ejusdem
274 933 479 1006 predicatione
490 931 618 987 veritatis
626 930 801 1001 adjutorium
811 930 947 1001 sumpsit:
1000 933 1156 988 stationem
1172 932 1240 987 fidei
1249 933 1312 988 lieri
1327 933 1491 1004 probibent,
1504 936 1671 988 nouantem
1685 930 1819 986 damnari

132 1029 287 1086 ostendens
295 1026 504 1099 prolecto,quia
512 1025 610 1092 fidem,
618 1024 749 1079 cuitanto
759 1023 838 1094 prius
851 1024 949 1078 labore
999 1025 1132 1081 infideles
1145 1031 1275 1083 mortuos
1286 1027 1495 1082 contradicunt.
1506 1026 1564 1081 Sed
1578 1042 1674 1097 neque
1686 1025 1742 1079 hoc
1755 1023 1819 1080 bea·

131 1123 285 1189 restiterat,
299 1118 485 1192 postmodum
500 1119 562 1174 sine
576 1135 691 1190 magnae
702 1116 820 1172 rationis
834 1117 948 1174 certitu·
999 1122 1062 1174 turn
1076 1120 1202 1176 Leonem
1216 1121 1458 1192 predecessorem
1469 1122 1601 1174 nostrum
1615 1118 1746 1190 quodam
1757 1118 1817 1173 loco

132 1218 200 1273 dine
214 1233 272 1271 non
286 1215 411 1270 tenebat.
1001 1213 1104 1268 dixisse
1112 1214 1306 1269 meminimus.
1316 1214 1384 1278 Quis
1394 1217 1491 1269 autem
1502 1212 1620 1280 nesciat,
1630 1211 1710 1283 quod
1721 1211 1753 1266 in
1761 1211 1820 1266 nul·

167 1313 234 1365 Vill.
245 1310 335 1366 Debet
349 1324 418 1379 ergo
435 1305 615 1378 perpendere
630 1308 724 1361 vestra
738 1305 869 1374 Dilectio,
882 1306 950 1377 quia
1000 1308 1027 1361 lo
1038 1307 1090 1363 sibi
1103 1307 1232 1378 ejusdem
1243 1308 1385 1363 Leoniset
1396 1308 1474 1363 beati
1484 1306 1637 1378 Augustini
1651 1304 1818 1377 praedicabo

132 1405 376 1478 praedeeessorum
394 1405 560 1456 nostrorum
576 1400 605 1454 in
625 1400 679 1455 hac
694 1415 780 1455 causa
794 1417 949 1455 consensus
1000 1401 1272 1473 contradicat‘llpse
1290 1419 1417 1473 namque
1435 1401 1666 1459 adBonitacium
1680 1399 1819 1455 comitem

132 1503 213 1554 tanto
224 1495 392 1569 postinanis
402 1494 533 1561 nonfuit,
546 1496 655 1565 quanto
664 1494 741 1566 prius
753 1493 830 1548 duris
838 1497 951 1549 contra·
1001 1495 1137 1561 scribens,
1148 1495 1190 1549 ait
1213 1497 1308 1567 (Epist.
1325 1500 1368 1562 50,
1381 1512 1440 1566 sup.
1456 1496 1515 1551 coll.
1530 1496 1554 1564 5)
1569 1511 1576 1549 ε
1601 1493 1630 1549 Si
1645 1509 1714 1547 vera
1725 1492 1833 1551 esseffi

132 1592 290 1648 dictionum
307 1589 454 1644 laboribus
471 1587 625 1642 insudavit.
642 1588 698 1643 Sed
716 1589 759 1642 his
774 1589 892 1659 insuper
906 1589 948 1644 ia·
1001 1605 1065 1660 quae
1077 1588 1112 1643 ab
1124 1588 1166 1642 eis
1180 1589 1292 1660 objecta
1306 1593 1373 1644 sunt
1385 1589 1547 1655 caeciliane,
1563 1591 1591 1642 et
1604 1580 1688 1642 nobis
1702 1588 1821 1657 possent

131 1690 209 1741 ctum
222 1684 308 1750 Petri,
318 1682 365 1754 qui
383 1685 412 1736 et
433 1682 556 1736 Paulum
568 1685 693 1752 superat,
705 1686 799 1736 vestra
810 1682 951 1736 Fraterni-
1002 1682 1158 1754 aliqnando
1169 1683 1335 1750 monstrari,
1353 1684 1445 1754 ipsum
1451 1683 1514 1754 jam
1530 1685 1678 1737 mortuum
1697 1679 1818 1735 anathe-

130 1784 175 1835 tas
189 1779 225 1834 ad
237 1776 410 1833 memoriam
419 1775 547 1830 reducat.
558 1774 612 1829 Diu
626 1775 732 1847 quippe
740 1776 854 1844 restitit,
866 1792 902 1830 nc
913 1776 950 1830 ad
960 1756 988 1828 Β
1000 1776 1212 1831 matizaremus.
1224 1776 1282 1832 Sed
1296 1776 1557 1831 tamenEcclesiam
1565 1775 1679 1839 Christi,
1687 1790 1819 1844 quaenlm

132 1873 220 1928 tidem
232 1873 333 1943 gentes
342 1871 440 1924 sancta
447 1868 572 1922 Ecclesia
581 1868 643 1922 sine
653 1869 869 1924 circumcisione
881 1868 951 1923 reci·
1000 1870 1133 1940 litigiosis
1146 1870 1329 1942 opinionibus
1341 1870 1470 1940 tingitur,
1482 1869 1531 1924 sed
1541 1869 1646 1924 divinis
1657 1867 1819 1923 attestatio·

130 1970 221 2038 peret,
238 1965 287 2019 diu
302 1981 332 2018 se
350 1979 582 2017 aconversarum
600 1963 730 2034 gentium
744 1963 949 2018 communione
1000 1963 1084 2017 nibus
1109 1964 1325 2034 comprobatur,
1341 1965 1461 2034 propter
1485 1962 1646 2033 quemlibet
1665 1961 1819 2015 bominem

130 2059 278 2126 subtraxit,
294 2058 384 2112 Paulo
409 2059 574 2123 attestante,
591 2056 640 2127 qui
659 2057 717 2110 ait:
746 2060 811 2114 Cum
835 2059 951 2113 eiecisset
1000 2056 1163 2128 relinquere
1178 2073 1236 2112 non
1248 2056 1408 2128 debemus.)
1419 2057 1488 2111 Ecce
1496 2055 1635 2111 mirabilis
1645 2054 1821 2126 praedicator

130 2154 315 2214 Antiochiam.
329 2153 359 2204 in
375 2153 474 2218 sociem
487 2152 512 2204 ei
533 2152 631 2213 restiti,
647 2152 713 2220 quio
732 2151 950 2220 reprehensibilis
1001 2153 1029 2204 et
1044 2150 1211 2205 scissionem
1221 2150 1353 2205 Ecclesiae
1368 2153 1487 2222 propter
1495 2149 1645 2203 bominem
1657 2151 1748 2214 vetat,
1760 2147 1821 2203 etsi

128 2253 198 2303 erot.
212 2249 291 2301 Prius
312 2248 383 2300 enim
403 2260 487 2314 quom
512 2246 635 2299 uenirent
653 2245 767 2315 quidum
781 2245 815 2298 ub
839 2246 948 2309 locuto,
1001 2260 1057 2314 qua
1070 2260 1205 2316 perversa
1222 2242 1431 2314 deprehendat,
1447 2259 1514 2297 eum
1528 2258 1614 2312 quem
1637 2241 1754 2313 publico
1769 2241 1818 2295 de·

129 2358 191 2396 cum
202 2340 329 2408 pentibus
344 2339 458 2403 edebot‚·
474 2353 535 2391 cum
549 2342 640 2392 autem
653 2340 799 2401 senescat,
812 2339 951 2394 subtrabe—
1000 2336 1376 2404 tendebatCaecilianum,se
1388 2336 1475 2390 etiam
1486 2337 1687 2407 postmortem
1701 2334 1820 2389 anathe-

130 2437 176 2489 bot
190 2450 228 2496 se,
243 2435 338 2487 timens
353 2447 395 2486 eos
406 2434 454 2501 qui
461 2447 494 2485 en
507 2432 709 2486 circumcisione
717 2437 796 2487 mont
809 2432 909 2503 (Galat.
919 2436 948 2504 r).
1001 2430 1138 2486 matiznre
1155 2447 1213 2485 non
1223 2430 1357 2500 abnegat,
1368 2428 1818 2500 quiavidclicettuncriientibus

130 2529 165 2582 Et
179 2528 266 2583 Paulo
284 2527 365 2596 post:
393 2528 429 2580 Et
454 2540 514 2578 cum
544 2525 670 2580 uidissem
704 2526 775 2595 quod
801 2541 855 2580 non
882 2531 951 2582 recte
1000 2540 1066 2578 vere
1080 2525 1255 2590 consulatur,
1272 2540 1336 2577 cum
1359 2524 1442 2592 culpa
1457 2523 1486 2576 in
1502 2522 1558 2576 fide
1581 2524 1750 2593 perpetrata
1766 2536 1818 2576 nec

128 2622 279 2676 ambularet
301 2620 496 2674 odoerttotrm
525 2620 669 2688 eoonqelii,
685 2619 747 2674 clini
769 2623 848 2674 Petro
861 2635 951 2675 coram
1000 2620 1095 2672 morte
1109 2615 1625 2677 intervmientelaxetur.Siverohoc
1639 2615 1816 2683 laciendum,

127 2715 271 2770 omnibus:
298 2715 329 2770 Si
353 2718 383 2767 tu
397 2729 458 2767 cum
480 2713 589 2767 ludens
608 2714 657 2775 sis,
688 2714 826 2782 gentiliter
848 2718 874 2769 et
896 2730 950 2769 non
1000 2711 1096 2766 dicere
1110 2710 1451 2781 sortasscpraesumimus,
1468 2711 1522 2765 hoc
1534 2710 1735 2781 proculdubio
1748 2709 1815 2764 faci-

122 2809 236 2879 judoice
253 2809 333 2869 utun,
348 2807 479 2877 quomodo
501 2811 590 2874 pentes
608 2809 680 2874 copis
696 2807 869 2875 judoizare?
895 2807 950 2871 Qui
999 2821 1073 2873 mus,
1088 2802 1166 2875 quod
1181 2805 1244 2858 steri
1258 2807 1398 2859 vetamus.
1413 2803 1595 2859 Theodorum
1612 2803 1722 2875 qnippe
1744 2819 1816 2857 mor

93 2924 96 2941 =
127 2899 948 2972 tamenabeodemPaulopostmodumrationesuscepta,
999 2896 1814 2970 tuumsanctasynodusprimaEphesinadamnaritletct.

131 2996 200 3050 dum
211 2993 351 3065 quosdam
363 2993 544 3064 conspiceret
553 2993 602 3064 qui
617 2994 740 3064 gentiles
751 2994 787 3048 ad
796 2995 950 3049 Ecclesiam
999 2993 1047 3062 vr).
1060 2993 1132 3046 Nam
1138 3009 1203 3046 cnm
1215 2991 1251 3046 ab
1261 2992 1323 3062 ojus
1333 2992 1476 3063 discipulis
1487 2992 1626 3046 dictatum
1637 2992 1674 3046 ab
1686 2992 1734 3047 illo
1744 3007 1814 3064 syrn-

127 3088 275 3142 venientes
289 3085 418 3157 pondere
435 3086 584 3140 servandac
602 3085 828 3159 circumcisionis
843 3104 946 3142 onera·
958 3130 986 3206 C
998 3086 1097 3140 bolum
1114 3086 1216 3140 eadem
1230 3085 1339 3157 synodo
1352 3085 1453 3140 luisset
1465 3087 1622 3157 prolatum,
1639 3086 1717 3140 illico
1729 3086 1814 3140 illica

47 3204 50 3211 Α
130 3184 203 3248 rent,
228 3179 310 3234 dicit:
338 3182 392 3236 Cur
415 3181 524 3234 tentatis
543 3183 638 3243 Deum,
662 3183 826 3250 imponentes
848 3183 949 3252 juqum
999 3179 1104 3234 sanclis
1114 3179 1245 3233 Patribus
1257 3196 1323 3234 curn
1334 3184 1450 3234 auctore
1462 3179 1635 3234 damnatum
1647 3183 1702 3234 est.
1714 3181 1748 3234 Et
1757 3179 1813 3250 qui-

129 3276 273 3330 cervicibus
297 3248 506 3343 discipulorum,
536 3274 609 3343 quod
633 3289 716 3343 neque
738 3279 831 3345 potres
852 3278 947 3341 nostri,
999 3274 1066 3327 dem
1083 3272 1137 3343 ipsi
1153 3273 1244 3327 sancti
1257 3275 1356 3327 Patres
1370 3273 1398 3327 in
1415 3272 1517 3328 eadem
1531 3273 1642 3345 synodo
1656 3274 1812 3328 residentes

129 3385 214 3439 neque
225 3383 272 3423 nos
281 3371 394 3438 portare
404 3369 543 3436 potuimus
554 3366 624 3439 (Act.
640 3367 685 3438 xv)
699 3368 712 3422 i
731 3368 876 3439 Nunquid,
890 3369 947 3424 ira·
999 3366 1197 3421 adDominum
1200 3366 1261 3436 jam
1269 3367 1376 3438 recepti
1384 3370 1458 3432 sunt,
1467 3372 1622 3438 postquam
1630 3368 1810 3424 Theodorum

128 3465 187 3517 tres
212 3459 379 3527 lectissimi,
404 3462 489 3515 Petro
517 3462 714 3531 apostolorum
748 3461 871 3533 principi
895 3462 948 3519 sibi
999 3459 1188 3514 damnavere:
1206 3461 1269 3514 etsi
1291 3459 1425 3515 damnari
1446 3461 1811 3517 mortunmnondebuisss

129 3556 280 3611 dissimilia
295 3554 411 3609 docenti
420 3554 519 3609 debuit
531 3554 567 3609 ad
582 3555 643 3609 baec
657 3555 948 3627 rerbaresponderi‘l
998 3553 1128 3620 dicimuS,
1143 3555 1242 3624 procul
1253 3554 1477 3610 dubiomortuos
1486 3571 1664 3621 accusamus,
1677 3561 1707 3610 et
1721 3554 1811 3626 incipi·

129 3651 266 3720 liaecquae
278 3648 358 3715 dicis,
369 3648 469 3702 audire
479 3648 869 3721 nonpossumus,quiaalind
880 3654 947 3707 ante
998 3664 1063 3700 mus
1076 3647 1267 3715 committere,
1282 3648 1360 3718 quod
1378 3648 1498 3703 nitimur
1512 3649 1681 3720 probibere.
1696 3649 1752 3705 Sed
1765 3665 1810 3702 cur

129 3741 315 3814 praedicasti?
331 3741 360 3796 Si
373 3742 461 3812 igitur
474 3741 503 3795 in
513 3742 600 3796 trium
612 3743 803 3814 capitulorum
818 3745 946 3815 negotio,
998 3740 1046 3794 diu
1063 3744 1091 3794 et
1110 3757 1175 3811 quae
1187 3741 1277 3796 nostis
1289 3741 1437 3813 loquimur
1449 3742 1610 3825 ‘iffijusdem
1619 3743 1764 3799 Theodori
1779 3759 1808 3796 ex

129 3835 207 3890 aliud
222 3851 287 3888 cum
300 3835 404 3888 veritas
418 3838 606 3905 quaereretur,
622 3836 700 3890 aliud
719 3841 815 3893 autern
830 3839 947 3894 inventa
997 3833 1076 3888 libris
1090 3834 1165 3889 illius
1181 3835 1257 3889 dicta
1267 3832 1450 3906 replicemus·
1465 3834 1501 3890 Et
1516 3836 1538 3889 si
1553 3838 1652 3891 lesum
1666 3838 1703 3908 (a)
1723 3835 1810 3892 Domi·

127 3928 258 3992 veritale,
271 3927 379 3982 dietum
394 3931 446 3995 est,
459 3929 638 3984 curmutatio
652 3931 802 3984 sententia
810 3932 875 3986 huic
886 3932 946 3988 sedi
998 3944 1106 3982 numae
1117 3930 1207 3982 Deum
1218 3929 1417 4000 nostrum,qui
1429 3933 1492 4000 post
1509 3933 1636 3984 mortem
1645 3930 1808 3996 rivere,imo

128 4021 157 4075 in
169 4019 289 4076 crimino
306 4020 449 4091 objicitur,
465 4038 529 4092 quae
543 4038 560 4075 a
575 4026 678 4077 cuncta
687 4024 813 4079 Ecclesia
826 4025 944 4081 humili·
997 4021 1064 4092 quia
1077 4022 1170 4076 vivore
1185 4021 1321 4089 creditur,
1336 4027 1401 4093 post
1414 4027 1540 4077 mortem
1553 4024 1723 4079 Theodorus
1737 4026 1806 4095 post-

128 4117 172 4169 ter
178 4115 208 4168 in
219 4114 404 4184 ejusanclore
412 4115 586 4170 veneratur?
596 4117 658 4170 Non
667 4117 744 4170 enim
753 4119 875 4174 mutatio
884 4137 947 4174 sen·
995 4115 1273 4185 positadubitalione
1281 4117 1441 4184 damnavit3
1452 4117 1633 4187 nequeenim
1640 4117 1805 4173 nostrafides

129 4208 296 4275 tentioe,sed
310 4209 505 4264 inconstantia
515 4226 614 4263 sensus
625 4209 654 4264 in
664 4211 747 4281 culpa
758 4215 810 4265 est.
822 4213 945 4276 Quando
996 4209 1103 4279 patitur
1114 4213 1145 4263 ut
1161 4210 1211 4281 qui
1236 4214 1279 4265 tot
1293 4211 1480 4282 blasphemiis
1501 4211 1693 4282 Redemptori
1716 4215 1803 4267 nostro

128 4319 197 4373 ergo
212 4302 248 4356 ad
259 4303 456 4374 cognitionem
472 4303 552 4371 recti,
568 4302 690 4359 intentio
701 4304 946 4362 incommutabilis
996 4303 1086 4357 hostis
1110 4304 1225 4371 exstitit,
1250 4321 1267 4358 a
1292 4305 1373 4359 vobis
1395 4305 1512 4359 ulterius
1536 4305 1723 4360 defendatur.
1750 4307 1802 4377 lpse

126 4399 308 4468 permaneat,
325 4396 395 4468 quid
406 4397 510 4465 obstat,
525 4397 547 4451 si
561 4397 757 4469 ignorantiam
770 4416 851 4455 suam
862 4401 943 4456 dese·
995 4397 1102 4469 quippe
1118 4401 1217 4453 contra
1231 4399 1427 4469 Apollinarem
1443 4399 1473 4453 in
1496 4399 1570 4453 libro
1584 4399 1672 4455 tertio
1692 4401 1801 4472 loquens

127 4506 203 4556 rens,
220 4489 307 4544 verba
317 4491 483 4561 permutet?
493 4493 533 4546 De
549 4492 611 4564 ipsc
628 4509 743 4565 quoquo
757 4499 873 4550 auctore
885 4506 981 4578 om-D
993 4490 1034 4545 ait
1046 4492 1121 4562 (Sup.
1138 4493 1198 4546 coll.
1214 4491 1256 4562 t):

125 4583 206 4638 nium
225 4584 283 4638 Deo
299 4583 444 4656 Scriptura
466 4588 621 4641 attestante
647 4588 857 4659 cognoscimus,
877 4590 944 4661 quia
1029 4587 1059 4639 X.
1078 4608 1091 4633 υ
1106 4586 1256 4649 Quomodo
1271 4586 1359 4657 igitur
1368 4591 1409 4655 iu,
1421 4587 1465 4641 cui
1475 4603 1559 4659 super
1568 4604 1674 4645 omnes
1687 4589 1798 4646 maximo

126 4677 196 4732 dum
220 4676 372 4732 consilium
398 4695 456 4733 non
483 4685 585 4734 manet
601 4682 709 4743 llorson
735 4683 848 4754 mutat),
867 4700 943 4755 sape
994 4679 1076 4735 dccet
1092 4680 1234 4734 mentium
1245 4681 1386 4752 regimen,
1402 4682 1482 4736 illum
1494 4683 1542 4753 qui
1557 4699 1590 4737 ex
1601 4684 1719 4755 Virgine
1729 4686 1798 4738 natus

124 4770 299 4825 sententiam
315 4775 427 4838 mutat;
449 4789 543 4844 neque
563 4774 641 4829 enim
655 4774 820 4847 inopinatus
835 4778 860 4831 ei
875 4794 941 4848 pro·
993 4783 1046 4848 ost,
1061 4780 1152 4833 Deum
1168 4797 1239 4847 esse,
1257 4783 1330 4834 etex
1352 4781 1412 4835 Deo
1433 4782 1712 4838 consubstantialem
1734 4780 1796 4838 Patri

124 4869 225 4920 ventus
235 4870 404 4934 accesserat,
414 4883 480 4921 oum
492 4867 527 4922 de
539 4884 573 4923 eo
585 4885 672 4939 quem
684 4870 744 4941 ipse
755 4870 825 4942 ungi
837 4888 943 4943 praece·
993 4872 1150 4927 existimari
1161 4873 1240 4942 dicis,
1253 4874 1307 4927 nisi
1317 4874 1391 4928 forte
1402 4878 1499 4930 sancto
1514 4876 1633 4946 Spiritui
1647 4878 1722 4932 iilius
1734 4891 1795 4931 cres·

124 4963 215 5029 perat,
233 4959 362 5014 dicebat:
379 4963 494 5016 Poenitet
507 4978 548 5016 me
568 4964 677 5019 Saulem
690 4966 800 5019 accuse
812 4981 900 5035 regern
913 4969 942 5022 in
992 4967 1102 5022 tionem
1114 4967 1258 5038 imputare
1272 4985 1330 5023 non
1342 4968 1427 5039 jubes
1441 4969 1455 5023 ‘l
1468 4969 1525 5024 Sed
1542 4970 1606 5041 quis
1624 4975 1669 5025 est
1683 4974 1760 5034 Deus,
1774 4969 1794 5022 el

122 5051 247 5123 lsrael(l
268 5056 332 5122 lleq.
348 5053 403 5127 xv).
421 5056 479 5109 Hoc
505 5056 611 5127 quippe
630 5073 660 5111 se
684 5057 827 5113 iacturum
854 5059 941 5115 ctiam
992 5077 1025 5115 ex
1051 5061 1159 5127 Deo,et
1180 5061 1431 5116 consubstantialis
1451 5062 1551 5118 Patri?
1575 5064 1694 5120 isidem
1712 5064 1793 5135 quiex

124 5148 191 5199 tunc
199 5147 349 5216 prescivit,
359 5165 424 5204 cum
435 5166 501 5203 eum
511 5150 592 5221 quasi
600 5151 788 5222 approbando
798 5154 938 5224 prmtulit;
989 5154 1106 5226 Virgine
1126 5159 1209 5210 natus
1225 5159 1296 5223 erat,
1310 5156 1335 5223 lo
1354 5156 1520 5211 mirandum
1533 5158 1551 5230 i)
1565 5161 1594 5212 et
1608 5159 1657 5230 qui
1680 5175 1730 5231 per
1743 5152 1791 5227 Spi·

123 5255 176 5293 nec
188 5239 224 5293 ad
237 5240 437 5310 penitentiam
453 5244 535 5315 quasi
544 5243 710 5316 inopinatus
721 5247 803 5300 dolor
811 5248 938 5316 accessit,
989 5248 1078 5303 ritum
1092 5253 1222 5304 sanctum
1246 5250 1407 5304 secundum
1426 5248 1537 5305 divinas
1557 5251 1719 5323 Scripturas
1730 5251 1790 5322 plas-

122 5333 174 5387 sed
193 5337 291 5387 tamen
307 5336 445 5405 poenitere
467 5355 496 5391 se
513 5337 649 5407 insinuat,
664 5340 732 5411 quia
753 5357 811 5395 non
827 5344 938 5397 mutato
988 5336 1790 5416 natusest,etconficti0neminmutiebriaeoepitvenuet

120 5427 251 5497 consilio,
265 5444 299 5483 ca
314 5446 378 5500 quae
400 5431 509 5487 dudum
533 5433 644 5489 dixerat
659 5434 694 5488 de
709 5435 757 5490 illo
773 5436 861 5491 verba
876 5453 939 5507 per·
989 5439 1085 5492 lnerat
1094 5437 1225 5506 forsitan,
1238 5437 1305 5510 quia
1316 5455 1382 5494 mox
1396 5455 1484 5510 quarn
1500 5440 1660 5509 plasmatus
1674 5443 1725 5506 est,
1735 5435 1790 5492 etot

122 5525 224 5577 mutat.
988 5532 1130 5602 templum
1138 5532 1187 5587 liei
1198 5533 1401 5605 essctaccepit:
1412 5536 1576 5587 nontamen
1583 5530 1789 5589 existimandum

158 5618 241 5670 titia
272 5617 314 5672 his
342 5622 440 5674 autom
466 5619 640 5675 testimoniis
664 5639 727 5693 quae
752 5641 788 5679 cx
808 5624 938 5696 epistolis
987 5625 1069 5680 nobis
1083 5629 1125 5679 est
1150 5627 1241 5681 Deum
1265 5627 1300 5680 de
1314 5627 1430 5698 Virgine
1444 5630 1546 5681 natum
1566 5643 1670 5682 esso.»
1698 5623 1788 5697 Etposi

119 5710 222 5765 teonis
234 5712 453 5783 praedecessoris
476 5715 567 5769 nostri
589 5715 731 5787 posuistis,
757 5719 934 5788 praemisistis
986 5735 1092 5789 pauca:
1106 5719 1787 5796 «Nessecundumtuamvocempronuntiandsm

154 5830 193 5903 lo)
206 5832 297 5890 Locus
309 5840 469 5910 corruptus.
487 5837 581 5911 Foris,
601 5839 785 5910 inspiciemus,
797 5841 822 5895 si
832 5842 930 5898 loom.
982 5841 1066 5898 Hero.
