3884 6150
125 312 176 370 aaa
563 299 730 368 urrunnu
749 312 792 367 m
811 294 921 367 oram
940 311 968 367 s.
988 292 1137 368 omniur
1156 302 1370 367 emisimus.
1749 307 1798 362 sai

261 496 266 506 .
321 423 383 471 ltem
399 419 555 503 contestatio
568 418 739 502 dominicalis·
949 430 978 504 Α
989 419 1114 491 gaudens
1132 417 1247 490 propria
1266 417 1412 473 reduceret
1431 415 1467 471 ad
1491 415 1561 482 loca,
1582 413 1624 470 ita
1645 413 1804 486 principem

160 497 360 567 V0P0d¹8¹¹¹¹¹11
375 497 402 547 et
416 496 526 562 lustum
547 496 598 554 ⁶⁸¹»
621 496 801 563 ⁰¹¹¹¹¹¹P⁰l⁰¹¹s
821 491 939 546 verbum
988 516 1115 568 nostrum
1134 529 1246 584 semper
1269 511 1404 566 rictorem
1420 514 1517 565 contra
1536 512 1652 563 cunctos
1672 508 1803 562 adversa-

125 589 249 645 reritatis
260 591 288 642 ct
299 588 397 641 lumen
416 583 559 639 claritatis.
579 584 671 639 Gloria
689 585 720 639 in
737 585 851 640 excelsis
868 586 937 651 lleo,
988 607 1045 661 ,103
1057 606 1187 674 mium,
1211 606 1320 660 salvum
1338 609 1461 674 tueatur,
1481 604 1626 658 conservet
1649 601 1803 656 imum:

125 689 153 739 et
167 684 196 738 in
212 689 285 738 terra
301 696 358 752 pax
371 678 535 733 hominibus
547 678 628 732 lionae
648 678 807 746 uoluntatis,
833 678 887 748 dic,
908 678 939 732 in
988 701 1036 772 qu,
1052 700 1253 755 Melchisedech
1267 704 1295 754 e,
1308 698 1452 753 Abraham
1466 701 1571 752 ΜΗΘ
1591 701 1722 767 tempore
1742 695 1805 750 feli·

124 794 181 850 quu
195 780 277 830 natus
289 780 331 828 est
341 771 485 827 Dominus.
501 772 549 827 llic
562 777 657 827 sancto
671 772 817 827 Dominico
832 771 937 843 baptis·
988 794 1058 849 cpe,
1069 810 1188 865 regnare
1202 792 1284 865 penit]
1301 792 1331 846 in
1344 792 1495 846 mundum.
1509 792 1563 845 pe,
1576 789 1744 845 Dominum·

15 880 21 893 ’
124 886 204 925 mum
219 866 353 922 introivit.
370 866 418 920 Die
429 870 527 920 sancto
545 865 689 921 Dominico
704 865 858 921 resurrexit
882 866 938 919 Do·
1330 884 1463 934 eorrectio,

124 963 230 1018 minus.
245 961 295 1016 llic
309 965 404 1015 sancto
419 960 564 1014 [lominica
579 959 644 1014 fecit
656 958 796 1014 mirabilia
816 960 846 1013 in
865 960 940 1013 Cana
1026 958 1141 1014 Domine
1160 959 1234 1013 Deus
1259 957 1448 1030 omnipotens,
1481 955 1530 1028 qui
1554 972 1606 1027 per
1638 954 1806 1026 sapientiam

124 1056 247 1125 Galilere,
261 1072 347 1127 aquas
360 1054 390 1108 in
403 1053 467 1108 rina
485 1054 631 1109 convertit.
654 1053 702 1108 Die
723 1059 819 1108 sancto
841 1053 938 1108 Domi·
989 1052 1223 1122 inaestimabilem,
1244 1068 1301 1124 qua
1328 1052 1367 1107 ita
1399 1049 1559 1122 disposuisti
1591 1049 1745 1116 mundum,
1775 1051 1806 1103 ut

124 1150 235 1205 nicode
248 1149 374 1220 quinque
384 1147 505 1219 panibus
518 1151 546 1202 et
559 1147 668 1201 duobus
681 1147 805 1217 piscibus
814 1147 939 1218 quinque
988 1148 1094 1219 absque
1110 1146 1225 1218 regibus
1239 1150 1267 1201 et
1284 1145 1460 1218 principibus
1470 1143 1548 1199 nulla
1557 1159 1623 1199 oum
1633 1158 1704 1216 pace
1714 1142 1804 1198 subsi-

124 1244 214 1299 millia
224 1243 373 1297 hominum
383 1241 468 1312 pavit.
482 1241 529 1295 uie
543 1246 638 1295 sancto
652 1241 796 1295 Dominico
805 1241 939 1295 siccatum
989 1243 1095 1296 sterent
1107 1241 1267 1295 climactera
1275 1238 1381 1309 saeculi,
1393 1238 1526 1311 quatinus
1535 1238 1678 1293 bonorum
1687 1236 1803 1292 florente

125 1344 167 1395 est
178 1353 257 1392 mare
269 1341 333 1390 ante
344 1335 482 1406 populum
495 1334 605 1406 lloysis.
621 1334 670 1389 llic
685 1337 781 1388 sancto
795 1333 940 1388 Dominico
986 1334 1106 1406 justitia,
1127 1339 1226 1389 cuncta
1238 1333 1353 1388 subacta
1371 1332 1546 1388 tabescerent
1569 1331 1745 1403 perfidorum
1760 1347 1804 1385 ne·

126 1432 270 1487 ordinatus
289 1427 455 1484 estPetrus¹
468 1429 623 1483 secundum
644 1429 792 1499 Apostolus
813 1427 842 1482 in
864 1429 940 1481 Naro
990 1429 1089 1500 quitia.
1106 1428 1194 1496 Unde,
1212 1427 1338 1496 Domine,
1352 1431 1380 1482 te
1398 1426 1539 1499 supplices
1557 1425 1754 1498 deprecamur,
1772 1424 1803 1478 ti-

126 1527 314 1581 Testamcnto.
343 1522 392 1576 Die
421 1524 516 1576 sancto
546 1521 689 1576 Dominico
718 1538 796 1577 marc
824 1521 942 1593 pedibus
990 1522 1074 1593 bique
1089 1520 1196 1576 devotis
1208 1520 1352 1575 mentibus
1368 1520 1399 1574 in
1416 1520 1468 1574 hac
1486 1519 1531 1574 die
1546 1519 1693 1575 fundimus
1713 1534 1807 1590 preces

126 1618 288 1673 ambularit.
314 1615 362 1670 llic
385 1619 481 1669 sancto
504 1615 647 1670 [lominico
670 1615 793 1687 respexit
812 1615 840 1668 in
867 1619 941 1670 tenu
989 1633 1043 1688 pro
1056 1614 1130 1670 fideli
1144 1613 1253 1669 famulo
1263 1619 1312 1669 tuo
1325 1613 1454 1685 principe
1468 1619 1565 1668 nostro
1577 1613 1620 1668 ill.
1650 1617 1737 1684 atque
1758 1628 1808 1683 pru

127 1711 287 1783 Babylonis,
301 1715 329 1764 et
346 1709 414 1763 vidit
431 1714 488 1763 tres
506 1708 632 1763 civitates
650 1710 790 1778 ardentes,
811 1726 869 1764 una
888 1711 939 1762 lta-
991 1708 1121 1764 universo
1134 1709 1259 1764 exercitu
1272 1707 1358 1762 illius.
1368 1708 1408 1762 lta
1419 1723 1496 1774 eum,
1511 1707 1639 1776 ltomiue,
1650 1723 1704 1779 per
1716 1705 1810 1760 dexte-

126 1805 204 1874 billa,
216 1803 338 1858 secunda
354 1802 513 1874 Rabylonis,
528 1803 612 1856 tertia
631 1802 821 1874 landoglado.
837 1802 981 1877 Babillass
992 1820 1053 1857 ram
1067 1802 1178 1857 virtutis
1188 1806 1243 1857 tuae
1258 1806 1355 1857 contra
1376 1818 1475 1856 omnes
1495 1800 1669 1856 adversarios
1697 1814 1810 1870 semper

127 1898 231 1954 cedunt
250 1897 334 1968 pedes
348 1901 542 1968 peccatorum3
568 1896 715 1967 Rabylonis
734 1896 838 1951 cedunt
857 1896 942 1968 podes
991 1914 1050 1952 esse
1059 1897 1159 1968 jubeas
1172 1913 1237 1951 cum
1247 1894 1400 1967 triumphis
1413 1895 1559 1965 rictorem,
1573 1894 1646 1949 sicut
1665 1893 1810 1966 quondam

127 1993 345 2059 fornicatorum
359 1989 537 2061 Landoglado
557 1990 661 2045 cedunt
674 1991 725 2062 qui
745 1991 943 2045 contradicunt
991 1991 1141 2046 auxiliatus
1154 2007 1184 2046 es
1201 1990 1297 2063 Moysi,
1309 1990 1379 2045 dum
1391 1989 1524 2045 adversus
1535 1989 1666 2044 inimicos
1678 2003 1746 2044 suos
1772 1986 1811 2041 di·

127 2086 212 2140 verbo
235 2084 353 2139 Domini.
389 2083 427 2137 lbi
453 2089 533 2138 sonat
555 2100 618 2138 ossa
640 2084 788 2156 morigcna
813 2090 940 2156 peccato·
992 2085 1108 2155 micans,
1123 2084 1310 2140 llnrbracliia
1322 2084 1398 2138 illius
1416 2087 1585 2139 sustentaret
1598 2098 1688 2154 usque
1702 2082 1809 2137 adves-

128 2197 194 2236 rum
208 2180 231 2246 b,
247 2184 276 2234 et
287 2178 398 2248 linguas
418 2176 520 2232 aridas.
538 2177 640 2232 Omnia
654 2194 841 2250 quacumque
856 2178 943 2233 voluit
991 2196 1089 2252 peram
1098 2197 1107 2249 3
1117 2179 1220 2250 illeque
1232 2177 1341 2234 lumina
1353 2178 1447 2233 levans
1459 2177 1494 2233 ad
1503 2176 1597 2244 caelos,
1613 2192 1680 2231 mox
1694 2180 1724 2230 te
1734 2173 1815 2231 auxi-⁴

129 2274 265 2329 Dominus
283 2272 347 2326 fecit
371 2272 400 2325 in
422 2272 489 2326 calo
509 2274 537 2327 et
555 2272 585 2327 in
604 2276 689 2341 terra,
718 2273 746 2326 iu
768 2272 840 2326 mari
862 2277 890 2326 et
912 2272 942 2326 in
991 2273 1087 2343 liante,
1103 2273 1231 2341 Domine,
1253 2288 1343 2345 usque
1362 2272 1398 2327 ad
1412 2270 1635 2326 internecionem
1656 2285 1724 2324 suos
1743 2284 1807 2340 per·

128 2367 243 2440 abyssis.
252 2364 399 2420 Descendit
411 2365 447 2419 a'd
460 2365 604 2420 infernum
617 2370 645 2421 et
654 2365 755 2421 exinde
770 2365 836 2420 tulit
843 2366 940 2434 Adam,
992 2366 1078 2421 cussit
1087 2370 1172 2438 atque
1185 2366 1336 2436 prostravit
1351 2365 1535 2421 adversarios.
1557 2362 1678 2418 Proinde
1697 2367 1736 2430 te,
1756 2362 1810 2416 llo·

129 2466 157 2518 et
171 2460 272 2516 direxit
285 2475 351 2514 oum
373 2459 403 2513 in
419 2458 590 2530 paradisum,
606 2464 633 2514 et
657 2459 780 2514 restituit
801 2476 868 2514 enm
887 2476 944 2514 una
993 2459 1080 2530 mine,
1094 2460 1213 2515 subnixe
1227 2459 1414 2532 deposcimus,
1424 2463 1457 2515 ut
1469 2459 1562 2513 taliter
1574 2457 1708 2529 princeps
1717 2460 1812 2511 noster

129 2571 195 2611 cum
213 2539 390 2626 patriarchis.
412 2553 508 2608 lterito
523 2553 585 2622 tibi,
607 2553 735 2623 Domine,
753 2553 846 2608 omnis
867 2557 943 2608 terra
993 2555 1023 2608 in
1038 2554 1145 2609 cunctis
1158 2558 1208 2609 tuo
1219 2554 1328 2625 jugiter
1340 2553 1429 2609 fultus
1441 2552 1558 2621 auxilio,
1576 2551 1743 2606 innumeros
1762 2565 1812 2621 per

128 2649 227 2705 adorat
242 2652 268 2702 te
281 2652 309 2703 et
322 2646 481 2701 confitetur.
993 2664 1081 2703 annos
1095 2647 1213 2703 feliciter
1225 2648 1319 2719 rigeat
1332 2647 1362 2702 in
1374 2663 1472 2719 regno.
1485 2649 1537 2702 Per
1548 2645 1714 2701 Dominum.

316 2737 380 2786 ltem
392 2733 548 2786 Contestutio
562 2733 725 2785 dominicalis
736 2748 756 2785 c,
1304 2740 1364 2791 Post
1376 2739 1490 2789 uomina.

165 2820 234 2874 Vere
248 2817 367 2890 dignum
383 2821 410 2871 ct
418 2817 530 2887 justum
544 2819 595 2885 est,
612 2817 791 2888 omnipotens
816 2818 899 2886 fleus,
916 2821 944 2872 te
1030 2824 1196 2878 nominator
1217 2822 1343 2890 Domine,
1357 2823 1407 2894 qui
1425 2820 1588 2893 superstites
1608 2822 1694 2890 atque
1716 2816 1813 2872 detun-

130 2914 298 2985 angelorum
311 2915 407 2983 aptare
421 2909 486 2964 licet
500 2910 547 2963 illa
560 2910 590 2964 in
603 2910 771 2979 caelestibus,
787 2916 814 2965 te
829 2911 859 2965 in
878 2927 943 2982 per·
995 2923 1064 2986 etos,
1086 2917 1157 2972 sicut
1176 2915 1308 2983 volueris,
1328 2915 1487 2971 misericors
1505 2919 1555 2968 tuo
1576 2917 1657 2967 tenes
1679 2911 1709 2965 in
1730 2915 1810 2979 nutu,

130 3007 205 3061 sollis
218 3005 335 3072 irinum,
351 3020 442 3058 unum
457 3003 545 3058 Deum
569 3002 598 3056 ln
619 3004 754 3059 Trinitate
776 3005 835 3059 Sine
861 3020 946 3058 cessa·
994 3012 1090 3067 adesto
1110 3010 1242 3082 precihus
1263 3009 1382 3079 ssosifl83
1408 3014 1437 3063 ut
1459 3009 1624 3064 Sanctorum
1651 3003 1814 3060 nominibus

129 3099 205 3156 tione
218 3097 418 3153 conlaudantes
433 3096 637 3151 demonstrant.
655 3097 707 3152 Sed
725 3102 820 3153 nostra
834 3097 944 3170 exigui·
996 3104 1150 3174 recensitis,
1161 3104 1275 3159 illosum
1286 3104 1396 3159 meritis
1408 3102 1585 3173 adjuvemur,
1599 3104 1686 3172 sique
1699 3099 1762 3153 haes
1775 3114 1814 3152 ss.

129 3199 182 3264 las,
195 3191 338 3264 fertitem
352 3190 465 3262 P¹¹¹vere
479 3189 673 3262 ⁰ll⁰⁰m³0Plfli
690 3192 830 3264 (1⁰⁰1110d0
845 3182 984 3264 polerilC
997 3199 1109 3268 crificia,
1123 3214 1187 3270 quoe
1200 3197 1252 3253 tibi
1264 3197 1420 3267 offerimus,
1434 3200 1462 3252 et
1484 3195 1641 3250 viventibus
1662 3192 1814 3265 proficiant

130 3288 230 3345 deluis
245 3283 588 3356 ineffabilibusoperlbtls,
603 3284 695 3340 saltim
709 3286 889 3357 paucissima,
916 3284 946 3340 in
996 3294 1031 3348 ad
1057 3293 1189 3362 salutem,
1210 3295 1239 3347 et
1264 3291 1404 3347 defunctis
1426 3289 1601 3362 opitulentur
1623 3286 1660 3342 ud
1685 3287 1816 3360 requiem

129 3382 226 3439 laudes
242 3396 373 3454 promere
386 3379 491 3434 vorbat
510 3379 666 3451 prasertim
688 3396 753 3434 cum
772 3380 874 3434 carlum
894 3379 946 3435 tibi
996 3390 1142 3443 sternam,
1161 3386 1208 3441 His
1225 3386 1318 3441 inlatis
1336 3384 1503 3440 muneribus
1523 3383 1656 3455 princeps
1677 3386 1775 3437 noster
1788 3384 1816 3435 et

130 3477 210 3533 8θάθὸ
223 3475 268 3539 Sil»
283 3480 357 3530 lem
369 3478 465 3529 autem
483 3472 635 3527 ⁸⁰⁸be¹¹¹¹m
650 3473 754 3545 Pedum
771 3477 903 3544 ¹¹¹⁰ll¹¹¹13
919 3477 948 3529 Ol
996 3481 1144 3536 universus
1157 3480 1296 3535 exercitus
1310 3479 1386 3534 illius
1403 3479 1433 3534 in
1450 3477 1582 3533 omnibus
1594 3477 1686 3531 victor
1697 3492 1752 3547 ope
1764 3490 1815 3546 po·

131 3571 231 3625 cuncta
244 3568 365 3623 visibilia
378 3573 406 3622 et
418 3565 568 3621 invisibilia
577 3566 685 3638 pugillo
699 3568 879 3636 concludens,
894 3583 946 3639 po·
995 3576 1083 3630 tiatur
1094 3574 1189 3629 divina
1200 3573 1417 3646 deprecantibus
1430 3573 1521 3627 nobis,
1533 3570 1645 3626 Etsieut
1657 3570 1814 3625 olimiosue

131 3663 192 3718 lum
204 3661 296 3733 reples
308 3665 470 3716 sanctorum
484 3660 652 3730 angelorum
671 3662 797 3731 catervis,
817 3662 947 3717 tellurem
997 3670 1066 3725 dum
1079 3668 1182 3740 septies
1195 3684 1260 3723 sum
1274 3667 1349 3723 iubis
1363 3667 1468 3722 moenrs
1482 3666 1582 3722 sis—suit
1595 3664 1719 3734 trieries,
1731 3679 1813 3719 fuss.

132 3773 184 3830 per
197 3756 299 3826 gradus
312 3755 462 3808 hominum
477 3754 589 3808 locatim
604 3752 729 3826 disponis
751 3755 879 3810 mirilice.
902 3755 947 3811 Sic
996 3764 1072 3819 ithus
1087 3763 1176 3817 muris
1189 3761 1252 3817 ilico
1265 3762 1410 3818 victoriam
1424 3761 1499 3832 sepit
1518 3760 1553 3814 us
1579 3758 1649 3814 urbs
1658 3776 1667 3828 3
1688 3758 1738 3827 tus,
1763 3757 1821 3812 us.

132 3865 255 3921 namque
277 3852 304 3903 te
325 3845 473 3902 ordinante
493 3847 595 3918 regalis
614 3849 738 3919 potentia
754 3849 947 3922 principatum
998 3857 1074 3912 mine
1088 3856 1268 3928 omnipotens
1287 3857 1371 3925 Deus,
1394 3858 1507 3910 orantes
1529 3853 1722 3924 deposcimus,
1743 3857 1776 3908 ut
1794 3851 1821 3906 ci

134 3943 207 4018 gerit
218 3942 247 3997 in
261 3942 379 4011 mundo,
390 3941 524 4013 quatinus
537 3941 567 3997 iu
581 3941 688 3996 cunctis
697 3947 725 3997 te
744 3943 833 3998 lleum
851 3945 947 3999 Domi·
998 3952 1047 4024 qui
1062 3950 1184 4006 fortassis
1197 3950 1288 4006 consti
1301 3950 1409 4005 fassust
1423 3947 1559 4022 principis
1572 3946 1664 4001 nostri
1679 3945 1821 4002 contraire

132 4054 203 4095 num
216 4043 244 4093 ot
258 4034 456 4092 auxiliatorem
471 4051 555 4090 suum
574 4051 685 4106 semper
706 4052 765 4092 esse
789 4043 946 4108 cognoscat.
998 4045 1135 4118 impertis,
1158 4044 1210 4099 sub
1223 4044 1343 4117 pedihus
1358 4044 1433 4099 illius
1446 4043 1591 4098 tabescant
1609 4040 1736 4096 felicissi-
1753 4055 1813 4112 prs.

132 4131 261 4203 Proinde,
282 4129 410 4197 Domine,
434 4127 554 4185 subnixe
577 4129 765 4202 deposcimus,
789 4136 820 4186 ut
840 4132 949 4203 prolixa
999 4138 1087 4194 susti,
1102 4140 1215 4205 presta,
1231 4138 1303 4194 [teus
1316 4137 1505 4209 omnipotens,

132 4244 184 4302 per
192 4230 319 4300 tempora
326 4222 415 4281 istoin
426 4224 527 4280 saeculo
540 4223 656 4297 pacifice
666 4224 819 4280 etfeliciter
829 4226 949 4297 principi
1325 4225 1364 4276 Ad
1386 4239 1488 4289 pacem.

133 4327 228 4379 nostro
250 4321 385 4377 concedas
405 4334 536 4391 regnare,
556 4323 584 4374 et
603 4319 772 4391 quandoque
788 4324 852 4391 post
864 4337 951 4376 anno·
1035 4309 1168 4365 Mediam?
1192 4308 1252 4364 012ss
1277 4312 1305 4363 θῐ
1325 4310 1418 4374 ῖθΐῐθθ,
1441 4306 1621 4378 omnipotens
1647 4305 1723 4360 00⁰⁵
1742 4305 1811 4360 lew

132 4432 199 4473 runi
211 4417 301 4472 multa
316 4414 456 4470 curricula
467 4418 590 4486 peracta,
604 4418 699 4469 tecum
708 4418 814 4469 aeterno
829 4419 907 4487 aptes
920 4415 950 4471 in
1000 4403 1135 4469 Christus,
1153 4403 1202 4474 qui
1217 4405 1316 4474 paratu
1329 4406 1414 4473 atque
1427 4400 1544 4472 pacifica
1558 4399 1714 4454 hominum
1727 4395 1813 4469 diligit

133 4509 685 4583 regnaperDominumnostrumlcsum
694 4508 837 4564 Christum
849 4510 950 4566 Filium
1000 4497 1094 4566 ⁰⁰fd³3
1110 4500 1137 4552 le
1151 4495 1289 4568 suPPlices
1304 4495 1504 4567 dflPfflfflmuri
1524 4498 1557 4548 Ul
1574 4509 1630 4565 Pax
1649 4493 1709 4562 illas
1734 4506 1810 4564 (luam

133 4610 226 4674 tuum,
240 4603 286 4658 cui
298 4603 399 4657 merito
411 4619 508 4658 omnes
522 4603 631 4675 trigeti,
647 4608 700 4659 ets,
960 4562 1152 4647 Dionendam
1165 4591 1222 4645 tuis
1239 4589 1378 4662 reliquisti
1393 4587 1538 4661 Apostolis,
1562 4587 1673 4660 jugiter
1696 4601 1814 4659 persero·

366 4707 445 4748 nissi
465 4707 517 4747 ruo
538 4709 665 4750 rnracrra
684 4693 708 4748 d.
1001 4702 1065 4741 rans
1075 4685 1177 4740 nostris
1189 4685 1282 4756 vigeat
1295 4683 1324 4738 in
1337 4683 1487 4738 cordibus:
1502 4687 1530 4737 et
1544 4681 1616 4736 sicut
1631 4681 1720 4737 David
1735 4695 1813 4753 quon·

170 4773 278 4846 Regem
292 4788 403 4844 regum,
418 4775 503 4845 atquc
517 4776 683 4828 cunctorum
698 4775 881 4846 regnantium
901 4774 950 4831 Do
1000 4781 1067 4835 dam
1080 4779 1144 4834 lorti
1158 4794 1245 4833 manu
1258 4777 1353 4850 spurio
1369 4792 1501 4849 percusso
1515 4775 1593 4831 Golia
1608 4791 1711 4848 pacem
1733 4773 1812 4830 Sutilis

134 4870 246 4926 minum
260 4868 350 4922 Deum
362 4866 597 4938 omnipotentem,
611 4867 663 4922 sub
676 4868 756 4939 cujus
770 4874 841 4925 nutu
856 4873 883 4925 et
897 4870 952 4925 vir·
1000 4872 1068 4929 fecit
1078 4873 1109 4928 in
1122 4873 1237 4944 populo,
1252 4872 1290 4927 ita
1302 4871 1435 4945 princeps
1447 4875 1576 4927 nosterte
1588 4869 1749 4942 opitulante
1760 4865 1813 4922 uni·

135 4968 194 5018 tute
210 4963 339 5017 universa
352 4975 439 5032 regna
448 4964 588 5014 terrarum
601 4959 647 5031 pia
656 4962 950 5018 moderationesubsi·
1000 4967 1087 5023 versis
1101 4963 1215 5021 devictis
1228 4966 1354 5038 undique
1368 4961 1633 5037 gentibuspacilice
1655 4962 1813 5020 innumeros

136 5057 225 5124 stunt,
238 5056 338 5110 fratres
351 5052 533 5124 dilectissimi,
552 5054 735 5110 unianimiter
747 5056 949 5129 deprecemur;
1001 5078 1053 5134 per
1065 5077 1152 5117 annos
1167 5077 1216 5115 suo
1228 5057 1347 5115 feliciter
1358 5058 1504 5131 splendeat
1515 5056 1546 5113 in
1560 5073 1662 5131 regno.

138 5158 170 5208 ut
185 5151 343 5225 principem
356 5157 484 5210 nostrum
504 5153 554 5209 tali
566 5153 676 5227 jugiter
695 5157 809 5210 tueatur
834 5155 949 5229 auxilio,
1311 5161 1478 5213 contestatio.

138 5244 214 5319 quali
225 5245 365 5302 Abraham
374 5249 517 5319 quondam
527 5265 592 5304 cum
602 5248 735 5305 trecentis
746 5249 841 5304 decem
850 5256 878 5307 et
890 5256 951 5308 octo
1037 5246 1161 5318 Dignum
1174 5240 1321 5317 eliuslum
1334 5247 1385 5314 est,
1401 5237 1516 5299 ὓῡωὶῐῑθ
1535 5242 1610 5297 ⁰0⁰⁵
1628 5239 1813 5313 omniptllssssb

138 5339 296 5396 vernaculis
314 5341 370 5394 suis
386 5341 420 5396 de
440 5341 566 5415 quinque
589 5344 704 5415 regibus
722 5360 786 5399 cum
804 5343 952 5420 phalangis
1001 5339 1097 5396 laudes
1118 5357 1219 5396 vocum
1232 5343 1405 5409 nostrarum,
1417 5335 1441 5392 si
1452 5337 1554 5403 fasest,
1568 5334 1754 5392 concentibus
1767 5347 1813 5388 an·

138 5432 285 5509 prostratis
308 5433 451 5489 victoriam
464 5437 633 5493 referentem
651 5438 821 5495 mirabiliter
839 5440 954 5499 salvarit
1003 5435 1129 5507 gaiorum
1145 5432 1325 5506 aptare,licct
1337 5431 1378 5488 illi
1389 5431 1420 5487 in
1432 5430 1590 5487 celestibus
1603 5434 1631 5485 te
1641 5427 1673 5485 in
1691 5425 1814 5502 personis

139 5545 204 5585 cum
218 5527 376 5599 triumpho.
391 5528 425 5582 Ut
438 5533 569 5599 nopotem
582 5548 665 5587 suum
681 5533 761 5604 Loth,
779 5534 808 5588 et
827 5532 950 5606 prredam
1002 5529 1120 5597 trinum,
1142 5546 1230 5584 unum
1251 5527 1338 5583 lleum
1359 5520 1388 5582 in
1414 5525 1558 5582 divinitate
1580 5523 1642 5580 sine
1665 5523 1815 5580 cessatione

175 5647 188 5676 ¹
201 5648 245 5704 Sic
259 5645 431 5701 habotrctus
444 5647 597 5716 exi-mplar.
1001 5653 1248 5723 Conteslationem,
1264 5655 1363 5726 inqua
1377 5655 1411 5709 de
1421 5669 1489 5725 rege
1501 5651 1607 5725 agitur,
1623 5649 1782 5706 referimus.

175 5716 460 5788 ¹‘Aulegenduruos
478 5717 640 5789 Amorrtaet,
657 5737 739 5789 genos
756 5727 952 5792 peccatorum?
1037 5728 1146 5783 tlHunc
1168 5728 1292 5794 titulum,
1321 5727 1370 5799 qui
1389 5724 1419 5781 in
1440 5721 1593 5796 exemplari
1621 5719 1712 5793 deest,
1735 5726 1814 5792 atque

157 5802 186 5868 ,ο
207 5781 953 5873 lloclocoanteponitursecundaquidemsedantiquis-
1001 5798 1071 5880 alios
1093 5798 1219 5870 eiusdem
1244 5798 1336 5854 missa
1365 5796 1461 5853 titulos
1479 5793 1685 5879 supplevimus.
1712 5793 1741 5849 ln
1765 5790 1814 5846 hie

130 5873 207 5935 ‚sima
216 5876 314 5939 manu,
328 5879 412 5919 missa
418 5878 471 5938 pro
481 5861 595 5935 regibus
605 5879 611 5916 ε
621 5879 705 5937 qrram
716 5868 779 5941 post
788 5875 951 5939 sequentem
1002 5885 1087 5925 missa
1099 5886 1212 5945 semper
1223 5884 1316 5926 sermo
1328 5872 1370 5924 est
1383 5869 1418 5924 de
1430 5867 1568 5945 principe,
1579 5881 1639 5923 non
1653 5865 1690 5921 de
1703 5877 1780 5951 rege.
