<?xml version="1.0" encoding="UTF-8"?>
<!DOCTYPE html PUBLIC "-//W3C//DTD XHTML 1.0 Transitional//EN"
    "http://www.w3.org/TR/xhtml1/DTD/xhtml1-transitional.dtd">
<html xmlns="http://www.w3.org/1999/xhtml" xml:lang="en" lang="en">
 <head>
  <title>
</title>
<meta http-equiv="Content-Type" content="text/html;charset=utf-8" />
  <meta name='ocr-system' content='tesseract 3.04.00' />
  <meta name='ocr-capabilities' content='ocr_page ocr_carea ocr_par ocr_line ocrx_word'/>
</head>
<body>
  <div class='ocr_page' id='page_1' title='image "./patrologiaecurs00migngoog/patrologiaecurs00migngoog_0509.png"; bbox 0 0 3878 6150; ppageno 0'>
   <div class='ocr_carea' id='block_1_1' title="bbox 123 278 190 340">
    <p class='ocr_par' dir='ltr' id='par_1_1' title="bbox 123 278 190 340">
     <span class='ocr_line' id='line_1_1' title="bbox 123 278 190 340; baseline -0.03 0"><span class='ocrx_word' id='word_1_1' title='bbox 123 278 190 340; x_wconf 81' lang='lat' dir='ltr'>ldut</span> 
     </span>
    </p>
   </div>
   <div class='ocr_carea' id='block_1_2' title="bbox 690 272 1232 333">
    <p class='ocr_par' dir='ltr' id='par_1_2' title="bbox 690 272 1232 333">
     <span class='ocr_line' id='line_1_2' title="bbox 690 272 1232 333; baseline -0.006 -1"><span class='ocrx_word' id='word_1_2' title='bbox 690 275 935 333; x_wconf 70' lang='lat' dir='ltr'>saeuit-sexu</span> <span class='ocrx_word' id='word_1_3' title='bbox 954 272 1232 332; x_wconf 78' lang='lat' dir='ltr'>SUPPLEMENTUM.</span> 
     </span>
    </p>
   </div>
   <div class='ocr_carea' id='block_1_3' title="bbox 1736 277 1800 330">
    <p class='ocr_par' dir='ltr' id='par_1_3' title="bbox 1736 277 1800 330">
     <span class='ocr_line' id='line_1_3' title="bbox 1736 277 1800 330; baseline 0.031 -2"><span class='ocrx_word' id='word_1_4' title='bbox 1736 277 1800 330; x_wconf 78' lang='grc'>1008</span> 
     </span>
    </p>
   </div>
   <div class='ocr_carea' id='block_1_4' title="bbox 121 381 1802 472">
    <p class='ocr_par' dir='ltr' id='par_1_4' title="bbox 121 381 1802 472">
     <span class='ocr_line' id='line_1_4' title="bbox 121 381 1802 472; baseline -0.007 -26"><span class='ocrx_word' id='word_1_5' title='bbox 121 392 205 446; x_wconf 92' lang='lat' dir='ltr'>nobis</span> <span class='ocrx_word' id='word_1_6' title='bbox 219 390 328 446; x_wconf 87' lang='lat' dir='ltr'>sancita</span> <span class='ocrx_word' id='word_1_7' title='bbox 338 393 414 455; x_wconf 91' lang='lat' dir='ltr'>sunt,</span> <span class='ocrx_word' id='word_1_8' title='bbox 427 388 483 443; x_wconf 90' lang='lat' dir='ltr'>sive</span> <span class='ocrx_word' id='word_1_9' title='bbox 499 402 585 458; x_wconf 90' lang='lat' dir='ltr'>super</span> <span class='ocrx_word' id='word_1_10' title='bbox 597 384 786 441; x_wconf 79' lang='lat' dir='ltr'>sanctissimis</span> <span class='ocrx_word' id='word_1_11' title='bbox 796 384 933 452; x_wconf 90' lang='lat' dir='ltr'>ecclesiis,</span> <span class='ocrx_word' id='word_1_12' title='bbox 945 384 1035 472; x_wconf 66' lang='lat' dir='ltr'>Actae</span> <span class='ocrx_word' id='word_1_13' title='bbox 1048 383 1169 455; x_wconf 83' lang='lat' dir='ltr'>praeside</span> <span class='ocrx_word' id='word_1_14' title='bbox 1183 381 1361 436; x_wconf 85' lang='lat' dir='ltr'>audientiam</span> <span class='ocrx_word' id='word_1_15' title='bbox 1375 381 1584 449; x_wconf 87' lang='lat' dir='ltr'>accommodet,</span> <span class='ocrx_word' id='word_1_16' title='bbox 1595 387 1626 436; x_wconf 89' lang='lat' dir='ltr'>et</span> <span class='ocrx_word' id='word_1_17' title='bbox 1636 381 1753 451; x_wconf 89' lang='lat' dir='ltr'>utrique</span> <span class='ocrx_word' id='word_1_18' title='bbox 1761 382 1802 435; x_wconf 81' lang='lat' dir='ltr'>rel</span> 
     </span>
    </p>
   </div>
   <div class='ocr_carea' id='block_1_5' title="bbox 32 470 939 1210">
    <p class='ocr_par' dir='ltr' id='par_1_5' title="bbox 32 470 936 731">
     <span class='ocr_line' id='line_1_5' title="bbox 32 470 936 560; baseline -0.012 -14"><span class='ocrx_word' id='word_1_19' title='bbox 32 470 38 474; x_wconf 27' lang='lat'>²</span> <span class='ocrx_word' id='word_1_20' title='bbox 123 491 181 545; x_wconf 84' lang='lat' dir='ltr'>sive</span> <span class='ocrx_word' id='word_1_21' title='bbox 194 505 280 560; x_wconf 89' lang='lat' dir='ltr'>super</span> <span class='ocrx_word' id='word_1_22' title='bbox 294 489 352 542; x_wconf 87' lang='lat' dir='ltr'>Deo</span> <span class='ocrx_word' id='word_1_23' title='bbox 369 481 699 554; x_wconf 84' lang='lat' dir='ltr'>ainabilibnsepiscopis,</span> <span class='ocrx_word' id='word_1_24' title='bbox 714 482 772 536; x_wconf 89' lang='lat' dir='ltr'>sive</span> <span class='ocrx_word' id='word_1_25' title='bbox 786 498 870 553; x_wconf 90' lang='lat' dir='ltr'>super</span> <span class='ocrx_word' id='word_1_26' title='bbox 883 482 936 535; x_wconf 90' lang='lat' dir='ltr'>cle·</span> 
     </span>
     <span class='ocr_line' id='line_1_6' title="bbox 123 574 935 651; baseline -0.011 -14"><span class='ocrx_word' id='word_1_27' title='bbox 123 583 199 647; x_wconf 88' lang='lat' dir='ltr'>ricis,</span> <span class='ocrx_word' id='word_1_28' title='bbox 216 583 272 636; x_wconf 90' lang='lat' dir='ltr'>sive</span> <span class='ocrx_word' id='word_1_29' title='bbox 293 596 377 651; x_wconf 90' lang='lat' dir='ltr'>super</span> <span class='ocrx_word' id='word_1_30' title='bbox 395 577 545 632; x_wconf 86' lang='lat' dir='ltr'>monachis</span> <span class='ocrx_word' id='word_1_31' title='bbox 565 575 712 647; x_wconf 84' lang='lat' dir='ltr'>propriam</span> <span class='ocrx_word' id='word_1_32' title='bbox 727 576 861 630; x_wconf 86' lang='lat' dir='ltr'>virtutem</span> <span class='ocrx_word' id='word_1_33' title='bbox 884 574 935 629; x_wconf 86' lang='lat' dir='ltr'>ho-</span> 
     </span>
     <span class='ocr_line' id='line_1_7' title="bbox 124 675 267 731; baseline -0.028 0"><span class='ocrx_word' id='word_1_34' title='bbox 124 675 267 731; x_wconf 80' lang='lat' dir='ltr'>bentibus.</span> 
     </span>
    </p>

    <p class='ocr_par' dir='ltr' id='par_1_6' title="bbox 124 761 939 1210">
     <span class='ocr_line' id='line_1_8' title="bbox 159 761 939 836; baseline -0.01 -13"><span class='ocrx_word' id='word_1_35' title='bbox 159 771 217 823; x_wconf 81' lang='grc'>111</span> <span class='ocrx_word' id='word_1_36' title='bbox 239 766 327 836; x_wconf 90' lang='lat' dir='ltr'>igitur</span> <span class='ocrx_word' id='word_1_37' title='bbox 346 764 508 819; x_wconf 77' lang='lat' dir='ltr'>eminentia</span> <span class='ocrx_word' id='word_1_38' title='bbox 527 779 590 834; x_wconf 75' lang='lat' dir='ltr'>que</span> <span class='ocrx_word' id='word_1_39' title='bbox 613 762 783 834; x_wconf 88' lang='lat' dir='ltr'>placuerunt</span> <span class='ocrx_word' id='word_1_40' title='bbox 801 761 892 829; x_wconf 90' lang='lat' dir='ltr'>nobis,</span> <span class='ocrx_word' id='word_1_41' title='bbox 910 767 939 815; x_wconf 87' lang='lat' dir='ltr'>et</span> 
     </span>
     <span class='ocr_line' id='line_1_9' title="bbox 124 857 939 933; baseline -0.01 -18"><span class='ocrx_word' id='word_1_42' title='bbox 124 877 176 933; x_wconf 91' lang='lat' dir='ltr'>per</span> <span class='ocrx_word' id='word_1_43' title='bbox 185 860 379 914; x_wconf 87' lang='lat' dir='ltr'>hancsacram</span> <span class='ocrx_word' id='word_1_44' title='bbox 390 857 536 911; x_wconf 88' lang='lat' dir='ltr'>declarata</span> <span class='ocrx_word' id='word_1_45' title='bbox 546 857 726 925; x_wconf 86' lang='lat' dir='ltr'>suntlogem,</span> <span class='ocrx_word' id='word_1_46' title='bbox 734 870 939 925; x_wconf 87' lang='lat' dir='ltr'>perprogram-</span> 
     </span>
     <span class='ocr_line' id='line_1_10' title="bbox 125 946 939 1024; baseline -0.012 -15"><span class='ocrx_word' id='word_1_47' title='bbox 125 956 204 1009; x_wconf 90' lang='lat' dir='ltr'>mata</span> <span class='ocrx_word' id='word_1_48' title='bbox 216 951 492 1024; x_wconf 87' lang='lat' dir='ltr'>propriamanifesta</span> <span class='ocrx_word' id='word_1_49' title='bbox 501 949 588 1005; x_wconf 87' lang='lat' dir='ltr'>faciat</span> <span class='ocrx_word' id='word_1_50' title='bbox 598 948 746 1014; x_wconf 91' lang='lat' dir='ltr'>universis,</span> <span class='ocrx_word' id='word_1_51' title='bbox 758 946 825 1001; x_wconf 90' lang='lat' dir='ltr'>etin</span> <span class='ocrx_word' id='word_1_52' title='bbox 839 963 939 1018; x_wconf 85' lang='lat' dir='ltr'>perpe·</span> 
     </span>
     <span class='ocr_line' id='line_1_11' title="bbox 125 1040 938 1111; baseline -0.01 -10"><span class='ocrx_word' id='word_1_53' title='bbox 125 1051 208 1101; x_wconf 92' lang='lat' dir='ltr'>tuum</span> <span class='ocrx_word' id='word_1_54' title='bbox 229 1045 342 1100; x_wconf 76' lang='lat' dir='ltr'>studeat</span> <span class='ocrx_word' id='word_1_55' title='bbox 363 1043 509 1099; x_wconf 90' lang='lat' dir='ltr'>custodiri.</span> <span class='ocrx_word' id='word_1_56' title='bbox 529 1044 592 1097; x_wconf 86' lang='lat' dir='ltr'>Dat.</span> <span class='ocrx_word' id='word_1_57' title='bbox 612 1058 648 1096; x_wconf 81' lang='lat' dir='ltr'>xv</span> <span class='ocrx_word' id='word_1_58' title='bbox 666 1041 727 1095; x_wconf 88' lang='lat' dir='ltr'>Kal.</span> <span class='ocrx_word' id='word_1_59' title='bbox 747 1040 846 1111; x_wconf 84' lang='lat' dir='ltr'>April,</span> <span class='ocrx_word' id='word_1_60' title='bbox 863 1041 938 1095; x_wconf 90' lang='lat' dir='ltr'>Con·</span> 
     </span>
     <span class='ocr_line' id='line_1_12' title="bbox 126 1133 938 1210; baseline -0.009 -16"><span class='ocrx_word' id='word_1_61' title='bbox 126 1139 293 1210; x_wconf 89' lang='lat' dir='ltr'>stantinop.,</span> <span class='ocrx_word' id='word_1_62' title='bbox 310 1137 380 1209; x_wconf 87' lang='lat' dir='ltr'>imp.</span> <span class='ocrx_word' id='word_1_63' title='bbox 395 1137 424 1192; x_wconf 92' lang='lat' dir='ltr'>d.</span> <span class='ocrx_word' id='word_1_64' title='bbox 439 1155 467 1191; x_wconf 92' lang='lat' dir='ltr'>n.</span> <span class='ocrx_word' id='word_1_65' title='bbox 481 1135 647 1193; x_wconf 67' lang='grc'>11111111.</span> <span class='ocrx_word' id='word_1_66' title='bbox 660 1137 745 1205; x_wconf 71' lang='lat' dir='ltr'>Aug„</span> <span class='ocrx_word' id='word_1_67' title='bbox 759 1133 864 1189; x_wconf 77' lang='lat' dir='ltr'>Arione</span> <span class='ocrx_word' id='word_1_68' title='bbox 877 1150 903 1188; x_wconf 84' lang='lat' dir='ltr'>v.</span> <span class='ocrx_word' id='word_1_69' title='bbox 913 1149 938 1187; x_wconf 91' lang='lat' dir='ltr'>c.</span> 
     </span>
    </p>
   </div>
   <div class='ocr_carea' id='block_1_6' title="bbox 127 1248 691 1354">
    <p class='ocr_par' dir='ltr' id='par_1_7' title="bbox 127 1248 691 1354">
     <span class='ocr_line' id='line_1_13' title="bbox 127 1248 691 1354; baseline -0.005 1"><span class='ocrx_word' id='word_1_70' title='bbox 127 1248 205 1287; x_wconf 47' lang='lat'>⁰⁰⁰⁸</span> <span class='ocrx_word' id='word_1_71' title='bbox 383 1292 691 1354; x_wconf 76' lang='lat' dir='ltr'>NOVELLAthtxvt.&#39;</span> 
     </span>
    </p>
   </div>
   <div class='ocr_carea' id='block_1_7' title="bbox 231 1393 842 1439">
    <p class='ocr_par' dir='ltr' id='par_1_8' title="bbox 231 1393 842 1439">
     <span class='ocr_line' id='line_1_14' title="bbox 231 1393 842 1439; baseline -0.011 -2"><span class='ocrx_word' id='word_1_72' title='bbox 231 1396 407 1439; x_wconf 67' lang='lat' dir='ltr'>iurumrouls</span> <span class='ocrx_word' id='word_1_73' title='bbox 423 1396 573 1436; x_wconf 76' lang='lat' dir='ltr'>Jt&#39;SlelANl</span> <span class='ocrx_word' id='word_1_74' title='bbox 586 1394 702 1435; x_wconf 79' lang='lat' dir='ltr'>AUGUSTI</span> <span class='ocrx_word' id='word_1_75' title='bbox 716 1393 842 1434; x_wconf 79' lang='lat' dir='ltr'><strong>EDICTUM.</strong></span> 
     </span>
    </p>
   </div>
   <div class='ocr_carea' id='block_1_8' title="bbox 131 1468 942 1613">
    <p class='ocr_par' dir='ltr' id='par_1_9' title="bbox 131 1468 942 1613">
     <span class='ocr_line' id='line_1_15' title="bbox 131 1468 938 1547; baseline -0.014 -14"><span class='ocrx_word' id='word_1_76' title='bbox 131 1479 166 1533; x_wconf 86' lang='lat' dir='ltr'>Ut</span> <span class='ocrx_word' id='word_1_77' title='bbox 176 1476 317 1547; x_wconf 80' lang='lat' dir='ltr'>presides,</span> <span class='ocrx_word' id='word_1_78' title='bbox 332 1477 382 1542; x_wconf 85' lang='lat' dir='ltr'>qui</span> <span class='ocrx_word' id='word_1_79' title='bbox 394 1474 594 1544; x_wconf 79' lang='lat' dir='ltr'>interpellantis</span> <span class='ocrx_word' id='word_1_80' title='bbox 613 1473 732 1540; x_wconf 77' lang='lat' dir='ltr'>utlequtu</span> <span class='ocrx_word' id='word_1_81' title='bbox 747 1470 844 1524; x_wconf 83' lang='lat' dir='ltr'>audire</span> <span class='ocrx_word' id='word_1_82' title='bbox 861 1468 938 1538; x_wconf 73' lang='lat' dir='ltr'>diffe-</span> 
     </span>
     <span class='ocr_line' id='line_1_16' title="bbox 164 1541 942 1613; baseline -0.01 -12"><span class='ocrx_word' id='word_1_83' title='bbox 164 1553 239 1607; x_wconf 84' lang='lat' dir='ltr'>runt,</span> <span class='ocrx_word' id='word_1_84' title='bbox 255 1546 450 1613; x_wconf 84' lang='lat' dir='ltr'>compellentur</span> <span class='ocrx_word' id='word_1_85' title='bbox 467 1545 498 1598; x_wconf 83' lang='lat' dir='ltr'>td</span> <span class='ocrx_word' id='word_1_86' title='bbox 510 1547 601 1609; x_wconf 79' lang='lat' dir='ltr'>secere</span> <span class='ocrx_word' id='word_1_87' title='bbox 613 1545 647 1597; x_wconf 87' lang='lat' dir='ltr'>ub</span> <span class='ocrx_word' id='word_1_88' title='bbox 666 1544 804 1611; x_wconf 82' lang='lat' dir='ltr'>episcopis.</span> <span class='ocrx_word' id='word_1_89' title='bbox 826 1543 860 1595; x_wconf 85' lang='lat' dir='ltr'>Et</span> <span class='ocrx_word' id='word_1_90' title='bbox 874 1545 905 1593; x_wconf 90' lang='lat' dir='ltr'>ut</span> <span class='ocrx_word' id='word_1_91' title='bbox 917 1541 942 1593; x_wconf 83' lang='lat' dir='ltr'>sr&#39;</span> 
     </span>
    </p>
   </div>
   <div class='ocr_carea' id='block_1_9' title="bbox 987 473 1808 1570">
    <p class='ocr_par' dir='ltr' id='par_1_10' title="bbox 987 473 1808 1570">
     <span class='ocr_line' id='line_1_17' title="bbox 987 473 1803 545; baseline -0.004 -14"><span class='ocrx_word' id='word_1_92' title='bbox 987 477 1130 531; x_wconf 80' lang='lat' dir='ltr'>amicabili</span> <span class='ocrx_word' id='word_1_93' title='bbox 1149 474 1346 530; x_wconf 85' lang='lat' dir='ltr'>conciliatione</span> <span class='ocrx_word' id='word_1_94' title='bbox 1367 477 1552 530; x_wconf 78' lang='lat' dir='ltr'>controversa</span> <span class='ocrx_word' id='word_1_95' title='bbox 1568 474 1745 545; x_wconf 76' lang='lat' dir='ltr'>transigant,</span> <span class='ocrx_word' id='word_1_96' title='bbox 1763 473 1803 528; x_wconf 75' lang='lat' dir='ltr'>rel</span> 
     </span>
     <span class='ocr_line' id='line_1_18' title="bbox 987 566 1802 641; baseline -0.005 -17"><span class='ocrx_word' id='word_1_97' title='bbox 987 569 1264 641; x_wconf 85' lang='lat' dir='ltr'>perannotationem</span> <span class='ocrx_word' id='word_1_98' title='bbox 1274 568 1378 639; x_wconf 91' lang='lat' dir='ltr'>scripto</span> <span class='ocrx_word' id='word_1_99' title='bbox 1385 569 1637 640; x_wconf 84' lang='lat' dir='ltr'>comprehensam,</span> <span class='ocrx_word' id='word_1_100' title='bbox 1647 570 1698 621; x_wconf 88' lang='lat' dir='ltr'>aut</span> <span class='ocrx_word' id='word_1_101' title='bbox 1709 566 1802 637; x_wconf 86' lang='lat' dir='ltr'>cogni·</span> 
     </span>
     <span class='ocr_line' id='line_1_19' title="bbox 987 659 1802 733; baseline -0.002 -16"><span class='ocrx_word' id='word_1_102' title='bbox 987 663 1133 717; x_wconf 87' lang='lat' dir='ltr'>tionaliter</span> <span class='ocrx_word' id='word_1_103' title='bbox 1147 663 1308 732; x_wconf 84' lang='lat' dir='ltr'>disceptent</span> <span class='ocrx_word' id='word_1_104' title='bbox 1322 678 1357 715; x_wconf 88' lang='lat' dir='ltr'>ca</span> <span class='ocrx_word' id='word_1_105' title='bbox 1373 661 1525 733; x_wconf 90' lang='lat' dir='ltr'>dequibus</span> <span class='ocrx_word' id='word_1_106' title='bbox 1546 661 1622 715; x_wconf 85' lang='lat' dir='ltr'>inter</span> <span class='ocrx_word' id='word_1_107' title='bbox 1641 659 1802 730; x_wconf 79' lang='lat' dir='ltr'>litigatores</span> 
     </span>
     <span class='ocr_line' id='line_1_20' title="bbox 988 753 1802 824; baseline -0.005 -14"><span class='ocrx_word' id='word_1_108' title='bbox 988 756 1133 810; x_wconf 89' lang='lat' dir='ltr'>contentio</span> <span class='ocrx_word' id='word_1_109' title='bbox 1146 758 1197 823; x_wconf 90' lang='lat' dir='ltr'>est,</span> <span class='ocrx_word' id='word_1_110' title='bbox 1211 758 1240 809; x_wconf 90' lang='lat' dir='ltr'>et</span> <span class='ocrx_word' id='word_1_111' title='bbox 1253 770 1345 809; x_wconf 85' lang='lat' dir='ltr'>causae</span> <span class='ocrx_word' id='word_1_112' title='bbox 1360 754 1485 808; x_wconf 89' lang='lat' dir='ltr'>formam</span> <span class='ocrx_word' id='word_1_113' title='bbox 1499 753 1636 824; x_wconf 89' lang='lat' dir='ltr'>dentjuri</span> <span class='ocrx_word' id='word_1_114' title='bbox 1650 757 1681 807; x_wconf 89' lang='lat' dir='ltr'>et</span> <span class='ocrx_word' id='word_1_115' title='bbox 1692 753 1802 822; x_wconf 87' lang='lat' dir='ltr'>legibus</span> 
     </span>
     <span class='ocr_line' id='line_1_21' title="bbox 989 845 1804 918; baseline -0.004 -14"><span class='ocrx_word' id='word_1_116' title='bbox 989 848 1217 915; x_wconf 89' lang='lat' dir='ltr'>convenientem,</span> <span class='ocrx_word' id='word_1_117' title='bbox 1237 864 1274 902; x_wconf 91' lang='lat' dir='ltr'>ne</span> <span class='ocrx_word' id='word_1_118' title='bbox 1293 864 1345 918; x_wconf 88' lang='lat' dir='ltr'>per</span> <span class='ocrx_word' id='word_1_119' title='bbox 1366 846 1534 918; x_wconf 85' lang='lat' dir='ltr'>hujusmodi</span> <span class='ocrx_word' id='word_1_120' title='bbox 1557 862 1678 901; x_wconf 88' lang='lat' dir='ltr'>causam</span> <span class='ocrx_word' id='word_1_121' title='bbox 1701 845 1804 901; x_wconf 91' lang='lat' dir='ltr'>subditi</span> 
     </span>
     <span class='ocr_line' id='line_1_22' title="bbox 988 939 1804 1011; baseline -0.005 -16"><span class='ocrx_word' id='word_1_122' title='bbox 988 941 1079 995; x_wconf 90' lang='lat' dir='ltr'>nostri</span> <span class='ocrx_word' id='word_1_123' title='bbox 1104 958 1156 995; x_wconf 91' lang='lat' dir='ltr'>sna</span> <span class='ocrx_word' id='word_1_124' title='bbox 1175 943 1315 1011; x_wconf 83' lang='lat' dir='ltr'>cogantur</span> <span class='ocrx_word' id='word_1_125' title='bbox 1330 939 1466 994; x_wconf 85' lang='lat' dir='ltr'>excedere</span> <span class='ocrx_word' id='word_1_126' title='bbox 1490 939 1592 1010; x_wconf 86' lang='lat' dir='ltr'>patria.</span> <span class='ocrx_word' id='word_1_127' title='bbox 1610 939 1759 994; x_wconf 73' lang='lat' dir='ltr'>Ceterum</span> <span class='ocrx_word' id='word_1_128' title='bbox 1782 939 1804 992; x_wconf 92' lang='lat' dir='ltr'>si</span> 
     </span>
     <span class='ocr_line' id='line_1_23' title="bbox 990 1031 1804 1105; baseline -0.004 -17"><span class='ocrx_word' id='word_1_129' title='bbox 990 1033 1053 1105; x_wconf 91' lang='lat' dir='ltr'>quis</span> <span class='ocrx_word' id='word_1_130' title='bbox 1061 1038 1138 1088; x_wconf 91' lang='lat' dir='ltr'>ratus</span> <span class='ocrx_word' id='word_1_131' title='bbox 1145 1034 1409 1105; x_wconf 87' lang='lat' dir='ltr'>qualemcunquese</span> <span class='ocrx_word' id='word_1_132' title='bbox 1417 1032 1551 1086; x_wconf 89' lang='lat' dir='ltr'>adversus</span> <span class='ocrx_word' id='word_1_133' title='bbox 1560 1031 1804 1104; x_wconf 86' lang='lat' dir='ltr'>aliquemhabere</span> 
     </span>
     <span class='ocr_line' id='line_1_24' title="bbox 990 1124 1806 1198; baseline -0.005 -16"><span class='ocrx_word' id='word_1_134' title='bbox 990 1128 1145 1194; x_wconf 84' lang='lat' dir='ltr'>actionem,</span> <span class='ocrx_word' id='word_1_135' title='bbox 1162 1143 1256 1198; x_wconf 88' lang='lat' dir='ltr'>neque</span> <span class='ocrx_word' id='word_1_136' title='bbox 1271 1126 1462 1181; x_wconf 91' lang='lat' dir='ltr'>clarissimum</span> <span class='ocrx_word' id='word_1_137' title='bbox 1480 1125 1630 1197; x_wconf 76' lang='lat' dir='ltr'>provinciae</span> <span class='ocrx_word' id='word_1_138' title='bbox 1650 1124 1806 1196; x_wconf 73' lang='lat' dir='ltr'>presidem</span> 
     </span>
     <span class='ocr_line' id='line_1_25' title="bbox 989 1218 1807 1293; baseline -0.001 -19"><span class='ocrx_word' id='word_1_139' title='bbox 989 1220 1084 1287; x_wconf 86' lang='lat' dir='ltr'>adeat,</span> <span class='ocrx_word' id='word_1_140' title='bbox 1109 1236 1206 1293; x_wconf 57' lang='lat' dir='ltr'>&gt;neque</span> <span class='ocrx_word' id='word_1_141' title='bbox 1230 1220 1393 1291; x_wconf 86' lang='lat' dir='ltr'>alloquatur</span> <span class='ocrx_word' id='word_1_142' title='bbox 1415 1218 1665 1290; x_wconf 89' lang='lat' dir='ltr'>religiosissimum</span> <span class='ocrx_word' id='word_1_143' title='bbox 1689 1218 1807 1273; x_wconf 77' lang='lat' dir='ltr'>civitatis</span> 
     </span>
     <span class='ocr_line' id='line_1_26' title="bbox 992 1313 1807 1384; baseline -0.001 -18"><span class='ocrx_word' id='word_1_144' title='bbox 992 1313 1165 1384; x_wconf 86' lang='lat' dir='ltr'>episcopum,</span> <span class='ocrx_word' id='word_1_145' title='bbox 1177 1317 1262 1384; x_wconf 87' lang='lat' dir='ltr'>atquo</span> <span class='ocrx_word' id='word_1_146' title='bbox 1283 1313 1320 1367; x_wconf 89' lang='lat' dir='ltr'>ita</span> <span class='ocrx_word' id='word_1_147' title='bbox 1335 1313 1538 1384; x_wconf 82' lang='lat' dir='ltr'>progrediatur</span> <span class='ocrx_word' id='word_1_148' title='bbox 1552 1313 1609 1368; x_wconf 88' lang='lat' dir='ltr'>buc</span> <span class='ocrx_word' id='word_1_149' title='bbox 1625 1313 1690 1368; x_wconf 89' lang='lat' dir='ltr'>sine</span> <span class='ocrx_word' id='word_1_150' title='bbox 1708 1313 1807 1366; x_wconf 87' lang='lat' dir='ltr'>litteris</span> 
     </span>
     <span class='ocr_line' id='line_1_27' title="bbox 990 1406 1808 1479; baseline -0.002 -19"><span class='ocrx_word' id='word_1_151' title='bbox 990 1406 1196 1477; x_wconf 85' lang='lat' dir='ltr'>religiosissimi</span> <span class='ocrx_word' id='word_1_152' title='bbox 1209 1406 1346 1479; x_wconf 89' lang='lat' dir='ltr'>episcopi,</span> <span class='ocrx_word' id='word_1_153' title='bbox 1358 1409 1453 1461; x_wconf 89' lang='lat' dir='ltr'>certos</span> <span class='ocrx_word' id='word_1_154' title='bbox 1463 1410 1523 1461; x_wconf 90' lang='lat' dir='ltr'>esto</span> <span class='ocrx_word' id='word_1_155' title='bbox 1532 1406 1652 1461; x_wconf 89' lang='lat' dir='ltr'>easdem</span> <span class='ocrx_word' id='word_1_156' title='bbox 1666 1422 1699 1460; x_wconf 92' lang='lat' dir='ltr'>se</span> <span class='ocrx_word' id='word_1_157' title='bbox 1712 1421 1808 1477; x_wconf 74' lang='lat' dir='ltr'>peenas</span> 
     </span>
     <span class='ocr_line' id='line_1_28' title="bbox 990 1498 1806 1570; baseline 0 -18"><span class='ocrx_word' id='word_1_158' title='bbox 990 1498 1151 1554; x_wconf 89' lang='lat' dir='ltr'>subiturum</span> <span class='ocrx_word' id='word_1_159' title='bbox 1165 1516 1236 1570; x_wconf 92' lang='lat' dir='ltr'>quas</span> <span class='ocrx_word' id='word_1_160' title='bbox 1246 1499 1547 1570; x_wconf 78' lang='lat' dir='ltr'>sustinuissetprreses,</span> <span class='ocrx_word' id='word_1_161' title='bbox 1555 1500 1579 1553; x_wconf 93' lang='lat' dir='ltr'>si</span> <span class='ocrx_word' id='word_1_162' title='bbox 1587 1499 1623 1553; x_wconf 91' lang='lat' dir='ltr'>ab</span> <span class='ocrx_word' id='word_1_163' title='bbox 1632 1498 1698 1570; x_wconf 93' lang='lat' dir='ltr'>ipso</span> <span class='ocrx_word' id='word_1_164' title='bbox 1705 1498 1806 1567; x_wconf 88' lang='lat' dir='ltr'>aditus,</span> 
     </span>
    </p>
   </div>
   <div class='ocr_carea' id='block_1_10' title="bbox 164 1591 1805 1688">
    <p class='ocr_par' dir='ltr' id='par_1_11' title="bbox 164 1591 1805 1688">
     <span class='ocr_line' id='line_1_29' title="bbox 164 1591 1805 1688; baseline -0.007 -17"><span class='ocrx_word' id='word_1_165' title='bbox 164 1619 224 1688; x_wconf 83' lang='lat' dir='ltr'>quis</span> <span class='ocrx_word' id='word_1_166' title='bbox 234 1615 374 1686; x_wconf 75' lang='lat' dir='ltr'>presidem</span> <span class='ocrx_word' id='word_1_167' title='bbox 385 1621 536 1684; x_wconf 85' lang='lat' dir='ltr'>suspectum</span> <span class='ocrx_word' id='word_1_168' title='bbox 548 1616 637 1676; x_wconf 83' lang='lat' dir='ltr'>tutet,</span> <span class='ocrx_word' id='word_1_169' title='bbox 653 1614 869 1680; x_wconf 75' lang='lat' dir='ltr'>incognitionem</span> <span class='ocrx_word' id='word_1_170' title='bbox 886 1612 941 1665; x_wconf 83' lang='lat' dir='ltr'>titis</span> <span class='ocrx_word' id='word_1_171' title='bbox 987 1591 1035 1663; x_wconf 70' lang='grc'>1115</span> <span class='ocrx_word' id='word_1_172' title='bbox 1050 1592 1187 1647; x_wconf 69' lang='grc'>1111511111</span> <span class='ocrx_word' id='word_1_173' title='bbox 1203 1593 1276 1647; x_wconf 68' lang='grc'>111111</span> <span class='ocrx_word' id='word_1_174' title='bbox 1291 1609 1351 1647; x_wconf 80' lang='grc'>11011</span> <span class='ocrx_word' id='word_1_175' title='bbox 1366 1592 1531 1647; x_wconf 64' lang='grc' dir='ltr'>511111ῑὸ511·</span> <span class='ocrx_word' id='word_1_176' title='bbox 1548 1593 1615 1647; x_wconf 66' lang='lat'>5⁸³⁰</span> <span class='ocrx_word' id='word_1_177' title='bbox 1630 1595 1732 1646; x_wconf 66' lang='grc'>11111111</span> <span class='ocrx_word' id='word_1_178' title='bbox 1746 1608 1805 1645; x_wconf 82' lang='grc'>11111·</span> 
     </span>
    </p>
   </div>
   <div class='ocr_carea' id='block_1_11' title="bbox 129 1684 949 3807">
    <p class='ocr_par' dir='ltr' id='par_1_12' title="bbox 164 1684 942 1755">
     <span class='ocr_line' id='line_1_30' title="bbox 164 1684 942 1755; baseline -0.009 -13"><span class='ocrx_word' id='word_1_179' title='bbox 164 1688 293 1743; x_wconf 80' lang='lat' dir='ltr'>adhibeat</span> <span class='ocrx_word' id='word_1_180' title='bbox 303 1689 434 1755; x_wconf 74' lang='lat' dir='ltr'>sociatque</span> <span class='ocrx_word' id='word_1_181' title='bbox 448 1689 529 1739; x_wconf 82' lang='lat' dir='ltr'>etium</span> <span class='ocrx_word' id='word_1_182' title='bbox 539 1687 657 1739; x_wconf 80' lang='lat' dir='ltr'>ciuitatis</span> <span class='ocrx_word' id='word_1_183' title='bbox 667 1686 828 1752; x_wconf 83' lang='lat' dir='ltr'>episcopum.</span> <span class='ocrx_word' id='word_1_184' title='bbox 836 1684 901 1737; x_wconf 89' lang='lat' dir='ltr'>ltem</span> <span class='ocrx_word' id='word_1_185' title='bbox 911 1686 942 1735; x_wconf 91' lang='lat' dir='ltr'>ut</span> 
     </span>
    </p>

    <p class='ocr_par' dir='ltr' id='par_1_13' title="bbox 165 1753 940 1830">
     <span class='ocr_line' id='line_1_31' title="bbox 165 1753 940 1830; baseline -0.009 -18"><span class='ocrx_word' id='word_1_186' title='bbox 165 1760 213 1830; x_wconf 87' lang='lat' dir='ltr'>qut</span> <span class='ocrx_word' id='word_1_187' title='bbox 231 1774 247 1811; x_wconf 87' lang='lat' dir='ltr'>u</span> <span class='ocrx_word' id='word_1_188' title='bbox 264 1757 380 1826; x_wconf 77' lang='lat' dir='ltr'>preside</span> <span class='ocrx_word' id='word_1_189' title='bbox 402 1757 569 1824; x_wconf 77' lang='lat' dir='ltr'>offensionem</span> <span class='ocrx_word' id='word_1_190' title='bbox 590 1757 737 1823; x_wconf 69' lang='lat' dir='ltr'>potirentur</span> <span class='ocrx_word' id='word_1_191' title='bbox 753 1758 779 1807; x_wconf 88' lang='lat' dir='ltr'>ct</span> <span class='ocrx_word' id='word_1_192' title='bbox 800 1753 940 1821; x_wconf 84' lang='lat' dir='ltr'>injuriam,</span> 
     </span>
    </p>

    <p class='ocr_par' dir='ltr' id='par_1_14' title="bbox 164 1824 944 1895">
     <span class='ocr_line' id='line_1_32' title="bbox 164 1824 944 1895; baseline -0.009 -12"><span class='ocrx_word' id='word_1_193' title='bbox 164 1830 266 1884; x_wconf 82' lang='lat' dir='ltr'>adeant</span> <span class='ocrx_word' id='word_1_194' title='bbox 280 1843 311 1880; x_wconf 88' lang='lat' dir='ltr'>eu</span> <span class='ocrx_word' id='word_1_195' title='bbox 326 1827 358 1880; x_wconf 90' lang='lat' dir='ltr'>de</span> <span class='ocrx_word' id='word_1_196' title='bbox 367 1842 396 1880; x_wconf 88' lang='lat' dir='ltr'>re</span> <span class='ocrx_word' id='word_1_197' title='bbox 409 1828 570 1895; x_wconf 83' lang='lat' dir='ltr'>episcopum.</span> <span class='ocrx_word' id='word_1_198' title='bbox 581 1828 670 1894; x_wconf 84' lang='lat' dir='ltr'>Deque</span> <span class='ocrx_word' id='word_1_199' title='bbox 684 1825 742 1878; x_wconf 85' lang='lat' dir='ltr'>ulto</span> <span class='ocrx_word' id='word_1_200' title='bbox 754 1824 869 1882; x_wconf 84' lang='lat' dir='ltr'>cautela,</span> <span class='ocrx_word' id='word_1_201' title='bbox 884 1838 944 1892; x_wconf 80' lang='lat' dir='ltr'>qua</span> 
     </span>
    </p>

    <p class='ocr_par' dir='ltr' id='par_1_15' title="bbox 165 1894 944 1967">
     <span class='ocr_line' id='line_1_33' title="bbox 165 1894 944 1967; baseline -0.008 -14"><span class='ocrx_word' id='word_1_202' title='bbox 165 1900 199 1954; x_wconf 84' lang='lat' dir='ltr'>ab</span> <span class='ocrx_word' id='word_1_203' title='bbox 213 1899 343 1967; x_wconf 82' lang='lat' dir='ltr'>episcopis</span> <span class='ocrx_word' id='word_1_204' title='bbox 361 1899 467 1951; x_wconf 84' lang='lat' dir='ltr'>omniuo</span> <span class='ocrx_word' id='word_1_205' title='bbox 484 1898 663 1958; x_wconf 81' lang='lat' dir='ltr'>corroborari,</span> <span class='ocrx_word' id='word_1_206' title='bbox 681 1897 740 1964; x_wconf 74' lang='lat' dir='ltr'>fieri</span> <span class='ocrx_word' id='word_1_207' title='bbox 753 1910 815 1949; x_wconf 85' lang='lat' dir='ltr'>cero</span> <span class='ocrx_word' id='word_1_208' title='bbox 832 1894 909 1948; x_wconf 85' lang='lat' dir='ltr'>debet</span> <span class='ocrx_word' id='word_1_209' title='bbox 926 1909 944 1948; x_wconf 84' lang='lat' dir='ltr'>a</span> 
     </span>
    </p>

    <p class='ocr_par' dir='ltr' id='par_1_16' title="bbox 162 1968 335 2040">
     <span class='ocr_line' id='line_1_34' title="bbox 162 1968 335 2040; baseline -0.017 -16"><span class='ocrx_word' id='word_1_210' title='bbox 162 1968 335 2040; x_wconf 75' lang='lat' dir='ltr'>presidibus.</span> 
     </span>
    </p>

    <p class='ocr_par' dir='ltr' id='par_1_17' title="bbox 129 2058 949 3807">
     <span class='ocr_line' id='line_1_35' title="bbox 164 2058 942 2132; baseline -0.003 -16"><span class='ocrx_word' id='word_1_211' title='bbox 164 2063 202 2116; x_wconf 83' lang='lat' dir='ltr'>Er</span> <span class='ocrx_word' id='word_1_212' title='bbox 218 2078 275 2132; x_wconf 91' lang='lat' dir='ltr'>quo</span> <span class='ocrx_word' id='word_1_213' title='bbox 292 2062 364 2116; x_wconf 87' lang='lat' dir='ltr'>Deus</span> <span class='ocrx_word' id='word_1_214' title='bbox 381 2078 432 2115; x_wconf 90' lang='lat' dir='ltr'>nos</span> <span class='ocrx_word' id='word_1_215' title='bbox 448 2061 645 2127; x_wconf 81' lang='lat' dir='ltr'>Romanorum</span> <span class='ocrx_word' id='word_1_216' title='bbox 665 2058 793 2130; x_wconf 82' lang='lat' dir='ltr'>praefecit</span> <span class='ocrx_word' id='word_1_217' title='bbox 810 2058 942 2130; x_wconf 86' lang='lat' dir='ltr'>imperio,</span> 
     </span>
     <span class='ocr_line' id='line_1_36' title="bbox 131 2151 945 2226; baseline -0.005 -17"><span class='ocrx_word' id='word_1_218' title='bbox 131 2171 246 2226; x_wconf 89' lang='lat' dir='ltr'>semper</span> <span class='ocrx_word' id='word_1_219' title='bbox 258 2171 372 2209; x_wconf 90' lang='lat' dir='ltr'>summo</span> <span class='ocrx_word' id='word_1_220' title='bbox 380 2153 676 2221; x_wconf 88' lang='lat' dir='ltr'>elaboramosstudio,</span> <span class='ocrx_word' id='word_1_221' title='bbox 686 2155 718 2207; x_wconf 92' lang='lat' dir='ltr'>ut</span> <span class='ocrx_word' id='word_1_222' title='bbox 728 2152 827 2207; x_wconf 89' lang='lat' dir='ltr'>omnia</span> <span class='ocrx_word' id='word_1_223' title='bbox 836 2168 900 2222; x_wconf 84' lang='lat' dir='ltr'>quoe</span> <span class='ocrx_word' id='word_1_224' title='bbox 908 2151 945 2206; x_wconf 86' lang='lat' dir='ltr'>ad</span> 
     </span>
     <span class='ocr_line' id='line_1_37' title="bbox 130 2244 945 2317; baseline -0.006 -14"><span class='ocrx_word' id='word_1_225' title='bbox 130 2248 310 2303; x_wconf 83' lang='lat' dir='ltr'>subditorum</span> <span class='ocrx_word' id='word_1_226' title='bbox 323 2265 339 2301; x_wconf 87' lang='lat' dir='ltr'>a</span> <span class='ocrx_word' id='word_1_227' title='bbox 350 2248 406 2302; x_wconf 83' lang='lat' dir='ltr'>[leo</span> <span class='ocrx_word' id='word_1_228' title='bbox 421 2247 503 2302; x_wconf 91' lang='lat' dir='ltr'>nobis</span> <span class='ocrx_word' id='word_1_229' title='bbox 514 2245 686 2302; x_wconf 66' lang='lat' dir='ltr'>concreditis¹</span> <span class='ocrx_word' id='word_1_230' title='bbox 696 2244 859 2317; x_wconf 81' lang='lat' dir='ltr'>reipublicae</span> <span class='ocrx_word' id='word_1_231' title='bbox 872 2244 945 2298; x_wconf 90' lang='lat' dir='ltr'>utili-</span> 
     </span>
     <span class='ocr_line' id='line_1_38' title="bbox 129 2339 945 2411; baseline -0.002 -16"><span class='ocrx_word' id='word_1_232' title='bbox 129 2344 219 2395; x_wconf 89' lang='lat' dir='ltr'>tatem</span> <span class='ocrx_word' id='word_1_233' title='bbox 227 2341 349 2395; x_wconf 91' lang='lat' dir='ltr'>tcndunt</span> <span class='ocrx_word' id='word_1_234' title='bbox 357 2357 486 2410; x_wconf 84' lang='lat' dir='ltr'>agamus,</span> <span class='ocrx_word' id='word_1_235' title='bbox 494 2356 670 2411; x_wconf 87' lang='lat' dir='ltr'>agamusque</span> <span class='ocrx_word' id='word_1_236' title='bbox 680 2339 884 2410; x_wconf 81' lang='lat' dir='ltr'>illaquaeomni</span> <span class='ocrx_word' id='word_1_237' title='bbox 896 2355 945 2393; x_wconf 90' lang='lat' dir='ltr'>eos</span> 
     </span>
     <span class='ocr_line' id='line_1_39' title="bbox 132 2431 945 2501; baseline -0.002 -15"><span class='ocrx_word' id='word_1_238' title='bbox 132 2433 311 2501; x_wconf 83' lang='lat' dir='ltr'>difficultate,</span> <span class='ocrx_word' id='word_1_239' title='bbox 320 2434 437 2487; x_wconf 76' lang='lat' dir='ltr'>laesione</span> <span class='ocrx_word' id='word_1_240' title='bbox 446 2431 771 2500; x_wconf 86' lang='lat' dir='ltr'>etattritioncliberent,</span> <span class='ocrx_word' id='word_1_241' title='bbox 784 2448 819 2484; x_wconf 89' lang='lat' dir='ltr'>ne</span> <span class='ocrx_word' id='word_1_242' title='bbox 831 2431 945 2501; x_wconf 88' lang='lat' dir='ltr'>quando</span> 
     </span>
     <span class='ocr_line' id='line_1_40' title="bbox 130 2525 946 2598; baseline -0.004 -18"><span class='ocrx_word' id='word_1_243' title='bbox 130 2542 184 2598; x_wconf 87' lang='lat' dir='ltr'>per</span> <span class='ocrx_word' id='word_1_244' title='bbox 198 2543 312 2580; x_wconf 86' lang='lat' dir='ltr'>causam</span> <span class='ocrx_word' id='word_1_245' title='bbox 322 2526 415 2580; x_wconf 90' lang='lat' dir='ltr'>litium</span> <span class='ocrx_word' id='word_1_246' title='bbox 431 2530 460 2579; x_wconf 89' lang='lat' dir='ltr'>et</span> <span class='ocrx_word' id='word_1_247' title='bbox 473 2527 528 2580; x_wconf 87' lang='lat' dir='ltr'>alia</span> <span class='ocrx_word' id='word_1_248' title='bbox 540 2525 730 2595; x_wconf 76' lang='lat' dir='ltr'>hujusmodis</span> <span class='ocrx_word' id='word_1_249' title='bbox 744 2541 795 2579; x_wconf 90' lang='lat' dir='ltr'>sua</span> <span class='ocrx_word' id='word_1_250' title='bbox 807 2527 946 2595; x_wconf 90' lang='lat' dir='ltr'>cogantur</span> 
     </span>
     <span class='ocr_line' id='line_1_41' title="bbox 130 2617 943 2690; baseline -0.001 -18"><span class='ocrx_word' id='word_1_251' title='bbox 130 2619 269 2690; x_wconf 80' lang='lat' dir='ltr'>proficisci</span> <span class='ocrx_word' id='word_1_252' title='bbox 286 2619 390 2690; x_wconf 87' lang='lat' dir='ltr'>patria,</span> <span class='ocrx_word' id='word_1_253' title='bbox 402 2619 469 2673; x_wconf 88' lang='lat' dir='ltr'>etin</span> <span class='ocrx_word' id='word_1_254' title='bbox 483 2619 636 2689; x_wconf 87' lang='lat' dir='ltr'>peregrino</span> <span class='ocrx_word' id='word_1_255' title='bbox 651 2619 711 2673; x_wconf 93' lang='lat' dir='ltr'>solo</span> <span class='ocrx_word' id='word_1_256' title='bbox 725 2618 845 2672; x_wconf 88' lang='lat' dir='ltr'>miseriis</span> <span class='ocrx_word' id='word_1_257' title='bbox 858 2617 943 2672; x_wconf 85' lang='lat' dir='ltr'>affici.</span> 
     </span>
     <span class='ocr_line' id='line_1_42' title="bbox 131 2711 946 2784; baseline -0.002 -17"><span class='ocrx_word' id='word_1_258' title='bbox 131 2713 291 2784; x_wconf 87' lang='lat' dir='ltr'>Eaproptcr</span> <span class='ocrx_word' id='word_1_259' title='bbox 304 2717 333 2767; x_wconf 88' lang='lat' dir='ltr'>et</span> <span class='ocrx_word' id='word_1_260' title='bbox 348 2712 377 2766; x_wconf 88' lang='lat' dir='ltr'>in</span> <span class='ocrx_word' id='word_1_261' title='bbox 392 2713 545 2783; x_wconf 69' lang='lat' dir='ltr'>praesentia</span> <span class='ocrx_word' id='word_1_262' title='bbox 560 2712 652 2766; x_wconf 80' lang='lat' dir='ltr'>visum</span> <span class='ocrx_word' id='word_1_263' title='bbox 668 2711 751 2766; x_wconf 91' lang='lat' dir='ltr'>nobis</span> <span class='ocrx_word' id='word_1_264' title='bbox 766 2715 808 2765; x_wconf 86' lang='lat' dir='ltr'>est</span> <span class='ocrx_word' id='word_1_265' title='bbox 821 2728 946 2782; x_wconf 67' lang='lat' dir='ltr'>praescus</span> 
     </span>
     <span class='ocr_line' id='line_1_43' title="bbox 131 2804 947 2876; baseline -0.004 -15"><span class='ocrx_word' id='word_1_266' title='bbox 131 2806 257 2861; x_wconf 88' lang='lat' dir='ltr'>edictum</span> <span class='ocrx_word' id='word_1_267' title='bbox 267 2806 295 2859; x_wconf 94' lang='lat' dir='ltr'>in</span> <span class='ocrx_word' id='word_1_268' title='bbox 308 2805 469 2859; x_wconf 82' lang='lat' dir='ltr'>universam</span> <span class='ocrx_word' id='word_1_269' title='bbox 483 2805 596 2876; x_wconf 92' lang='lat' dir='ltr'>imperii</span> <span class='ocrx_word' id='word_1_270' title='bbox 612 2805 702 2860; x_wconf 87' lang='lat' dir='ltr'>nostri</span> <span class='ocrx_word' id='word_1_271' title='bbox 717 2805 855 2859; x_wconf 85' lang='lat' dir='ltr'>ditionem</span> <span class='ocrx_word' id='word_1_272' title='bbox 866 2804 947 2858; x_wconf 83' lang='lat' dir='ltr'>eurit-</span> 
     </span>
     <span class='ocr_line' id='line_1_44' title="bbox 130 2898 944 2969; baseline 0 -18"><span class='ocrx_word' id='word_1_273' title='bbox 130 2900 203 2966; x_wconf 90' lang='lat' dir='ltr'>tere,</span> <span class='ocrx_word' id='word_1_274' title='bbox 220 2905 248 2952; x_wconf 91' lang='lat' dir='ltr'>et</span> <span class='ocrx_word' id='word_1_275' title='bbox 263 2898 393 2954; x_wconf 88' lang='lat' dir='ltr'>omnium</span> <span class='ocrx_word' id='word_1_276' title='bbox 410 2899 556 2953; x_wconf 84' lang='lat' dir='ltr'>civitatum</span> <span class='ocrx_word' id='word_1_277' title='bbox 571 2915 603 2952; x_wconf 89' lang='lat' dir='ltr'>ac</span> <span class='ocrx_word' id='word_1_278' title='bbox 619 2914 760 2969; x_wconf 82' lang='lat' dir='ltr'>pagorum</span> <span class='ocrx_word' id='word_1_279' title='bbox 775 2898 875 2952; x_wconf 91' lang='lat' dir='ltr'>incolis</span> <span class='ocrx_word' id='word_1_280' title='bbox 888 2899 944 2952; x_wconf 92' lang='lat' dir='ltr'>cla-</span> 
     </span>
     <span class='ocr_line' id='line_1_45' title="bbox 132 2991 947 3062; baseline 0.001 -17"><span class='ocrx_word' id='word_1_281' title='bbox 132 3008 197 3045; x_wconf 90' lang='lat' dir='ltr'>rum</span> <span class='ocrx_word' id='word_1_282' title='bbox 207 2992 312 3045; x_wconf 88' lang='lat' dir='ltr'>facere:</span> <span class='ocrx_word' id='word_1_283' title='bbox 325 3008 430 3062; x_wconf 88' lang='lat' dir='ltr'>nempe</span> <span class='ocrx_word' id='word_1_284' title='bbox 443 2992 465 3045; x_wconf 94' lang='lat' dir='ltr'>si</span> <span class='ocrx_word' id='word_1_285' title='bbox 475 2991 538 3062; x_wconf 91' lang='lat' dir='ltr'>quis</span> <span class='ocrx_word' id='word_1_286' title='bbox 548 3008 612 3045; x_wconf 90' lang='lat' dir='ltr'>cum</span> <span class='ocrx_word' id='word_1_287' title='bbox 623 2991 947 3046; x_wconf 87' lang='lat' dir='ltr'>altorohabcatrontro-</span> 
     </span>
     <span class='ocr_line' id='line_1_46' title="bbox 132 3083 947 3155; baseline 0.002 -19"><span class='ocrx_word' id='word_1_288' title='bbox 132 3083 265 3148; x_wconf 84' lang='lat' dir='ltr'>versiam,</span> <span class='ocrx_word' id='word_1_289' title='bbox 281 3084 338 3137; x_wconf 83' lang='lat' dir='ltr'>sive</span> <span class='ocrx_word' id='word_1_290' title='bbox 352 3083 387 3138; x_wconf 90' lang='lat' dir='ltr'>de</span> <span class='ocrx_word' id='word_1_291' title='bbox 403 3084 569 3155; x_wconf 88' lang='lat' dir='ltr'>pecuniaria</span> <span class='ocrx_word' id='word_1_292' title='bbox 583 3101 677 3151; x_wconf 89' lang='lat' dir='ltr'>causa,</span> <span class='ocrx_word' id='word_1_293' title='bbox 690 3084 746 3138; x_wconf 82' lang='lat' dir='ltr'>sire</span> <span class='ocrx_word' id='word_1_294' title='bbox 758 3084 835 3155; x_wconf 90' lang='lat' dir='ltr'>quod</span> <span class='ocrx_word' id='word_1_295' title='bbox 847 3101 893 3138; x_wconf 90' lang='lat' dir='ltr'>res</span> <span class='ocrx_word' id='word_1_296' title='bbox 906 3084 947 3138; x_wconf 92' lang='lat' dir='ltr'>illi</span> 
     </span>
     <span class='ocr_line' id='line_1_47' title="bbox 133 3175 947 3249; baseline 0.001 -18"><span class='ocrx_word' id='word_1_297' title='bbox 133 3175 256 3231; x_wconf 88' lang='lat' dir='ltr'>mobiles</span> <span class='ocrx_word' id='word_1_298' title='bbox 271 3176 467 3247; x_wconf 77' lang='lat' dir='ltr'>abreptaesint,</span> <span class='ocrx_word' id='word_1_299' title='bbox 479 3178 523 3231; x_wconf 76' lang='lat' dir='ltr'>rel</span> <span class='ocrx_word' id='word_1_300' title='bbox 535 3177 709 3241; x_wconf 89' lang='lat' dir='ltr'>immobiles,</span> <span class='ocrx_word' id='word_1_301' title='bbox 721 3178 878 3249; x_wconf 84' lang='lat' dir='ltr'>velseipsus</span> <span class='ocrx_word' id='word_1_302' title='bbox 887 3195 947 3233; x_wconf 90' lang='lat' dir='ltr'>mo·</span> 
     </span>
     <span class='ocr_line' id='line_1_48' title="bbox 133 3269 945 3341; baseline 0.004 -18"><span class='ocrx_word' id='word_1_303' title='bbox 133 3273 242 3336; x_wconf 86' lang='lat' dir='ltr'>ventes,</span> <span class='ocrx_word' id='word_1_304' title='bbox 260 3270 317 3324; x_wconf 87' lang='lat' dir='ltr'>sive</span> <span class='ocrx_word' id='word_1_305' title='bbox 333 3269 368 3324; x_wconf 91' lang='lat' dir='ltr'>de</span> <span class='ocrx_word' id='word_1_306' title='bbox 384 3269 589 3336; x_wconf 86' lang='lat' dir='ltr'>criminalibus,</span> <span class='ocrx_word' id='word_1_307' title='bbox 606 3275 637 3324; x_wconf 91' lang='lat' dir='ltr'>ut</span> <span class='ocrx_word' id='word_1_308' title='bbox 650 3270 728 3341; x_wconf 90' lang='lat' dir='ltr'>prius</span> <span class='ocrx_word' id='word_1_309' title='bbox 742 3287 776 3325; x_wconf 85' lang='lat' dir='ltr'>ea</span> <span class='ocrx_word' id='word_1_310' title='bbox 789 3270 824 3325; x_wconf 88' lang='lat' dir='ltr'>de</span> <span class='ocrx_word' id='word_1_311' title='bbox 843 3288 874 3325; x_wconf 94' lang='lat' dir='ltr'>rc</span> <span class='ocrx_word' id='word_1_312' title='bbox 887 3273 945 3326; x_wconf 90' lang='lat' dir='ltr'>cla·</span> 
     </span>
     <span class='ocr_line' id='line_1_49' title="bbox 133 3362 948 3436; baseline 0.004 -18"><span class='ocrx_word' id='word_1_313' title='bbox 133 3363 280 3418; x_wconf 89' lang='lat' dir='ltr'>rissimum</span> <span class='ocrx_word' id='word_1_314' title='bbox 296 3362 449 3434; x_wconf 85' lang='lat' dir='ltr'>provinciae</span> <span class='ocrx_word' id='word_1_315' title='bbox 464 3362 617 3433; x_wconf 80' lang='lat' dir='ltr'>praesidem</span> <span class='ocrx_word' id='word_1_316' title='bbox 631 3363 724 3430; x_wconf 84' lang='lat' dir='ltr'>adeat,</span> <span class='ocrx_word' id='word_1_317' title='bbox 745 3381 802 3435; x_wconf 73' lang='lat' dir='ltr'>equo</span> <span class='ocrx_word' id='word_1_318' title='bbox 813 3365 906 3436; x_wconf 86' lang='lat' dir='ltr'>magis</span> <span class='ocrx_word' id='word_1_319' title='bbox 919 3369 948 3421; x_wconf 85' lang='lat' dir='ltr'>ct</span> 
     </span>
     <span class='ocr_line' id='line_1_50' title="bbox 133 3455 948 3529; baseline 0.002 -19"><span class='ocrx_word' id='word_1_320' title='bbox 133 3455 177 3511; x_wconf 88' lang='lat' dir='ltr'>his</span> <span class='ocrx_word' id='word_1_321' title='bbox 186 3473 249 3528; x_wconf 83' lang='lat' dir='ltr'>quae</span> <span class='ocrx_word' id='word_1_322' title='bbox 263 3456 292 3511; x_wconf 92' lang='lat' dir='ltr'>in</span> <span class='ocrx_word' id='word_1_323' title='bbox 304 3455 386 3511; x_wconf 88' lang='lat' dir='ltr'>litem</span> <span class='ocrx_word' id='word_1_324' title='bbox 396 3456 571 3523; x_wconf 90' lang='lat' dir='ltr'>referuntur,</span> <span class='ocrx_word' id='word_1_325' title='bbox 581 3456 738 3511; x_wconf 89' lang='lat' dir='ltr'>secundum</span> <span class='ocrx_word' id='word_1_326' title='bbox 747 3458 826 3529; x_wconf 88' lang='lat' dir='ltr'>leges</span> <span class='ocrx_word' id='word_1_327' title='bbox 836 3462 948 3513; x_wconf 87' lang='lat' dir='ltr'>nostras</span> 
     </span>
     <span class='ocr_line' id='line_1_51' title="bbox 134 3548 949 3622; baseline 0.001 -17"><span class='ocrx_word' id='word_1_328' title='bbox 134 3548 949 3622; x_wconf 85' lang='lat' dir='ltr'>examinationeminterpouat,etcuiquejussuumreser·</span> 
     </span>
     <span class='ocr_line' id='line_1_52' title="bbox 132 3642 947 3714; baseline 0.001 -17"><span class='ocrx_word' id='word_1_329' title='bbox 132 3646 190 3698; x_wconf 80' lang='lat' dir='ltr'>vet.</span> <span class='ocrx_word' id='word_1_330' title='bbox 211 3642 239 3699; x_wconf 89' lang='lat' dir='ltr'>Si</span> <span class='ocrx_word' id='word_1_331' title='bbox 253 3659 318 3697; x_wconf 89' lang='lat' dir='ltr'>vero</span> <span class='ocrx_word' id='word_1_332' title='bbox 332 3642 435 3713; x_wconf 89' lang='lat' dir='ltr'>aliquis</span> <span class='ocrx_word' id='word_1_333' title='bbox 450 3659 514 3697; x_wconf 91' lang='lat' dir='ltr'>cum</span> <span class='ocrx_word' id='word_1_334' title='bbox 530 3642 684 3713; x_wconf 75' lang='lat' dir='ltr'>provinciae</span> <span class='ocrx_word' id='word_1_335' title='bbox 698 3643 851 3714; x_wconf 69' lang='lat' dir='ltr'>praesidem</span> <span class='ocrx_word' id='word_1_336' title='bbox 863 3645 947 3700; x_wconf 87' lang='lat' dir='ltr'>adiis-</span> 
     </span>
     <span class='ocr_line' id='line_1_53' title="bbox 135 3735 948 3807; baseline 0.004 -17"><span class='ocrx_word' id='word_1_337' title='bbox 135 3739 188 3800; x_wconf 89' lang='lat' dir='ltr'>set,</span> <span class='ocrx_word' id='word_1_338' title='bbox 212 3736 259 3806; x_wconf 87' lang='lat' dir='ltr'>jus</span> <span class='ocrx_word' id='word_1_339' title='bbox 284 3752 367 3790; x_wconf 84' lang='lat' dir='ltr'>suurn</span> <span class='ocrx_word' id='word_1_340' title='bbox 392 3752 450 3790; x_wconf 92' lang='lat' dir='ltr'>non</span> <span class='ocrx_word' id='word_1_341' title='bbox 476 3735 611 3804; x_wconf 89' lang='lat' dir='ltr'>obtinuit,</span> <span class='ocrx_word' id='word_1_342' title='bbox 627 3740 695 3791; x_wconf 91' lang='lat' dir='ltr'>tnnc</span> <span class='ocrx_word' id='word_1_343' title='bbox 707 3737 843 3807; x_wconf 90' lang='lat' dir='ltr'>jubemus</span> <span class='ocrx_word' id='word_1_344' title='bbox 862 3742 894 3792; x_wconf 93' lang='grc'>11</span> <span class='ocrx_word' id='word_1_345' title='bbox 912 3738 948 3794; x_wconf 85' lang='lat' dir='ltr'>ad</span> 
     </span>
    </p>
   </div>
   <div class='ocr_carea' id='block_1_12' title="bbox 992 1684 1806 1757">
    <p class='ocr_par' dir='ltr' id='par_1_18' title="bbox 992 1684 1806 1757">
     <span class='ocr_line' id='line_1_54' title="bbox 992 1684 1806 1757; baseline 0.001 -19"><span class='ocrx_word' id='word_1_346' title='bbox 992 1685 1040 1739; x_wconf 90' lang='lat' dir='ltr'>nia</span> <span class='ocrx_word' id='word_1_347' title='bbox 1053 1685 1165 1740; x_wconf 90' lang='lat' dir='ltr'>sancire</span> <span class='ocrx_word' id='word_1_348' title='bbox 1176 1686 1268 1740; x_wconf 85' lang='lat' dir='ltr'>visum</span> <span class='ocrx_word' id='word_1_349' title='bbox 1283 1689 1326 1740; x_wconf 90' lang='lat' dir='ltr'>est</span> <span class='ocrx_word' id='word_1_350' title='bbox 1338 1687 1456 1757; x_wconf 90' lang='lat' dir='ltr'>propter</span> <span class='ocrx_word' id='word_1_351' title='bbox 1471 1702 1573 1741; x_wconf 91' lang='lat' dir='ltr'>eorum</span> <span class='ocrx_word' id='word_1_352' title='bbox 1589 1684 1749 1740; x_wconf 83' lang='lat' dir='ltr'>utilitatem</span> <span class='ocrx_word' id='word_1_353' title='bbox 1762 1685 1806 1754; x_wconf 87' lang='lat' dir='ltr'>qui</span> 
     </span>
    </p>
   </div>
   <div class='ocr_carea' id='block_1_13' title="bbox 952 1773 1804 1850">
    <p class='ocr_par' dir='ltr' id='par_1_19' title="bbox 952 1773 1804 1850">
     <span class='ocr_line' id='line_1_55' title="bbox 952 1773 1804 1850; baseline 0 -18"><span class='ocrx_word' id='word_1_354' title='bbox 952 1773 980 1847; x_wconf 88' lang='lat' dir='ltr'>B</span> <span class='ocrx_word' id='word_1_355' title='bbox 993 1778 1076 1833; x_wconf 90' lang='lat' dir='ltr'>urbes</span> <span class='ocrx_word' id='word_1_356' title='bbox 1086 1782 1115 1833; x_wconf 90' lang='lat' dir='ltr'>et</span> <span class='ocrx_word' id='word_1_357' title='bbox 1127 1796 1218 1850; x_wconf 88' lang='lat' dir='ltr'>pagos</span> <span class='ocrx_word' id='word_1_358' title='bbox 1228 1779 1368 1848; x_wconf 90' lang='lat' dir='ltr'>incolunt,</span> <span class='ocrx_word' id='word_1_359' title='bbox 1386 1794 1421 1833; x_wconf 90' lang='lat' dir='ltr'>ne</span> <span class='ocrx_word' id='word_1_360' title='bbox 1431 1778 1453 1832; x_wconf 91' lang='lat' dir='ltr'>si</span> <span class='ocrx_word' id='word_1_361' title='bbox 1463 1778 1572 1849; x_wconf 88' lang='lat' dir='ltr'>patrias</span> <span class='ocrx_word' id='word_1_362' title='bbox 1584 1794 1653 1833; x_wconf 86' lang='lat' dir='ltr'>suas</span> <span class='ocrx_word' id='word_1_363' title='bbox 1666 1777 1804 1842; x_wconf 88' lang='lat' dir='ltr'>deserant,</span> 
     </span>
    </p>
   </div>
   <div class='ocr_carea' id='block_1_14' title="bbox 993 1871 1808 3809">
    <p class='ocr_par' dir='ltr' id='par_1_20' title="bbox 993 1871 1808 3809">
     <span class='ocr_line' id='line_1_56' title="bbox 994 1871 1806 1944; baseline 0 -19"><span class='ocrx_word' id='word_1_364' title='bbox 994 1875 1023 1926; x_wconf 93' lang='lat' dir='ltr'>et</span> <span class='ocrx_word' id='word_1_365' title='bbox 1034 1872 1087 1943; x_wconf 92' lang='lat' dir='ltr'>ipsi</span> <span class='ocrx_word' id='word_1_366' title='bbox 1100 1872 1129 1925; x_wconf 91' lang='lat' dir='ltr'>in</span> <span class='ocrx_word' id='word_1_367' title='bbox 1144 1872 1298 1944; x_wconf 89' lang='lat' dir='ltr'>peregrino</span> <span class='ocrx_word' id='word_1_368' title='bbox 1312 1872 1371 1926; x_wconf 92' lang='lat' dir='ltr'>solo</span> <span class='ocrx_word' id='word_1_369' title='bbox 1387 1871 1564 1943; x_wconf 82' lang='lat' dir='ltr'>affligantur,</span> <span class='ocrx_word' id='word_1_370' title='bbox 1579 1874 1609 1926; x_wconf 90' lang='lat' dir='ltr'>et</span> <span class='ocrx_word' id='word_1_371' title='bbox 1628 1871 1749 1925; x_wconf 88' lang='lat' dir='ltr'>interim</span> <span class='ocrx_word' id='word_1_372' title='bbox 1765 1887 1806 1925; x_wconf 87' lang='lat' dir='ltr'>res</span> 
     </span>
     <span class='ocr_line' id='line_1_57' title="bbox 994 1964 1802 2036; baseline -0.001 -17"><span class='ocrx_word' id='word_1_373' title='bbox 994 1981 1095 2020; x_wconf 89' lang='lat' dir='ltr'>eorum</span> <span class='ocrx_word' id='word_1_374' title='bbox 1106 1965 1256 2020; x_wconf 87' lang='lat' dir='ltr'>familiaris</span> <span class='ocrx_word' id='word_1_375' title='bbox 1272 1981 1386 2036; x_wconf 90' lang='lat' dir='ltr'>pessum</span> <span class='ocrx_word' id='word_1_376' title='bbox 1399 1967 1454 2019; x_wconf 88' lang='lat' dir='ltr'>eat.</span> <span class='ocrx_word' id='word_1_377' title='bbox 1470 1966 1629 2035; x_wconf 86' lang='lat' dir='ltr'>Propterea</span> <span class='ocrx_word' id='word_1_378' title='bbox 1646 1964 1727 2019; x_wconf 88' lang='lat' dir='ltr'>enim</span> <span class='ocrx_word' id='word_1_379' title='bbox 1745 1980 1802 2018; x_wconf 87' lang='lat' dir='ltr'>ma-</span> 
     </span>
     <span class='ocr_line' id='line_1_58' title="bbox 995 2057 1807 2130; baseline -0.002 -17"><span class='ocrx_word' id='word_1_380' title='bbox 995 2059 1224 2130; x_wconf 87' lang='lat' dir='ltr'>gistratusgratis</span> <span class='ocrx_word' id='word_1_381' title='bbox 1231 2058 1438 2126; x_wconf 89' lang='lat' dir='ltr'>constituimus,</span> <span class='ocrx_word' id='word_1_382' title='bbox 1446 2057 1807 2128; x_wconf 80' lang='lat' dir='ltr'>etjusjuranduminsuper</span> 
     </span>
     <span class='ocr_line' id='line_1_59' title="bbox 994 2150 1806 2227; baseline -0.009 -17"><span class='ocrx_word' id='word_1_383' title='bbox 994 2156 1070 2227; x_wconf 90' lang='lat' dir='ltr'>ipsos</span> <span class='ocrx_word' id='word_1_384' title='bbox 1087 2152 1182 2208; x_wconf 88' lang='lat' dir='ltr'>subire</span> <span class='ocrx_word' id='word_1_385' title='bbox 1192 2151 1336 2223; x_wconf 91' lang='lat' dir='ltr'>jubemus,</span> <span class='ocrx_word' id='word_1_386' title='bbox 1349 2155 1379 2206; x_wconf 92' lang='lat' dir='ltr'>ut</span> <span class='ocrx_word' id='word_1_387' title='bbox 1388 2151 1634 2222; x_wconf 89' lang='lat' dir='ltr'>unicuiqueipsos</span> <span class='ocrx_word' id='word_1_388' title='bbox 1644 2151 1770 2213; x_wconf 89' lang='lat' dir='ltr'>adeunti,</span> <span class='ocrx_word' id='word_1_389' title='bbox 1780 2150 1806 2203; x_wconf 90' lang='lat' dir='ltr'>id</span> 
     </span>
     <span class='ocr_line' id='line_1_60' title="bbox 995 2243 1805 2320; baseline -0.009 -17"><span class='ocrx_word' id='word_1_390' title='bbox 995 2247 1071 2320; x_wconf 91' lang='lat' dir='ltr'>quod</span> <span class='ocrx_word' id='word_1_391' title='bbox 1081 2247 1191 2318; x_wconf 85' lang='lat' dir='ltr'>justum</span> <span class='ocrx_word' id='word_1_392' title='bbox 1205 2247 1258 2307; x_wconf 91' lang='lat' dir='ltr'>est,</span> <span class='ocrx_word' id='word_1_393' title='bbox 1272 2243 1430 2299; x_wconf 90' lang='lat' dir='ltr'>secundum</span> <span class='ocrx_word' id='word_1_394' title='bbox 1442 2244 1521 2315; x_wconf 89' lang='lat' dir='ltr'>leges</span> <span class='ocrx_word' id='word_1_395' title='bbox 1536 2249 1652 2299; x_wconf 87' lang='lat' dir='ltr'>nostras</span> <span class='ocrx_word' id='word_1_396' title='bbox 1666 2249 1805 2298; x_wconf 86' lang='lat' dir='ltr'>tueantur.</span> 
     </span>
     <span class='ocr_line' id='line_1_61' title="bbox 994 2336 1805 2409; baseline -0.009 -13"><span class='ocrx_word' id='word_1_397' title='bbox 994 2344 1082 2396; x_wconf 85' lang='lat' dir='ltr'>Porro</span> <span class='ocrx_word' id='word_1_398' title='bbox 1093 2339 1274 2409; x_wconf 89' lang='lat' dir='ltr'>sicontingat</span> <span class='ocrx_word' id='word_1_399' title='bbox 1283 2337 1461 2391; x_wconf 91' lang='lat' dir='ltr'>subditorum</span> <span class='ocrx_word' id='word_1_400' title='bbox 1469 2339 1640 2391; x_wconf 90' lang='lat' dir='ltr'>nostrorum</span> <span class='ocrx_word' id='word_1_401' title='bbox 1651 2336 1776 2407; x_wconf 87' lang='lat' dir='ltr'>aliquem</span> <span class='ocrx_word' id='word_1_402' title='bbox 1790 2352 1805 2389; x_wconf 86' lang='lat' dir='ltr'>a</span> 
     </span>
     <span class='ocr_line' id='line_1_62' title="bbox 995 2429 1807 2502; baseline -0.006 -14"><span class='ocrx_word' id='word_1_403' title='bbox 995 2433 1151 2489; x_wconf 87' lang='lat' dir='ltr'>clarissimo</span> <span class='ocrx_word' id='word_1_404' title='bbox 1167 2431 1319 2502; x_wconf 73' lang='lat' dir='ltr'>provinciae</span> <span class='ocrx_word' id='word_1_405' title='bbox 1329 2429 1450 2501; x_wconf 77' lang='lat' dir='ltr'>pruside</span> <span class='ocrx_word' id='word_1_406' title='bbox 1460 2429 1568 2501; x_wconf 88' lang='lat' dir='ltr'>injuria</span> <span class='ocrx_word' id='word_1_407' title='bbox 1580 2429 1807 2500; x_wconf 83' lang='lat' dir='ltr'>affici,jubemns</span> 
     </span>
     <span class='ocr_line' id='line_1_63' title="bbox 994 2523 1806 2598; baseline -0.011 -15"><span class='ocrx_word' id='word_1_408' title='bbox 994 2534 1028 2583; x_wconf 90' lang='lat' dir='ltr'>ut</span> <span class='ocrx_word' id='word_1_409' title='bbox 1037 2525 1257 2598; x_wconf 73' lang='lat' dir='ltr'>religiosissime</span> <span class='ocrx_word' id='word_1_410' title='bbox 1270 2523 1389 2578; x_wconf 83' lang='lat' dir='ltr'>civitatis</span> <span class='ocrx_word' id='word_1_411' title='bbox 1399 2523 1653 2594; x_wconf 91' lang='lat' dir='ltr'>illiusepiscopum</span> <span class='ocrx_word' id='word_1_412' title='bbox 1660 2523 1754 2589; x_wconf 86' lang='lat' dir='ltr'>adeat,</span> <span class='ocrx_word' id='word_1_413' title='bbox 1762 2523 1806 2592; x_wconf 92' lang='lat' dir='ltr'>qui</span> 
     </span>
     <span class='ocr_line' id='line_1_64' title="bbox 996 2614 1806 2688; baseline -0.01 -13"><span class='ocrx_word' id='word_1_414' title='bbox 996 2621 1070 2676; x_wconf 89' lang='lat' dir='ltr'>inter</span> <span class='ocrx_word' id='word_1_415' title='bbox 1085 2619 1273 2674; x_wconf 88' lang='lat' dir='ltr'>clarissimum</span> <span class='ocrx_word' id='word_1_416' title='bbox 1289 2617 1442 2688; x_wconf 75' lang='lat' dir='ltr'>praesidem</span> <span class='ocrx_word' id='word_1_417' title='bbox 1461 2617 1596 2688; x_wconf 89' lang='lat' dir='ltr'>interque</span> <span class='ocrx_word' id='word_1_418' title='bbox 1612 2633 1682 2672; x_wconf 89' lang='lat' dir='ltr'>eum</span> <span class='ocrx_word' id='word_1_419' title='bbox 1695 2615 1744 2686; x_wconf 92' lang='lat' dir='ltr'>qui</span> <span class='ocrx_word' id='word_1_420' title='bbox 1758 2614 1806 2668; x_wconf 90' lang='lat' dir='ltr'>sibi</span> 
     </span>
     <span class='ocr_line' id='line_1_65' title="bbox 996 2708 1806 2785; baseline -0.007 -17"><span class='ocrx_word' id='word_1_421' title='bbox 996 2715 1032 2769; x_wconf 90' lang='lat' dir='ltr'>ab</span> <span class='ocrx_word' id='word_1_422' title='bbox 1041 2714 1105 2785; x_wconf 93' lang='lat' dir='ltr'>ipso</span> <span class='ocrx_word' id='word_1_423' title='bbox 1114 2713 1310 2783; x_wconf 89' lang='lat' dir='ltr'>illatamputat</span> <span class='ocrx_word' id='word_1_424' title='bbox 1319 2711 1454 2781; x_wconf 88' lang='lat' dir='ltr'>injuriam</span> <span class='ocrx_word' id='word_1_425' title='bbox 1462 2710 1614 2781; x_wconf 89' lang='lat' dir='ltr'>disceptet.</span> <span class='ocrx_word' id='word_1_426' title='bbox 1622 2714 1663 2764; x_wconf 85' lang='lat' dir='ltr'>Ac</span> <span class='ocrx_word' id='word_1_427' title='bbox 1671 2708 1806 2780; x_wconf 86' lang='lat' dir='ltr'>siquidem</span> 
     </span>
     <span class='ocr_line' id='line_1_66' title="bbox 996 2800 1806 2877; baseline -0.009 -16"><span class='ocrx_word' id='word_1_428' title='bbox 996 2808 1142 2877; x_wconf 85' lang='lat' dir='ltr'>contingat</span> <span class='ocrx_word' id='word_1_429' title='bbox 1155 2804 1307 2876; x_wconf 77' lang='lat' dir='ltr'>presidem</span> <span class='ocrx_word' id='word_1_430' title='bbox 1322 2820 1339 2857; x_wconf 90' lang='lat' dir='ltr'>a</span> <span class='ocrx_word' id='word_1_431' title='bbox 1355 2803 1574 2873; x_wconf 88' lang='lat' dir='ltr'>religiosissimo</span> <span class='ocrx_word' id='word_1_432' title='bbox 1587 2803 1726 2874; x_wconf 89' lang='lat' dir='ltr'>episcopo</span> <span class='ocrx_word' id='word_1_433' title='bbox 1743 2800 1806 2871; x_wconf 88' lang='lat' dir='ltr'>legi·</span> 
     </span>
     <span class='ocr_line' id='line_1_67' title="bbox 996 2894 1806 2969; baseline -0.009 -15"><span class='ocrx_word' id='word_1_434' title='bbox 996 2901 1066 2954; x_wconf 90' lang='lat' dir='ltr'>timo</span> <span class='ocrx_word' id='word_1_435' title='bbox 1082 2897 1420 2969; x_wconf 85' lang='lat' dir='ltr'>autjustecondemnari,</span> <span class='ocrx_word' id='word_1_436' title='bbox 1430 2896 1510 2951; x_wconf 91' lang='lat' dir='ltr'>omni</span> <span class='ocrx_word' id='word_1_437' title='bbox 1521 2896 1612 2951; x_wconf 91' lang='lat' dir='ltr'>modo</span> <span class='ocrx_word' id='word_1_438' title='bbox 1625 2897 1650 2950; x_wconf 91' lang='lat' dir='ltr'>ei</span> <span class='ocrx_word' id='word_1_439' title='bbox 1662 2895 1711 2966; x_wconf 93' lang='lat' dir='ltr'>qui</span> <span class='ocrx_word' id='word_1_440' title='bbox 1723 2894 1757 2949; x_wconf 91' lang='lat' dir='ltr'>de</span> <span class='ocrx_word' id='word_1_441' title='bbox 1767 2895 1806 2947; x_wconf 90' lang='lat' dir='ltr'>in·</span> 
     </span>
     <span class='ocr_line' id='line_1_68' title="bbox 993 2988 1808 3064; baseline -0.009 -16"><span class='ocrx_word' id='word_1_442' title='bbox 993 2992 1170 3064; x_wconf 86' lang='lat' dir='ltr'>juriaipsum</span> <span class='ocrx_word' id='word_1_443' title='bbox 1177 2990 1337 3062; x_wconf 86' lang='lat' dir='ltr'>postulavit,</span> <span class='ocrx_word' id='word_1_444' title='bbox 1347 2989 1511 3052; x_wconf 85' lang='lat' dir='ltr'>satisfaciat.</span> <span class='ocrx_word' id='word_1_445' title='bbox 1522 2990 1552 3045; x_wconf 90' lang='lat' dir='ltr'>Si</span> <span class='ocrx_word' id='word_1_446' title='bbox 1561 2988 1592 3043; x_wconf 93' lang='lat' dir='ltr'>id</span> <span class='ocrx_word' id='word_1_447' title='bbox 1600 2989 1698 3044; x_wconf 87' lang='lat' dir='ltr'>facere</span> <span class='ocrx_word' id='word_1_448' title='bbox 1709 3003 1808 3059; x_wconf 77' lang='lat' dir='ltr'>preses</span> 
     </span>
     <span class='ocr_line' id='line_1_69' title="bbox 996 3081 1807 3156; baseline -0.009 -15"><span class='ocrx_word' id='word_1_449' title='bbox 996 3088 1118 3153; x_wconf 90' lang='lat' dir='ltr'>recuset,</span> <span class='ocrx_word' id='word_1_450' title='bbox 1128 3084 1352 3156; x_wconf 87' lang='lat' dir='ltr'>eaquecausaad</span> <span class='ocrx_word' id='word_1_451' title='bbox 1363 3081 1807 3155; x_wconf 63' lang='lat' dir='ltr'>nosperveniatsiqnideminre·</span> 
     </span>
     <span class='ocr_line' id='line_1_70' title="bbox 997 3173 1806 3249; baseline -0.007 -16"><span class='ocrx_word' id='word_1_452' title='bbox 997 3179 1125 3234; x_wconf 84' lang='lat' dir='ltr'>norimus</span> <span class='ocrx_word' id='word_1_453' title='bbox 1136 3179 1212 3248; x_wconf 89' lang='lat' dir='ltr'>juste</span> <span class='ocrx_word' id='word_1_454' title='bbox 1223 3178 1316 3249; x_wconf 91' lang='lat' dir='ltr'>ipsum</span> <span class='ocrx_word' id='word_1_455' title='bbox 1325 3177 1482 3232; x_wconf 87' lang='lat' dir='ltr'>seeundum</span> <span class='ocrx_word' id='word_1_456' title='bbox 1492 3177 1573 3248; x_wconf 91' lang='lat' dir='ltr'>leges</span> <span class='ocrx_word' id='word_1_457' title='bbox 1587 3179 1704 3230; x_wconf 88' lang='lat' dir='ltr'>nostras</span> <span class='ocrx_word' id='word_1_458' title='bbox 1717 3191 1734 3229; x_wconf 92' lang='lat' dir='ltr'>a</span> <span class='ocrx_word' id='word_1_459' title='bbox 1747 3173 1806 3228; x_wconf 82' lang='lat' dir='ltr'>reli·</span> 
     </span>
     <span class='ocr_line' id='line_1_71' title="bbox 997 3266 1808 3364; baseline -0.011 -36"><span class='ocrx_word' id='word_1_460' title='bbox 997 3273 1159 3345; x_wconf 84' lang='lat' dir='ltr'>glosissimo</span> <span class='ocrx_word' id='word_1_461' title='bbox 1174 3271 1307 3342; x_wconf 89' lang='lat' dir='ltr'>episcopo</span> <span class='ocrx_word' id='word_1_462' title='bbox 1322 3271 1546 3326; x_wconf 88' lang='lat' dir='ltr'>condemnatum</span> <span class='ocrx_word' id='word_1_463' title='bbox 1558 3269 1692 3364; x_wconf 78' lang='lat' dir='ltr'>judicqta</span> <span class='ocrx_word' id='word_1_464' title='bbox 1704 3284 1760 3322; x_wconf 91' lang='lat' dir='ltr'>non</span> <span class='ocrx_word' id='word_1_465' title='bbox 1773 3266 1808 3320; x_wconf 86' lang='lat' dir='ltr'>fe·</span> 
     </span>
     <span class='ocr_line' id='line_1_72' title="bbox 998 3363 1807 3435; baseline -0.007 -16"><span class='ocrx_word' id='word_1_466' title='bbox 998 3363 1807 3435; x_wconf 85' lang='lat' dir='ltr'>cisse,nltimohuncsuppliciosubdijubebimus,propter</span> 
     </span>
     <span class='ocr_line' id='line_1_73' title="bbox 998 3454 1808 3530; baseline -0.011 -16"><span class='ocrx_word' id='word_1_467' title='bbox 998 3476 1033 3514; x_wconf 90' lang='lat' dir='ltr'>ea</span> <span class='ocrx_word' id='word_1_468' title='bbox 1047 3457 1125 3530; x_wconf 93' lang='lat' dir='ltr'>quod</span> <span class='ocrx_word' id='word_1_469' title='bbox 1144 3474 1209 3512; x_wconf 92' lang='lat' dir='ltr'>curn</span> <span class='ocrx_word' id='word_1_470' title='bbox 1227 3457 1298 3512; x_wconf 89' lang='lat' dir='ltr'>alios</span> <span class='ocrx_word' id='word_1_471' title='bbox 1315 3456 1420 3527; x_wconf 85' lang='lat' dir='ltr'>injuria</span> <span class='ocrx_word' id='word_1_472' title='bbox 1442 3472 1597 3527; x_wconf 89' lang='lat' dir='ltr'>oppressos</span> <span class='ocrx_word' id='word_1_473' title='bbox 1616 3455 1761 3509; x_wconf 77' lang='lat' dir='ltr'>vindicare</span> <span class='ocrx_word' id='word_1_474' title='bbox 1782 3454 1808 3506; x_wconf 90' lang='lat' dir='ltr'>et</span> 
     </span>
     <span class='ocr_line' id='line_1_74' title="bbox 999 3546 1808 3622; baseline -0.009 -15"><span class='ocrx_word' id='word_1_475' title='bbox 999 3552 1154 3607; x_wconf 84' lang='lat' dir='ltr'>defendere</span> <span class='ocrx_word' id='word_1_476' title='bbox 1166 3550 1319 3618; x_wconf 88' lang='lat' dir='ltr'>debuisset,</span> <span class='ocrx_word' id='word_1_477' title='bbox 1334 3550 1394 3622; x_wconf 91' lang='lat' dir='ltr'>ipse</span> <span class='ocrx_word' id='word_1_478' title='bbox 1405 3549 1512 3620; x_wconf 90' lang='lat' dir='ltr'>injuria</span> <span class='ocrx_word' id='word_1_479' title='bbox 1525 3549 1706 3621; x_wconf 88' lang='lat' dir='ltr'>oppressisse</span> <span class='ocrx_word' id='word_1_480' title='bbox 1717 3546 1808 3617; x_wconf 79' lang='lat' dir='ltr'>depre</span> 
     </span>
     <span class='ocr_line' id='line_1_75' title="bbox 998 3640 1808 3714; baseline -0.007 -15"><span class='ocrx_word' id='word_1_481' title='bbox 998 3645 1105 3699; x_wconf 91' lang='lat' dir='ltr'>hensus</span> <span class='ocrx_word' id='word_1_482' title='bbox 1115 3645 1160 3699; x_wconf 90' lang='lat' dir='ltr'>sit.</span> <span class='ocrx_word' id='word_1_483' title='bbox 1171 3644 1426 3714; x_wconf 87' lang='lat' dir='ltr'>Obtemperantem</span> <span class='ocrx_word' id='word_1_484' title='bbox 1437 3659 1553 3714; x_wconf 87' lang='lat' dir='ltr'>qnoque</span> <span class='ocrx_word' id='word_1_485' title='bbox 1564 3643 1610 3696; x_wconf 88' lang='lat' dir='ltr'>illi</span> <span class='ocrx_word' id='word_1_486' title='bbox 1618 3640 1808 3706; x_wconf 71' lang='lat' dir='ltr'>concremet</span> 
     </span>
     <span class='ocr_line' id='line_1_76' title="bbox 999 3734 1807 3809; baseline -0.007 -17"><span class='ocrx_word' id='word_1_487' title='bbox 999 3738 1163 3809; x_wconf 90' lang='lat' dir='ltr'>quicunque</span> <span class='ocrx_word' id='word_1_488' title='bbox 1173 3737 1337 3799; x_wconf 85' lang='lat' dir='ltr'>clarissimis</span> <span class='ocrx_word' id='word_1_489' title='bbox 1346 3735 1516 3808; x_wconf 72' lang='lat' dir='ltr'>praesidibus</span> <span class='ocrx_word' id='word_1_490' title='bbox 1525 3735 1555 3789; x_wconf 89' lang='lat' dir='ltr'>in</span> <span class='ocrx_word' id='word_1_491' title='bbox 1564 3734 1732 3790; x_wconf 87' lang='lat' dir='ltr'>ministerio</span> <span class='ocrx_word' id='word_1_492' title='bbox 1740 3735 1807 3796; x_wconf 89' lang='lat' dir='ltr'>sont,</span> 
     </span>
    </p>
   </div>
   <div class='ocr_carea' id='block_1_15' title="bbox 123 3825 1808 5872">
    <p class='ocr_par' dir='ltr' id='par_1_21' title="bbox 123 3825 1808 5872">
     <span class='ocr_line' id='line_1_77' title="bbox 134 3825 1805 3901; baseline -0.002 -18"><span class='ocrx_word' id='word_1_493' title='bbox 134 3827 383 3898; x_wconf 88' lang='lat' dir='ltr'>religiosissimum</span> <span class='ocrx_word' id='word_1_494' title='bbox 399 3829 459 3899; x_wconf 89' lang='lat' dir='ltr'>ejus</span> <span class='ocrx_word' id='word_1_495' title='bbox 480 3828 534 3884; x_wconf 92' lang='lat' dir='ltr'>loci</span> <span class='ocrx_word' id='word_1_496' title='bbox 554 3830 718 3901; x_wconf 89' lang='lat' dir='ltr'>episcopum</span> <span class='ocrx_word' id='word_1_497' title='bbox 741 3831 867 3899; x_wconf 85' lang='lat' dir='ltr'>accedat,</span> <span class='ocrx_word' id='word_1_498' title='bbox 884 3836 913 3886; x_wconf 91' lang='lat' dir='ltr'>et</span> <span class='ocrx_word' id='word_1_499' title='bbox 926 3832 949 3886; x_wconf 90' lang='lat' dir='ltr'>is</span> <span class='ocrx_word' id='word_1_500' title='bbox 996 3830 1132 3901; x_wconf 87' lang='lat' dir='ltr'>jubemus</span> <span class='ocrx_word' id='word_1_501' title='bbox 1144 3831 1289 3886; x_wconf 89' lang='lat' dir='ltr'>uthorum</span> <span class='ocrx_word' id='word_1_502' title='bbox 1303 3829 1368 3884; x_wconf 88' lang='lat' dir='ltr'>lites</span> <span class='ocrx_word' id='word_1_503' title='bbox 1383 3828 1523 3900; x_wconf 89' lang='lat' dir='ltr'>quiillnm</span> <span class='ocrx_word' id='word_1_504' title='bbox 1536 3828 1650 3883; x_wconf 89' lang='lat' dir='ltr'>adeunt</span> <span class='ocrx_word' id='word_1_505' title='bbox 1664 3826 1760 3882; x_wconf 84' lang='lat' dir='ltr'>dirimi</span> <span class='ocrx_word' id='word_1_506' title='bbox 1770 3825 1805 3879; x_wconf 81' lang='lat' dir='ltr'>fe·</span> 
     </span>
     <span class='ocr_line' id='line_1_78' title="bbox 136 3918 1806 3995; baseline -0.001 -20"><span class='ocrx_word' id='word_1_507' title='bbox 136 3920 389 3985; x_wconf 78' lang='lat' dir='ltr'>adclarissimum</span> <span class='ocrx_word' id='word_1_508' title='bbox 413 3921 567 3991; x_wconf 73' lang='lat' dir='ltr'>provincie</span> <span class='ocrx_word' id='word_1_509' title='bbox 590 3922 743 3993; x_wconf 67' lang='lat' dir='ltr'>praesidem</span> <span class='ocrx_word' id='word_1_510' title='bbox 768 3924 873 3994; x_wconf 89' lang='lat' dir='ltr'>mittat,</span> <span class='ocrx_word' id='word_1_511' title='bbox 902 3932 951 3982; x_wconf 85' lang='lat' dir='ltr'>aut</span> <span class='ocrx_word' id='word_1_512' title='bbox 1000 3924 1087 3992; x_wconf 84' lang='lat' dir='ltr'>ciant,</span> <span class='ocrx_word' id='word_1_513' title='bbox 1102 3923 1173 3978; x_wconf 90' lang='lat' dir='ltr'>nibil</span> <span class='ocrx_word' id='word_1_514' title='bbox 1189 3923 1362 3995; x_wconf 89' lang='lat' dir='ltr'>accipientes</span> <span class='ocrx_word' id='word_1_515' title='bbox 1381 3923 1455 3977; x_wconf 89' lang='lat' dir='ltr'>ultra</span> <span class='ocrx_word' id='word_1_516' title='bbox 1469 3938 1504 3976; x_wconf 90' lang='lat' dir='ltr'>ea</span> <span class='ocrx_word' id='word_1_517' title='bbox 1518 3937 1586 3992; x_wconf 84' lang='lat' dir='ltr'>quae</span> <span class='ocrx_word' id='word_1_518' title='bbox 1602 3918 1806 3976; x_wconf 88' lang='lat' dir='ltr'>nostrisconti·</span> 
     </span>
     <span class='ocr_line' id='line_1_79' title="bbox 136 4013 1807 4089; baseline -0.001 -21"><span class='ocrx_word' id='word_1_519' title='bbox 136 4013 222 4068; x_wconf 89' lang='lat' dir='ltr'>ctiam</span> <span class='ocrx_word' id='word_1_520' title='bbox 244 4029 296 4084; x_wconf 92' lang='lat' dir='ltr'>per</span> <span class='ocrx_word' id='word_1_521' title='bbox 313 4013 419 4084; x_wconf 90' lang='lat' dir='ltr'>seipse</span> <span class='ocrx_word' id='word_1_522' title='bbox 444 4014 655 4084; x_wconf 84' lang='lat' dir='ltr'>progrediatur,</span> <span class='ocrx_word' id='word_1_523' title='bbox 672 4019 701 4070; x_wconf 88' lang='lat' dir='ltr'>et</span> <span class='ocrx_word' id='word_1_524' title='bbox 723 4022 867 4087; x_wconf 90' lang='lat' dir='ltr'>procuret,</span> <span class='ocrx_word' id='word_1_525' title='bbox 893 4036 950 4089; x_wconf 92' lang='lat' dir='ltr'>quo</span> <span class='ocrx_word' id='word_1_526' title='bbox 1001 4022 1106 4072; x_wconf 90' lang='lat' dir='ltr'>nentur</span> <span class='ocrx_word' id='word_1_527' title='bbox 1114 4016 1369 4072; x_wconf 90' lang='lat' dir='ltr'>constitutionibus.</span> <span class='ocrx_word' id='word_1_528' title='bbox 1383 4016 1413 4071; x_wconf 89' lang='lat' dir='ltr'>Si</span> <span class='ocrx_word' id='word_1_529' title='bbox 1422 4032 1490 4071; x_wconf 87' lang='lat' dir='ltr'>vero</span> <span class='ocrx_word' id='word_1_530' title='bbox 1500 4015 1564 4070; x_wconf 82' lang='lat' dir='ltr'>haec</span> <span class='ocrx_word' id='word_1_531' title='bbox 1574 4031 1637 4071; x_wconf 87' lang='lat' dir='ltr'>non</span> <span class='ocrx_word' id='word_1_532' title='bbox 1645 4013 1807 4076; x_wconf 79' lang='lat' dir='ltr'>custodient,</span> 
     </span>
     <span class='ocr_line' id='line_1_80' title="bbox 137 4105 1400 4181; baseline 0.002 -19"><span class='ocrx_word' id='word_1_533' title='bbox 137 4105 232 4163; x_wconf 89' lang='lat' dir='ltr'>modis</span> <span class='ocrx_word' id='word_1_534' title='bbox 244 4106 379 4161; x_wconf 90' lang='lat' dir='ltr'>omnibus</span> <span class='ocrx_word' id='word_1_535' title='bbox 392 4106 549 4162; x_wconf 85' lang='lat' dir='ltr'>adeuntem</span> <span class='ocrx_word' id='word_1_536' title='bbox 562 4108 669 4176; x_wconf 89' lang='lat' dir='ltr'>audiat,</span> <span class='ocrx_word' id='word_1_537' title='bbox 685 4110 794 4180; x_wconf 87' lang='lat' dir='ltr'>etjuste</span> <span class='ocrx_word' id='word_1_538' title='bbox 805 4127 870 4164; x_wconf 90' lang='lat' dir='ltr'>enm</span> <span class='ocrx_word' id='word_1_539' title='bbox 879 4112 948 4167; x_wconf 89' lang='lat' dir='ltr'>libe·</span> <span class='ocrx_word' id='word_1_540' title='bbox 1001 4110 1084 4165; x_wconf 90' lang='lat' dir='ltr'>subdi</span> <span class='ocrx_word' id='word_1_541' title='bbox 1093 4109 1230 4180; x_wconf 89' lang='lat' dir='ltr'>jubemus</span> <span class='ocrx_word' id='word_1_542' title='bbox 1245 4109 1400 4181; x_wconf 87' lang='lat' dir='ltr'>suppliciis.</span> 
     </span>
     <span class='ocr_line' id='line_1_81' title="bbox 136 4198 1808 4276; baseline -0.001 -21"><span class='ocrx_word' id='word_1_543' title='bbox 136 4202 181 4255; x_wconf 90' lang='lat' dir='ltr'>ret</span> <span class='ocrx_word' id='word_1_544' title='bbox 194 4199 352 4255; x_wconf 86' lang='lat' dir='ltr'>secundum</span> <span class='ocrx_word' id='word_1_545' title='bbox 368 4204 480 4255; x_wconf 89' lang='lat' dir='ltr'>nostras</span> <span class='ocrx_word' id='word_1_546' title='bbox 494 4201 581 4272; x_wconf 91' lang='lat' dir='ltr'>leges,</span> <span class='ocrx_word' id='word_1_547' title='bbox 593 4218 630 4255; x_wconf 91' lang='lat' dir='ltr'>ne</span> <span class='ocrx_word' id='word_1_548' title='bbox 646 4207 765 4274; x_wconf 85' lang='lat' dir='ltr'>cogatur</span> <span class='ocrx_word' id='word_1_549' title='bbox 778 4221 898 4276; x_wconf 85' lang='lat' dir='ltr'>peregre</span> <span class='ocrx_word' id='word_1_550' title='bbox 914 4207 949 4261; x_wconf 88' lang='lat' dir='ltr'>de</span> <span class='ocrx_word' id='word_1_551' title='bbox 1035 4204 1116 4258; x_wconf 86' lang='lat' dir='ltr'>Certe</span> <span class='ocrx_word' id='word_1_552' title='bbox 1127 4203 1245 4274; x_wconf 89' lang='lat' dir='ltr'>siquem</span> <span class='ocrx_word' id='word_1_553' title='bbox 1259 4201 1542 4273; x_wconf 87' lang='lat' dir='ltr'>religiosissimorum</span> <span class='ocrx_word' id='word_1_554' title='bbox 1556 4198 1808 4273; x_wconf 80' lang='lat' dir='ltr'>episcoporumde</span> 
     </span>
     <span class='ocr_line' id='line_1_82' title="bbox 137 4290 1807 4370; baseline -0.002 -22"><span class='ocrx_word' id='word_1_555' title='bbox 137 4311 189 4349; x_wconf 90' lang='lat' dir='ltr'>sua</span> <span class='ocrx_word' id='word_1_556' title='bbox 200 4294 338 4366; x_wconf 83' lang='lat' dir='ltr'>proficisci</span> <span class='ocrx_word' id='word_1_557' title='bbox 356 4293 457 4366; x_wconf 90' lang='lat' dir='ltr'>patria.</span> <span class='ocrx_word' id='word_1_558' title='bbox 1001 4296 1251 4370; x_wconf 88' lang='lat' dir='ltr'>prehenderimus,</span> <span class='ocrx_word' id='word_1_559' title='bbox 1265 4296 1294 4350; x_wconf 90' lang='lat' dir='ltr'>in</span> <span class='ocrx_word' id='word_1_560' title='bbox 1309 4295 1432 4367; x_wconf 89' lang='lat' dir='ltr'>gratiam</span> <span class='ocrx_word' id='word_1_561' title='bbox 1445 4294 1577 4366; x_wconf 88' lang='lat' dir='ltr'>alicujus,</span> <span class='ocrx_word' id='word_1_562' title='bbox 1589 4299 1776 4350; x_wconf 88' lang='lat' dir='ltr'>contemnere</span> <span class='ocrx_word' id='word_1_563' title='bbox 1783 4290 1807 4346; x_wconf 88' lang='lat' dir='ltr'>id</span> 
     </span>
     <span class='ocr_line' id='line_1_83' title="bbox 172 4387 1805 4462; baseline -0.003 -18"><span class='ocrx_word' id='word_1_564' title='bbox 172 4387 274 4444; x_wconf 86' lang='lat' dir='ltr'>Sivero</span> <span class='ocrx_word' id='word_1_565' title='bbox 285 4388 371 4442; x_wconf 88' lang='lat' dir='ltr'>otiam</span> <span class='ocrx_word' id='word_1_566' title='bbox 382 4388 561 4443; x_wconf 86' lang='lat' dir='ltr'>sanctissimo</span> <span class='ocrx_word' id='word_1_567' title='bbox 572 4388 706 4461; x_wconf 89' lang='lat' dir='ltr'>episcopo</span> <span class='ocrx_word' id='word_1_568' title='bbox 713 4389 865 4461; x_wconf 79' lang='lat' dir='ltr'>presidem</span> <span class='ocrx_word' id='word_1_569' title='bbox 875 4410 951 4449; x_wconf 90' lang='lat' dir='ltr'>com·</span> <span class='ocrx_word' id='word_1_570' title='bbox 1002 4390 1080 4462; x_wconf 91' lang='lat' dir='ltr'>quod</span> <span class='ocrx_word' id='word_1_571' title='bbox 1088 4391 1182 4445; x_wconf 87' lang='lat' dir='ltr'>lacere</span> <span class='ocrx_word' id='word_1_572' title='bbox 1187 4390 1298 4461; x_wconf 90' lang='lat' dir='ltr'>justum</span> <span class='ocrx_word' id='word_1_573' title='bbox 1308 4392 1359 4460; x_wconf 87' lang='lat' dir='ltr'>est,</span> <span class='ocrx_word' id='word_1_574' title='bbox 1367 4388 1537 4444; x_wconf 88' lang='lat' dir='ltr'>canonicam</span> <span class='ocrx_word' id='word_1_575' title='bbox 1544 4388 1588 4443; x_wconf 90' lang='lat' dir='ltr'>illi</span> <span class='ocrx_word' id='word_1_576' title='bbox 1596 4389 1805 4461; x_wconf 84' lang='lat' dir='ltr'>castigationem</span> 
     </span>
     <span class='ocr_line' id='line_1_84' title="bbox 137 4479 1806 4579; baseline -0.001 -45"><span class='ocrx_word' id='word_1_577' title='bbox 137 4481 273 4552; x_wconf 85' lang='lat' dir='ltr'>pellente,</span> <span class='ocrx_word' id='word_1_578' title='bbox 282 4480 469 4536; x_wconf 85' lang='lat' dir='ltr'>nihilominus</span> <span class='ocrx_word' id='word_1_579' title='bbox 480 4498 586 4554; x_wconf 82' lang='lat' dir='ltr'>praeses</span> <span class='ocrx_word' id='word_1_580' title='bbox 596 4484 806 4555; x_wconf 87' lang='lat' dir='ltr'>secundumjus</span> <span class='ocrx_word' id='word_1_581' title='bbox 815 4485 949 4542; x_wconf 86' lang='lat' dir='ltr'>dirimere</span> <span class='ocrx_word' id='word_1_582' title='bbox 960 4507 990 4579; x_wconf 79' lang='lat' dir='ltr'>D</span> <span class='ocrx_word' id='word_1_583' title='bbox 1002 4485 1102 4539; x_wconf 90' lang='lat' dir='ltr'>inferri</span> <span class='ocrx_word' id='word_1_584' title='bbox 1108 4485 1253 4555; x_wconf 85' lang='lat' dir='ltr'>jubemus,</span> <span class='ocrx_word' id='word_1_585' title='bbox 1267 4499 1324 4554; x_wconf 88' lang='lat' dir='ltr'>quo</span> <span class='ocrx_word' id='word_1_586' title='bbox 1336 4482 1430 4554; x_wconf 83' lang='lat' dir='ltr'>magis</span> <span class='ocrx_word' id='word_1_587' title='bbox 1439 4498 1505 4537; x_wconf 90' lang='lat' dir='ltr'>cum</span> <span class='ocrx_word' id='word_1_588' title='bbox 1519 4479 1806 4553; x_wconf 80' lang='lat' dir='ltr'>timorelleijusteju</span> 
     </span>
     <span class='ocr_line' id='line_1_85' title="bbox 138 4573 1806 4650; baseline -0.001 -23"><span class='ocrx_word' id='word_1_589' title='bbox 138 4574 306 4628; x_wconf 89' lang='lat' dir='ltr'>adeuntium</span> <span class='ocrx_word' id='word_1_590' title='bbox 324 4574 441 4645; x_wconf 88' lang='lat' dir='ltr'>negotia</span> <span class='ocrx_word' id='word_1_591' title='bbox 465 4575 588 4643; x_wconf 83' lang='lat' dir='ltr'>diflerat,</span> <span class='ocrx_word' id='word_1_592' title='bbox 606 4581 656 4630; x_wconf 90' lang='lat' dir='ltr'>aut</span> <span class='ocrx_word' id='word_1_593' title='bbox 675 4577 814 4649; x_wconf 86' lang='lat' dir='ltr'>disceptet</span> <span class='ocrx_word' id='word_1_594' title='bbox 834 4580 952 4650; x_wconf 88' lang='lat' dir='ltr'>quidem</span> <span class='ocrx_word' id='word_1_595' title='bbox 1002 4578 1097 4634; x_wconf 89' lang='lat' dir='ltr'>dicare</span> <span class='ocrx_word' id='word_1_596' title='bbox 1111 4577 1251 4645; x_wconf 88' lang='lat' dir='ltr'>studeant,</span> <span class='ocrx_word' id='word_1_597' title='bbox 1268 4594 1304 4632; x_wconf 90' lang='lat' dir='ltr'>ne</span> <span class='ocrx_word' id='word_1_598' title='bbox 1320 4576 1342 4631; x_wconf 93' lang='lat' dir='ltr'>si</span> <span class='ocrx_word' id='word_1_599' title='bbox 1357 4576 1405 4647; x_wconf 87' lang='lat' dir='ltr'>jus</span> <span class='ocrx_word' id='word_1_600' title='bbox 1424 4592 1507 4630; x_wconf 92' lang='lat' dir='ltr'>suum</span> <span class='ocrx_word' id='word_1_601' title='bbox 1523 4575 1665 4631; x_wconf 85' lang='lat' dir='ltr'>homines</span> <span class='ocrx_word' id='word_1_602' title='bbox 1678 4593 1736 4632; x_wconf 92' lang='lat' dir='ltr'>non</span> <span class='ocrx_word' id='word_1_603' title='bbox 1749 4573 1806 4629; x_wconf 88' lang='lat' dir='ltr'>obti-</span> 
     </span>
     <span class='ocr_line' id='line_1_86' title="bbox 138 4667 1805 4744; baseline -0.002 -22"><span class='ocrx_word' id='word_1_604' title='bbox 138 4667 371 4735; x_wconf 87' lang='lat' dir='ltr'>controversiam,</span> <span class='ocrx_word' id='word_1_605' title='bbox 388 4685 447 4722; x_wconf 89' lang='lat' dir='ltr'>non</span> <span class='ocrx_word' id='word_1_606' title='bbox 460 4683 527 4724; x_wconf 86' lang='lat' dir='ltr'>vero</span> <span class='ocrx_word' id='word_1_607' title='bbox 543 4669 604 4739; x_wconf 87' lang='lat' dir='ltr'>ejus</span> <span class='ocrx_word' id='word_1_608' title='bbox 619 4669 767 4739; x_wconf 87' lang='lat' dir='ltr'>sejudicio</span> <span class='ocrx_word' id='word_1_609' title='bbox 780 4673 950 4742; x_wconf 85' lang='lat' dir='ltr'>permitten·</span> <span class='ocrx_word' id='word_1_610' title='bbox 1001 4675 1100 4741; x_wconf 91' lang='lat' dir='ltr'>neant,</span> <span class='ocrx_word' id='word_1_611' title='bbox 1118 4674 1259 4744; x_wconf 88' lang='lat' dir='ltr'>cogantur</span> <span class='ocrx_word' id='word_1_612' title='bbox 1274 4671 1406 4725; x_wconf 88' lang='lat' dir='ltr'>deserere</span> <span class='ocrx_word' id='word_1_613' title='bbox 1420 4686 1485 4725; x_wconf 86' lang='lat' dir='ltr'>suas</span> <span class='ocrx_word' id='word_1_614' title='bbox 1500 4669 1599 4738; x_wconf 89' lang='lat' dir='ltr'>urbes,</span> <span class='ocrx_word' id='word_1_615' title='bbox 1614 4669 1805 4741; x_wconf 82' lang='lat' dir='ltr'>provinciasac</span> 
     </span>
     <span class='ocr_line' id='line_1_87' title="bbox 137 4760 1805 4836; baseline -0.001 -21"><span class='ocrx_word' id='word_1_616' title='bbox 137 4760 214 4815; x_wconf 89' lang='lat' dir='ltr'>tibus</span> <span class='ocrx_word' id='word_1_617' title='bbox 230 4765 345 4816; x_wconf 88' lang='lat' dir='ltr'>tueatur</span> <span class='ocrx_word' id='word_1_618' title='bbox 355 4760 403 4831; x_wconf 88' lang='lat' dir='ltr'>jus</span> <span class='ocrx_word' id='word_1_619' title='bbox 427 4778 520 4829; x_wconf 91' lang='lat' dir='ltr'>suum,</span> <span class='ocrx_word' id='word_1_620' title='bbox 539 4763 721 4835; x_wconf 85' lang='lat' dir='ltr'>praecipimus</span> <span class='ocrx_word' id='word_1_621' title='bbox 735 4765 950 4836; x_wconf 89' lang='lat' dir='ltr'>religiosissimo</span> <span class='ocrx_word' id='word_1_622' title='bbox 1002 4766 1085 4821; x_wconf 91' lang='lat' dir='ltr'>sedes</span> <span class='ocrx_word' id='word_1_623' title='bbox 1099 4769 1128 4820; x_wconf 89' lang='lat' dir='ltr'>et</span> <span class='ocrx_word' id='word_1_624' title='bbox 1148 4766 1204 4820; x_wconf 90' lang='lat' dir='ltr'>huc</span> <span class='ocrx_word' id='word_1_625' title='bbox 1219 4781 1377 4820; x_wconf 89' lang='lat' dir='ltr'>accurrere.</span> <span class='ocrx_word' id='word_1_626' title='bbox 1397 4766 1429 4819; x_wconf 90' lang='lat' dir='ltr'>ln</span> <span class='ocrx_word' id='word_1_627' title='bbox 1448 4762 1553 4834; x_wconf 88' lang='lat' dir='ltr'>quibos</span> <span class='ocrx_word' id='word_1_628' title='bbox 1568 4779 1640 4819; x_wconf 77' lang='lat' dir='ltr'>sero</span> <span class='ocrx_word' id='word_1_629' title='bbox 1661 4761 1805 4818; x_wconf 73' lang='lat' dir='ltr'>civitatibus</span> 
     </span>
     <span class='ocr_line' id='line_1_88' title="bbox 137 4850 1804 4931; baseline 0.001 -23"><span class='ocrx_word' id='word_1_630' title='bbox 137 4854 215 4909; x_wconf 88' lang='lat' dir='ltr'>illius</span> <span class='ocrx_word' id='word_1_631' title='bbox 231 4853 351 4909; x_wconf 87' lang='lat' dir='ltr'>civitatis</span> <span class='ocrx_word' id='word_1_632' title='bbox 372 4854 504 4926; x_wconf 91' lang='lat' dir='ltr'>episcopo</span> <span class='ocrx_word' id='word_1_633' title='bbox 520 4859 551 4910; x_wconf 88' lang='lat' dir='ltr'>ut</span> <span class='ocrx_word' id='word_1_634' title='bbox 565 4856 592 4911; x_wconf 90' lang='lat' dir='ltr'>ei</span> <span class='ocrx_word' id='word_1_635' title='bbox 605 4857 654 4928; x_wconf 91' lang='lat' dir='ltr'>qui</span> <span class='ocrx_word' id='word_1_636' title='bbox 664 4858 713 4928; x_wconf 81' lang='lat' dir='ltr'>jus</span> <span class='ocrx_word' id='word_1_637' title='bbox 728 4876 811 4914; x_wconf 90' lang='lat' dir='ltr'>suum</span> <span class='ocrx_word' id='word_1_638' title='bbox 828 4862 950 4917; x_wconf 81' lang='grc'>10111)-</span> <span class='ocrx_word' id='word_1_639' title='bbox 1002 4860 1137 4931; x_wconf 76' lang='lat' dir='ltr'>praesides</span> <span class='ocrx_word' id='word_1_640' title='bbox 1154 4863 1259 4930; x_wconf 77' lang='lat' dir='ltr'>praesto</span> <span class='ocrx_word' id='word_1_641' title='bbox 1274 4875 1334 4914; x_wconf 90' lang='lat' dir='ltr'>non</span> <span class='ocrx_word' id='word_1_642' title='bbox 1346 4861 1422 4927; x_wconf 89' lang='lat' dir='ltr'>sunt,</span> <span class='ocrx_word' id='word_1_643' title='bbox 1435 4857 1585 4929; x_wconf 89' lang='lat' dir='ltr'>jubemus,</span> <span class='ocrx_word' id='word_1_644' title='bbox 1605 4861 1638 4911; x_wconf 90' lang='lat' dir='ltr'>nt</span> <span class='ocrx_word' id='word_1_645' title='bbox 1649 4858 1701 4929; x_wconf 89' lang='lat' dir='ltr'>qui</span> <span class='ocrx_word' id='word_1_646' title='bbox 1713 4850 1804 4926; x_wconf 85' lang='lat' dir='ltr'>aliquid</span> 
     </span>
     <span class='ocr_line' id='line_1_89' title="bbox 137 4944 1804 5024; baseline 0.001 -23"><span class='ocrx_word' id='word_1_647' title='bbox 137 4946 224 5001; x_wconf 91' lang='lat' dir='ltr'>tinuit</span> <span class='ocrx_word' id='word_1_648' title='bbox 246 4947 294 5002; x_wconf 89' lang='lat' dir='ltr'>det</span> <span class='ocrx_word' id='word_1_649' title='bbox 307 4946 343 5002; x_wconf 87' lang='lat' dir='ltr'>ad</span> <span class='ocrx_word' id='word_1_650' title='bbox 359 4964 412 5002; x_wconf 91' lang='lat' dir='ltr'>nos</span> <span class='ocrx_word' id='word_1_651' title='bbox 426 4948 545 5018; x_wconf 89' lang='lat' dir='ltr'>litteras,</span> <span class='ocrx_word' id='word_1_652' title='bbox 563 4966 626 5020; x_wconf 70' lang='lat' dir='ltr'>quea</span> <span class='ocrx_word' id='word_1_653' title='bbox 645 4950 791 5006; x_wconf 88' lang='lat' dir='ltr'>declarent</span> <span class='ocrx_word' id='word_1_654' title='bbox 803 4954 881 5024; x_wconf 89' lang='lat' dir='ltr'>quod</span> <span class='ocrx_word' id='word_1_655' title='bbox 896 4955 951 5009; x_wconf 91' lang='lat' dir='ltr'>im·</span> <span class='ocrx_word' id='word_1_656' title='bbox 1003 4954 1203 5010; x_wconf 75' lang='lat' dir='ltr'>controversiae</span> <span class='ocrx_word' id='word_1_657' title='bbox 1228 4953 1345 5019; x_wconf 85' lang='lat' dir='ltr'>habent,</span> <span class='ocrx_word' id='word_1_658' title='bbox 1363 4952 1394 5006; x_wconf 90' lang='lat' dir='ltr'>hi</span> <span class='ocrx_word' id='word_1_659' title='bbox 1407 4950 1512 5006; x_wconf 86' lang='lat' dir='ltr'>adeant</span> <span class='ocrx_word' id='word_1_660' title='bbox 1531 4951 1736 5016; x_wconf 78' lang='lat' dir='ltr'>defensorem,</span> <span class='ocrx_word' id='word_1_661' title='bbox 1749 4950 1772 5002; x_wconf 89' lang='lat' dir='ltr'>et</span> <span class='ocrx_word' id='word_1_662' title='bbox 1787 4944 1804 4998; x_wconf 76' lang='lat' dir='ltr'>is</span> 
     </span>
     <span class='ocr_line' id='line_1_90' title="bbox 138 5037 1802 5120; baseline 0.003 -27"><span class='ocrx_word' id='word_1_663' title='bbox 138 5039 237 5111; x_wconf 89' lang='lat' dir='ltr'>pulsos</span> <span class='ocrx_word' id='word_1_664' title='bbox 247 5040 748 5114; x_wconf 72' lang='lat' dir='ltr'>abipsopraesesadeuntemaudire,</span> <span class='ocrx_word' id='word_1_665' title='bbox 759 5047 953 5118; x_wconf 67' lang='grc'>1111111111-</span> <span class='ocrx_word' id='word_1_666' title='bbox 1003 5047 1142 5119; x_wconf 90' lang='lat' dir='ltr'>disceptet</span> <span class='ocrx_word' id='word_1_667' title='bbox 1155 5065 1219 5119; x_wconf 83' lang='lat' dir='ltr'>quae</span> <span class='ocrx_word' id='word_1_668' title='bbox 1234 5047 1309 5101; x_wconf 91' lang='lat' dir='ltr'>inter</span> <span class='ocrx_word' id='word_1_669' title='bbox 1324 5046 1400 5120; x_wconf 88' lang='lat' dir='ltr'>ipsos</span> <span class='ocrx_word' id='word_1_670' title='bbox 1418 5048 1691 5101; x_wconf 82' lang='lat' dir='ltr'>controvertuntur.</span> <span class='ocrx_word' id='word_1_671' title='bbox 1704 5037 1802 5108; x_wconf 81' lang='lat' dir='ltr'>ouotsi</span> 
     </span>
     <span class='ocr_line' id='line_1_91' title="bbox 139 5129 1804 5213; baseline 0.003 -27"><span class='ocrx_word' id='word_1_672' title='bbox 139 5129 233 5204; x_wconf 90' lang='lat' dir='ltr'>ipsum</span> <span class='ocrx_word' id='word_1_673' title='bbox 249 5136 278 5187; x_wconf 90' lang='lat' dir='ltr'>et</span> <span class='ocrx_word' id='word_1_674' title='bbox 290 5134 412 5188; x_wconf 89' lang='lat' dir='ltr'>alterurn</span> <span class='ocrx_word' id='word_1_675' title='bbox 426 5133 561 5190; x_wconf 87' lang='lat' dir='ltr'>adversus</span> <span class='ocrx_word' id='word_1_676' title='bbox 575 5153 661 5207; x_wconf 92' lang='lat' dir='ltr'>quem</span> <span class='ocrx_word' id='word_1_677' title='bbox 675 5139 886 5196; x_wconf 86' lang='lat' dir='ltr'>accusationem</span> <span class='ocrx_word' id='word_1_678' title='bbox 902 5142 951 5196; x_wconf 90' lang='lat' dir='ltr'>ha·</span> <span class='ocrx_word' id='word_1_679' title='bbox 1003 5140 1131 5213; x_wconf 91' lang='lat' dir='ltr'>quicum</span> <span class='ocrx_word' id='word_1_680' title='bbox 1144 5141 1224 5197; x_wconf 89' lang='lat' dir='ltr'>litem</span> <span class='ocrx_word' id='word_1_681' title='bbox 1236 5141 1423 5207; x_wconf 89' lang='lat' dir='ltr'>habent,non</span> <span class='ocrx_word' id='word_1_682' title='bbox 1437 5138 1638 5205; x_wconf 78' lang='lat' dir='ltr'>defensorem,</span> <span class='ocrx_word' id='word_1_683' title='bbox 1650 5139 1702 5194; x_wconf 86' lang='lat' dir='ltr'>sed</span> <span class='ocrx_word' id='word_1_684' title='bbox 1711 5133 1804 5204; x_wconf 70' lang='lat' dir='ltr'>religa</span> 
     </span>
     <span class='ocr_line' id='line_1_92' title="bbox 139 5224 1802 5306; baseline 0.001 -27"><span class='ocrx_word' id='word_1_685' title='bbox 139 5224 188 5280; x_wconf 90' lang='lat' dir='ltr'>bet</span> <span class='ocrx_word' id='word_1_686' title='bbox 201 5229 449 5281; x_wconf 86' lang='lat' dir='ltr'>controvertantur</span> <span class='ocrx_word' id='word_1_687' title='bbox 459 5228 616 5301; x_wconf 90' lang='lat' dir='ltr'>disceptare</span> <span class='ocrx_word' id='word_1_688' title='bbox 629 5229 751 5299; x_wconf 86' lang='lat' dir='ltr'>differat,</span> <span class='ocrx_word' id='word_1_689' title='bbox 760 5235 790 5286; x_wconf 90' lang='lat' dir='ltr'>ut</span> <span class='ocrx_word' id='word_1_690' title='bbox 803 5251 865 5301; x_wconf 89' lang='lat' dir='ltr'>nos,</span> <span class='ocrx_word' id='word_1_691' title='bbox 876 5235 953 5292; x_wconf 88' lang='lat' dir='ltr'>hisee</span> <span class='ocrx_word' id='word_1_692' title='bbox 1003 5234 1146 5290; x_wconf 89' lang='lat' dir='ltr'>sissimum</span> <span class='ocrx_word' id='word_1_693' title='bbox 1156 5234 1287 5306; x_wconf 79' lang='lat' dir='ltr'>J&#39;udieare</span> <span class='ocrx_word' id='word_1_694' title='bbox 1296 5235 1386 5289; x_wconf 83' lang='lat' dir='ltr'>velint</span> <span class='ocrx_word' id='word_1_695' title='bbox 1395 5233 1575 5305; x_wconf 90' lang='lat' dir='ltr'>episcopum,</span> <span class='ocrx_word' id='word_1_696' title='bbox 1583 5227 1802 5303; x_wconf 81' lang='lat' dir='ltr'>jubemusetbct</span> 
     </span>
     <span class='ocr_line' id='line_1_93' title="bbox 140 5318 1075 5400; baseline 0.01 -26"><span class='ocrx_word' id='word_1_697' title='bbox 140 5318 272 5391; x_wconf 87' lang='lat' dir='ltr'>cognitis,</span> <span class='ocrx_word' id='word_1_698' title='bbox 285 5319 437 5392; x_wconf 76' lang='lat' dir='ltr'>provincia</span> <span class='ocrx_word' id='word_1_699' title='bbox 452 5321 566 5393; x_wconf 73' lang='lat' dir='ltr'>praesidi</span> <span class='ocrx_word' id='word_1_700' title='bbox 590 5322 752 5396; x_wconf 84' lang='lat' dir='ltr'>irrogemus</span> <span class='ocrx_word' id='word_1_701' title='bbox 770 5328 951 5400; x_wconf 84' lang='lat' dir='ltr'>supplicium,</span> <span class='ocrx_word' id='word_1_702' title='bbox 1002 5328 1075 5383; x_wconf 85' lang='lat' dir='ltr'>fieri.</span> 
     </span>
     <span class='ocr_line' id='line_1_94' title="bbox 140 5404 1803 5493; baseline 0.009 -24"><span class='ocrx_word' id='word_1_703' title='bbox 140 5432 172 5469; x_wconf 91' lang='lat' dir='ltr'>eo</span> <span class='ocrx_word' id='word_1_704' title='bbox 187 5412 265 5484; x_wconf 91' lang='lat' dir='ltr'>quod</span> <span class='ocrx_word' id='word_1_705' title='bbox 280 5417 308 5467; x_wconf 90' lang='lat' dir='ltr'>et</span> <span class='ocrx_word' id='word_1_706' title='bbox 321 5410 766 5485; x_wconf 66' lang='grc'>111111111111111111111111111</span> <span class='ocrx_word' id='word_1_707' title='bbox 779 5421 953 5491; x_wconf 89' lang='lat' dir='ltr'>religiosissi-</span> <span class='ocrx_word' id='word_1_708' title='bbox 1026 5404 1653 5493; x_wconf 62' lang='lat' dir='ltr'>&#39;Scdnequemonachumnequectertcum,</span> <span class='ocrx_word' id='word_1_709' title='bbox 1664 5410 1803 5491; x_wconf 56' lang='lat' dir='ltr'>nequest*</span> 
     </span>
     <span class='ocr_line' id='line_1_95' title="bbox 139 5503 1802 5588; baseline 0.004 -26"><span class='ocrx_word' id='word_1_710' title='bbox 139 5522 187 5562; x_wconf 89' lang='lat' dir='ltr'>mo</span> <span class='ocrx_word' id='word_1_711' title='bbox 195 5506 370 5579; x_wconf 89' lang='lat' dir='ltr'>episcopoad</span> <span class='ocrx_word' id='word_1_712' title='bbox 380 5505 408 5561; x_wconf 89' lang='lat' dir='ltr'>id</span> <span class='ocrx_word' id='word_1_713' title='bbox 418 5506 580 5577; x_wconf 88' lang='lat' dir='ltr'>inclinatus,</span> <span class='ocrx_word' id='word_1_714' title='bbox 588 5516 770 5569; x_wconf 89' lang='lat' dir='ltr'>controversa</span> <span class='ocrx_word' id='word_1_715' title='bbox 781 5532 837 5569; x_wconf 92' lang='lat' dir='ltr'>non</span> <span class='ocrx_word' id='word_1_716' title='bbox 848 5515 954 5588; x_wconf 83' lang='lat' dir='ltr'>discep</span> <span class='ocrx_word' id='word_1_717' title='bbox 1003 5531 1122 5586; x_wconf 91' lang='lat' dir='ltr'>scopum</span> <span class='ocrx_word' id='word_1_718' title='bbox 1141 5515 1277 5585; x_wconf 90' lang='lat' dir='ltr'>jubemus</span> <span class='ocrx_word' id='word_1_719' title='bbox 1296 5515 1351 5569; x_wconf 90' lang='lat' dir='ltr'>huc</span> <span class='ocrx_word' id='word_1_720' title='bbox 1376 5513 1513 5569; x_wconf 88' lang='lat' dir='ltr'>accedere</span> <span class='ocrx_word' id='word_1_721' title='bbox 1530 5513 1595 5569; x_wconf 87' lang='lat' dir='ltr'>sine</span> <span class='ocrx_word' id='word_1_722' title='bbox 1614 5503 1802 5585; x_wconf 60' lang='lat' dir='ltr'>religiosissimi</span> 
     </span>
     <span class='ocr_line' id='line_1_96' title="bbox 139 5597 1802 5679; baseline 0.005 -25"><span class='ocrx_word' id='word_1_723' title='bbox 139 5600 249 5655; x_wconf 88' lang='lat' dir='ltr'>taverit.</span> <span class='ocrx_word' id='word_1_724' title='bbox 265 5598 345 5664; x_wconf 85' lang='lat' dir='ltr'>Qiiod</span> <span class='ocrx_word' id='word_1_725' title='bbox 357 5599 380 5653; x_wconf 91' lang='lat' dir='ltr'>si</span> <span class='ocrx_word' id='word_1_726' title='bbox 389 5616 440 5653; x_wconf 89' lang='lat' dir='ltr'>usu</span> <span class='ocrx_word' id='word_1_727' title='bbox 449 5597 545 5654; x_wconf 76' lang='lat' dir='ltr'>veniat</span> <span class='ocrx_word' id='word_1_728' title='bbox 557 5605 587 5654; x_wconf 92' lang='lat' dir='ltr'>ut</span> <span class='ocrx_word' id='word_1_729' title='bbox 597 5608 760 5661; x_wconf 84' lang='lat' dir='ltr'>nostrornm</span> <span class='ocrx_word' id='word_1_730' title='bbox 773 5608 953 5665; x_wconf 90' lang='lat' dir='ltr'>subditorum</span> <span class='ocrx_word' id='word_1_731' title='bbox 1003 5608 1173 5679; x_wconf 70' lang='lat' dir='ltr'>patriarchae</span> <span class='ocrx_word' id='word_1_732' title='bbox 1183 5609 1225 5663; x_wconf 90' lang='lat' dir='ltr'>sui</span> <span class='ocrx_word' id='word_1_733' title='bbox 1234 5607 1343 5675; x_wconf 85' lang='lat' dir='ltr'>litteris,</span> <span class='ocrx_word' id='word_1_734' title='bbox 1352 5611 1401 5662; x_wconf 86' lang='lat' dir='ltr'>aut</span> <span class='ocrx_word' id='word_1_735' title='bbox 1409 5606 1480 5662; x_wconf 90' lang='lat' dir='ltr'>certi</span> <span class='ocrx_word' id='word_1_736' title='bbox 1488 5610 1578 5663; x_wconf 91' lang='lat' dir='ltr'>sunto</span> <span class='ocrx_word' id='word_1_737' title='bbox 1586 5606 1670 5679; x_wconf 89' lang='lat' dir='ltr'>quod</span> <span class='ocrx_word' id='word_1_738' title='bbox 1677 5597 1802 5675; x_wconf 68' lang='lat' dir='ltr'>religitssit</span> 
     </span>
     <span class='ocr_line' id='line_1_97' title="bbox 135 5693 1804 5773; baseline 0.004 -26"><span class='ocrx_word' id='word_1_739' title='bbox 135 5693 238 5763; x_wconf 86' lang='lat' dir='ltr'>aliquis</span> <span class='ocrx_word' id='word_1_740' title='bbox 250 5693 402 5764; x_wconf 76' lang='lat' dir='ltr'>presidem</span> <span class='ocrx_word' id='word_1_741' title='bbox 416 5697 579 5765; x_wconf 88' lang='lat' dir='ltr'>suspectum</span> <span class='ocrx_word' id='word_1_742' title='bbox 593 5696 709 5768; x_wconf 88' lang='lat' dir='ltr'>habeat,</span> <span class='ocrx_word' id='word_1_743' title='bbox 719 5699 856 5768; x_wconf 86' lang='lat' dir='ltr'>jubemus</span> <span class='ocrx_word' id='word_1_744' title='bbox 869 5707 899 5757; x_wconf 92' lang='lat' dir='ltr'>ut</span> <span class='ocrx_word' id='word_1_745' title='bbox 912 5720 954 5759; x_wconf 89' lang='lat' dir='ltr'>re·</span> <span class='ocrx_word' id='word_1_746' title='bbox 1003 5700 1102 5755; x_wconf 86' lang='lat' dir='ltr'>habitu</span> <span class='ocrx_word' id='word_1_747' title='bbox 1115 5701 1288 5772; x_wconf 87' lang='lat' dir='ltr'>seindignos</span> <span class='ocrx_word' id='word_1_748' title='bbox 1295 5700 1409 5757; x_wconf 90' lang='lat' dir='ltr'>facient.</span> <span class='ocrx_word' id='word_1_749' title='bbox 1421 5701 1569 5756; x_wconf 73' lang='lat' dir='ltr'>Praeterea</span> <span class='ocrx_word' id='word_1_750' title='bbox 1581 5699 1605 5756; x_wconf 88' lang='lat' dir='ltr'>si</span> <span class='ocrx_word' id='word_1_751' title='bbox 1616 5693 1804 5773; x_wconf 50' lang='grc' dir='ltr'>(11131ιεί511</span> 
     </span>
     <span class='ocr_line' id='line_1_98' title="bbox 123 5785 1804 5872; baseline 0.005 -32"><span class='ocrx_word' id='word_1_752' title='bbox 123 5785 331 5858; x_wconf 85' lang='lat' dir='ltr'>ligiosr&#39;ssimus</span> <span class='ocrx_word' id='word_1_753' title='bbox 344 5788 499 5866; x_wconf 85' lang='lat' dir='ltr'>episcopus</span> <span class='ocrx_word' id='word_1_754' title='bbox 517 5805 573 5846; x_wconf 85' lang='lat' dir='ltr'>una</span> <span class='ocrx_word' id='word_1_755' title='bbox 588 5806 654 5849; x_wconf 86' lang='lat' dir='ltr'>curn</span> <span class='ocrx_word' id='word_1_756' title='bbox 667 5790 825 5850; x_wconf 89' lang='lat' dir='ltr'>clarissimo</span> <span class='ocrx_word' id='word_1_757' title='bbox 838 5797 955 5867; x_wconf 76' lang='lat' dir='ltr'>prouin-</span> <span class='ocrx_word' id='word_1_758' title='bbox 1004 5795 1113 5867; x_wconf 62' lang='grc' dir='ltr'>111111ἱ</span> <span class='ocrx_word' id='word_1_759' title='bbox 1127 5800 1176 5852; x_wconf 87' lang='grc'>111</span> <span class='ocrx_word' id='word_1_760' title='bbox 1194 5796 1403 5872; x_wconf 83' lang='lat' dir='ltr'>praefectianus,</span> <span class='ocrx_word' id='word_1_761' title='bbox 1419 5797 1471 5850; x_wconf 87' lang='lat' dir='ltr'>ant</span> <span class='ocrx_word' id='word_1_762' title='bbox 1486 5793 1689 5868; x_wconf 69' lang='lat' dir='ltr'>cujuscunque</span> <span class='ocrx_word' id='word_1_763' title='bbox 1706 5786 1804 5848; x_wconf 69' lang='lat' dir='ltr'>tandem</span> 
     </span>
    </p>
   </div>
   <div class='ocr_carea' id='block_1_16' title="bbox 0 0 1958 6148">
    <p class='ocr_par' dir='ltr' id='par_1_22' title="bbox 0 0 1958 6148">
     <span class='ocr_line' id='line_1_99' title="bbox 0 0 1958 6148; baseline 0 0"><span class='ocrx_word' id='word_1_764' title='bbox 0 0 1958 6148; x_wconf 95' lang='lat' dir='ltr'> </span> 
     </span>
    </p>
   </div>
  </div>
 </body>
</html>
