3884 6150
130 283 178 340 ιιι
525 280 690 337 APPENDlll
709 279 752 336 AD
771 279 884 335 OPERA
902 279 1019 336 SANCTl
1037 279 1187 336 GERMANI
1206 275 1419 335 PthSlENSlS.

130 394 272 464 decorato,
287 394 315 448 et
327 389 480 463 pontificali
497 388 589 443 officio
603 394 745 461 coronato,
764 389 880 446 bibiano
898 407 944 445 or·
956 390 1123 474 Aplcverit.
1138 391 1219 463 Apud
1232 406 1284 445 nos
1297 390 1392 461 itaque
1404 404 1438 444 ex
1453 387 1514 460 ejus
1527 384 1698 445 sollemnitat

130 489 246 560 todoxo,
260 485 416 558 hgnstinus
426 483 476 538 Dei
496 498 641 539 servorum
664 500 770 555 servus,
781 483 811 540 in
826 483 945 541 Domino
994 484 1092 540 nentia
1103 501 1120 538 a
1133 485 1265 540 carnibus
1277 483 1321 540 vel
1334 482 1476 554 conjugali
1492 482 1593 554 copula
1605 480 1698 538 final

130 581 259 638 salutem.
281 579 397 634 Litteras
417 577 589 648 apostolatus
606 577 699 648 vestri,
718 577 862 634 carissimo
887 579 945 634 filio
995 578 1143 647 indicatur,
1157 580 1190 632 ut
1204 578 1240 632 ad
1253 577 1430 633 Nativitatem
1454 575 1565 630 Domini
1587 574 1698 631 securiu

129 680 225 732 nostro
237 672 356 741 Trojano
369 674 462 726 vestro
475 670 593 726 diacono
607 671 759 738 deferente,
774 671 866 729 adnos
879 688 944 744 per·
995 671 1152 727 munirent.
1165 671 1279 727 Rectius
1289 671 1445 726 autemhoc
1454 685 1526 741 opus
1534 669 1565 724 in
1577 668 1666 724 sancti
1678 668 1698 725 ιι

128 767 235 825 venisse
259 763 411 835 comperite
418 781 426 833 3
453 768 482 820 et
508 765 577 821 dnm
601 765 718 837 sospitas
745 767 838 821 vestra
863 766 945 821 nobis
995 764 1177 837 conceptione
1199 764 1378 820 instituitur:
1403 763 1471 836 qnia
1496 761 1555 834 ipse
1581 776 1698 835 praecesr

128 860 226 916 luisset
237 857 388 913 certificata
400 873 454 931 per
462 858 609 931 paginam,
623 857 762 914 immensa
771 859 945 916 reddidimus
995 858 1158 929 Dominum,
1170 863 1198 914 et
1209 875 1262 930 per
1274 856 1450 931 praeconium
1459 855 1564 928 angeli,
1575 859 1602 912 et
1614 854 1698 927 persi

128 955 185 1008 Deo
208 951 298 1007 laudis
319 952 470 1024 praeconia.
492 953 527 1007 lit
547 952 675 1024 quamvis
701 953 788 1007 simus
816 953 946 1010 absentes
994 952 1078 1007 tionis
1092 954 1262 1020 conmotam,
1278 952 1348 1007 dum
1363 950 1500 1005 Dominus
1517 950 1551 1006 dc
1571 949 1698 1021 Virgine,

128 1062 254 1119 corpore,
269 1049 424 1117 praesentes
438 1049 534 1102 tamen
548 1046 681 1118 florigera
696 1046 820 1118 caritate,
835 1049 943 1104 exhila·
993 1063 1059 1102 vero
1077 1029 1241 1102 nasceretur
1258 1062 1293 1101 ex
1309 1046 1405 1101 vetula
1424 1048 1452 1099 et
1470 1043 1564 1099 sterile
1582 1047 1693 1114 matre;

126 1140 182 1196 rati
195 1156 294 1196 sumus
310 1140 390 1195 valde
409 1157 462 1212 pro
474 1140 636 1197 sanctitatis
655 1157 782 1211 rumore,
803 1146 832 1197 et
851 1143 944 1198 excel·
994 1140 1207 1210 claususutero,
1222 1140 1351 1196 exultans
1364 1138 1394 1193 in
1407 1137 1521 1210 gaudio,
1531 1136 1698 1194 clausumCl

126 1235 201 1292 lenta
223 1233 347 1289 culmina
361 1233 512 1290 sacerdotii
525 1234 619 1305 rostri,
642 1234 692 1306 qui
708 1234 792 1306 longe
809 1235 900 1291 radiat
913 1236 944 1290 in
994 1234 1118 1306 Virginis
1141 1234 1204 1289 alvo
1226 1234 1344 1307 mystico
1366 1231 1494 1288 salutavit
1522 1229 1674 1304 presagio.

27 1384 29 1388 .
126 1330 205 1400 orbe,
219 1327 382 1384 nouaclum
395 1327 553 1384 Occidentis
566 1332 594 1384 et
612 1328 718 1397 Gallia,
739 1344 839 1384 vemm
857 1330 944 1384 etiam
993 1328 1260 1401 quandotohannes
1273 1326 1359 1383 sensit
1380 1325 1531 1380 imminere
1549 1324 1625 1381 diem
1645 1322 1698 1381 obi

127 1422 249 1478 Orientis
263 1427 291 1478 et
303 1421 422 1491 affrica,
439 1422 607 1478 meritorum
627 1421 735 1477 lumine
749 1427 942 1494 percurrente.
993 1423 1057 1478 ideo
1072 1422 1151 1477 misit
1162 1422 1197 1477 ad
1210 1422 1364 1499 Dominum
1380 1420 1477 1475 dicens
1492 1436 1499 1475 :
1515 1421 1556 1475 Tu
1569 1435 1596 1475 es
1613 1421 1663 1490 qui
1681 1435 1698 1475 u

126 1516 244 1572 Oramus
258 1519 354 1571 autem
367 1515 466 1586 Deum,
488 1519 521 1571 ut
532 1515 640 1571 honuni
659 1532 729 1589 opus
746 1515 776 1571 in
792 1516 875 1588 vobis
894 1517 944 1588 qui
994 1519 1183 1581 recautum
1200 1517 1404 1594 respectemus?
1416 1513 1497 1586 quasi
1512 1513 1617 1570 diceret
1635 1511 1699 1569 illi:

126 1610 219 1681 caepit,
242 1610 302 1681 ipse
325 1613 416 1681 eoepta
440 1609 585 1681 perficiat;
607 1609 748 1681 simulque
775 1610 854 1666 vobis
879 1627 944 1683 sup
993 1610 1065 1665 mihi
1078 1614 1175 1666 utrum
1188 1626 1240 1682 per
1251 1613 1279 1664 te
1289 1609 1325 1664 ad
1338 1607 1443 1663 iniemi
1456 1606 1577 1662 claustra
1591 1607 1698 1663 descen

124 1704 236 1776 pliciter
256 1703 389 1776 petimus,
412 1707 445 1758 ut
465 1703 596 1774 precihus
615 1703 715 1758 vestris
734 1703 824 1775 adjuti
837 1720 944 1759 merea·
992 1704 1028 1759 ad
1041 1703 1220 1760 liberandum
1235 1719 1325 1775 genus
1340 1702 1499 1757 humanum
1512 1700 1600 1755 aliurn
1613 1701 1698 1757 mitta

124 1814 191 1853 mur
203 1798 238 1853 de
255 1797 362 1869 laqueis
374 1796 460 1867 hujus
473 1796 568 1852 saculi
586 1796 711 1853 liberari.
735 1799 773 1853 De
796 1815 829 1854 eo
847 1802 943 1854 autem
953 1783 981 1855 Β
993 1797 1064 1854 sicut
1077 1802 1105 1853 te
1118 1797 1148 1852 in
1161 1797 1244 1854 terris
1256 1796 1365 1869 positus
1378 1794 1505 1851 docendo
1517 1799 1545 1850 et
1557 1793 1698 1866 baptisans

125 1891 201 1965 quod
220 1890 302 1946 nohis
330 1890 439 1963 dignati
459 1890 552 1946 fuistis
576 1890 736 1963 injungere,
756 1896 789 1947 ιιι
815 1892 943 1949 ordinem
993 1908 1109 1948 currens
1122 1890 1369 1964 digitooriendum
1377 1889 1576 1959 demonstravi,
1587 1886 1698 1946 itavolo

123 1986 267 2057 llypponoe
279 1984 426 2056 Regiensis
438 1985 572 2054 ecclesiae,
593 1985 715 2057 qualiter
734 1985 830 2041 divina
852 1986 944 2041 officia
992 1985 1161 2042 intenebris
1181 1984 1331 2054 resedenti,
1349 1988 1377 2040 et
1399 1988 1427 2039 te
1444 1983 1569 2056 quotidie
1586 1981 1698 2055 postula

124 2095 175 2151 per
187 2079 358 2135 Testamenti
371 2082 399 2134 et
408 2078 476 2133 Novi
486 2083 514 2134 et
523 2079 629 2134 Veteris
641 2079 776 2153 paginam
790 2081 943 2136 annualem
992 2082 1109 2137 ventum
1128 2084 1211 2135 tuum
1230 2079 1327 2150 jussus
1350 2094 1366 2131 a
1387 2082 1425 2147 te,
1451 2076 1580 2145 Domine,
1604 2074 1698 2132 nuntia

123 2172 260 2245 persolvit
268 2171 678 2245 harmoniam,vobisdirigere
686 2173 943 2242 deberemus3ideo
993 2173 1076 2230 certis
1089 2173 1134 2228 his
1156 2173 1191 2228 de
1212 2172 1304 2228 causis
1325 2171 1355 2227 in
1374 2170 1535 2227 celebritate
1551 2169 1698 2226 Adventus

123 2266 160 2321 ad
173 2282 299 2338 praesens
320 2283 378 2322 non
390 2266 546 2338 potuimus,
561 2267 627 2339 quia
640 2267 670 2321 in
691 2266 763 2322 libro
785 2269 944 2323 Exameron
992 2267 1058 2338 uici,
1074 2266 1246 2322 sollemnitas
1258 2265 1442 2338 anteponitur
1456 2263 1592 2321 iohannis
1604 2261 1698 2337 Baptis

124 2364 234 2415 nostms
239 2359 362 2415 notarios
371 2363 521 2432 occupatos
533 2360 719 2416 habebamus.
729 2360 783 2416 Sed
795 2378 861 2417 curu
873 2361 943 2416 illud
993 2366 1021 2418 et
1033 2360 1096 2417 vide
1112 2361 1241 2417 ordinem
1254 2365 1416 2433 temporum
1430 2358 1596 2432 inidipsum
1609 2374 1698 2431 congr

125 2470 196 2526 opus
216 2453 312 2522 fuerit,
332 2454 443 2509 favente
464 2454 596 2524 Domino,
617 2458 856 2525 consummatum,
875 2472 943 2510 mox
993 2455 1166 2510 cordantem.
1183 2456 1213 2510 lu
1227 2453 1427 2527 aequinoctium
1447 2453 1587 2523 autumni,
1614 2468 1698 2526 quant

124 2547 286 2603 obedientes
314 2552 406 2604 vestro
424 2548 545 2619 imperio
572 2564 623 2621 per
646 2548 786 2604 famulum
807 2551 941 2617 vestrum,
993 2553 1075 2604 scunt
1086 2548 1221 2619 tenebra,
1237 2553 1304 2603 tunc
1316 2547 1438 2603 traditur
1446 2547 1587 2601 lohannes
1598 2545 1688 2603 luisse

124 2642 216 2698 fllium
235 2642 265 2697 in
281 2643 393 2698 Christo
405 2647 545 2711 nostrum,
561 2643 720 2716 Eugepium
733 2643 941 2716 presbyterum,
992 2647 1055 2712 tus3
1067 2646 1095 2697 et
1109 2642 1160 2698 sub
1170 2646 1267 2708 rotatu
1279 2642 1408 2713 ejusdcm
1415 2639 1550 2712 temporis
1558 2656 1672 2712 passus.
1685 2640 1698 2696 ι

122 2737 201 2792 vohis
218 2736 348 2792 hbeNum
362 2736 518 2808 dirigemus
532 2753 538 2792 :
553 2737 653 2808 inquo
668 2737 755 2793 totius
771 2737 839 2793 anni
860 2737 942 2809 opili-
992 2735 1121 2792 noctium
1136 2737 1249 2809 quando
1261 2737 1310 2792 lux
1324 2735 1496 2804 extenditur,
1508 2738 1536 2789 et
1547 2734 1698 2790 tenebrosa

124 2831 200 2887 cium
208 2831 239 2885 in
245 2831 412 2887 lectionibus
418 2830 525 2886 Divinis
532 2831 942 2904 pertlorandoperstrinximus,
992 2834 1049 2898 tur,
1063 2834 1131 2886 tunc
1143 2829 1265 2886 traditur
1275 2829 1402 2886 Christus
1416 2833 1445 2884 et
1458 2831 1608 2900 conceptus
1621 2831 1698 2885 uter(

123 2925 289 2996 incipientes
306 2925 436 2979 ordinem
452 2925 597 2981 Adventus
622 2925 758 2980 Dominici
783 2927 818 2981 ab
845 2931 943 2980 octavo
993 2924 1037 2979 nis
1045 2941 1054 2994 3
1072 2928 1100 2980 et
1110 2924 1161 2979 sub
1175 2925 1275 2980 eodem
1287 2921 1426 2979 curriculo
1440 2922 1549 2977 adlisus
1564 2920 1693 2994 patibulo

123 3016 257 3073 Calendas
272 3017 395 3072 octubris
414 3018 619 3088 aequinoctium
639 3019 813 3090 autumnale,
840 3036 892 3092 pro
911 3035 944 3074 eo
993 3019 1024 3071 lu
1037 3017 1167 3089 solstitio,
1179 3018 1209 3074 iu
1221 3035 1277 3090 quo
1289 3017 1350 3073 dies
1361 3016 1462 3090 incipit
1475 3015 1578 3084 minui,
1592 3022 1622 3072 ct
1632 3032 1693 3074 nox

124 3111 201 3183 quod
213 3110 313 3165 eadem
325 3109 370 3165 die
382 3110 524 3166 lohannes
535 3128 694 3183 praecursor
701 3112 812 3167 Domini
824 3130 840 3167 a
853 3113 942 3184 majo·
992 3102 1275 3168 lohannet'credirur
1294 3116 1388 3179 natus,
1409 3115 1442 3166 ut
1457 3110 1605 3165 famulus:
1626 3109 1698 3167 init

124 3205 203 3260 ribus
214 3203 317 3260 nostris
329 3203 452 3259 traditur
464 3206 609 3277 ethugelo
622 3206 771 3262 nuntiante
780 3212 941 3279 conceptus,
954 3159 981 3234 C
993 3205 1121 3275 solstitio,
1136 3222 1172 3262 ex
1184 3223 1241 3278 quo
1253 3205 1312 3261 dies
1328 3209 1459 3279 augetur,
1474 3208 1502 3259 et
1530 3203 1656 3260 tenebrae
1674 3220 1698 3261 n

125 3303 153 3355 et
166 3298 282 3354 Herodis
295 3298 400 3354 funesti
422 3297 514 3369 gladio
532 3299 697 3356 trucidatus.
721 3301 769 3355 Est
791 3303 820 3357 et
840 3304 944 3372 praeter
992 3301 1049 3370 tur,
1063 3303 1146 3354 natus
1161 3299 1307 3374 est460
1320 3318 1356 3358 ex
1368 3303 1477 3375 virgine
1498 3307 1584 3363 Maria
1603 3302 1698 3360 Salvat

123 3393 305 3449 Nativitatem
338 3391 392 3447 alia
423 3392 595 3449 sollemnitas
619 3394 756 3449 lobannis
791 3395 941 3468 Baptista,
992 3392 1258 3473 hoa-quatripartito
1272 3397 1390 3453 rotantis
1402 3401 1471 3455 anni
1491 3399 1633 3457 curriculo
1651 3394 1698 3454 etit

124 3492 226 3561 quarto
239 3487 345 3544 scilicet
357 3486 493 3543 Calendas
506 3487 688 3559 Septembris,
708 3486 822 3561 quando
841 3489 941 3544 inven-
992 3484 1079 3559 hujus
1090 3487 1178 3542 fidem
1189 3489 1370 3547 terminando
1384 3493 1583 3565 distinximus3
1603 3496 1640 3549 ut
1657 3508 1698 3566 qu

125 3586 187 3638 tum
207 3581 313 3653 legitur
338 3584 423 3654 caput
442 3581 576 3638 dominici
598 3582 788 3653 precursoris.
809 3583 889 3648 Quod
911 3588 944 3639 ut
993 3584 1058 3637 tuor
1071 3584 1278 3655 temporaanni
1303 3585 1357 3640 isto
1380 3588 1511 3645 videntur
1537 3587 1698 3645 ordinater

127 3675 227 3746 opinor
236 3675 359 3731 decrevit
371 3675 436 3731 ideo
449 3675 618 3747 dispensatio
633 3677 759 3760 Deitatis,
773 3680 806 3732 ut
825 3677 893 3749 quia
913 3677 944 3733 in
993 3675 1032 3731 ita
1043 3677 1129 3732 ctiam
1148 3680 1270 3749 quatuor
1287 3680 1440 3738 voluminis
1457 3684 1543 3755 hujus
1560 3681 1630 3738 libri
1651 3680 1698 3737 dis

128 3770 203 3824 unda
216 3769 403 3840 baptismatis,
415 3769 607 3827 ministerium
619 3769 776 3841 dumtaxat,
792 3771 944 3843 quodante
994 3770 1113 3826 reddent
1130 3771 1255 3827 officium
1272 3790 1325 3845 per
1348 3775 1487 3832 cuculum
1508 3775 1585 3845 anni,
1610 3775 1698 3831 instar

127 3863 229 3919 facicm
242 3862 345 3918 Christi
363 3861 525 3934 praedicavit
538 3863 689 3934 lohannes,
708 3880 853 3919 sacramur
872 3882 945 3921 mer·
994 3862 1235 3936 Evangelii,juxta
1242 3869 1318 3938 quod
1328 3874 1391 3925 rota
1398 3869 1698 3943 inferiusprmsignata

129 3955 254 4011 sionibus
267 3954 360 4026 trinis,
375 3954 438 4010 ideo
452 3955 575 4010 trifarias
587 3955 762 4012 sollemniter
778 3957 877 4014 reddat
897 3961 946 4014 De·
995 3958 1148 4014 attendere.
1176 3959 1317 4032 Deprecor
1336 3968 1432 4019 autem
1455 3969 1492 4035 te,
1512 3969 1540 4020 et
1562 3979 1663 4020 omncs
1686 3978 1698 4018 a

129 4050 212 4107 etesia
224 4050 285 4121 ejus
298 4048 406 4105 laudes.
420 4049 453 4104 Et
465 4049 531 4121 quia
542 4049 576 4105 de
586 4049 634 4104 illo
648 4050 784 4122 scriptum
795 4050 891 4125 459
904 4057 946 4108 est
994 4050 1116 4106 formula
1128 4051 1181 4107 ista
1192 4054 1305 4127 legendi
1319 4057 1489 4128 pervenerit,
1503 4062 1536 4112 ut
1548 4057 1698 4129 omnipote

128 4146 244 4202 roribus
259 4142 432 4217 propheticis
454 4147 483 4198 et
496 4143 664 4199 testimoniis
686 4144 856 4200 Salvatoris:
880 4148 946 4202 Erec
994 4144 1074 4200 mino
1083 4161 1135 4217 pro
1151 4163 1197 4203 me
1207 4163 1323 4205 exorare
1332 4151 1500 4223 dignemini,
1514 4155 1656 4223 quatenus
1667 4166 1698 4223 pr

50 4262 54 4270 ·
130 4258 176 4311 epo
196 4241 273 4296 mitto
288 4239 414 4307 ouqclum
430 4229 517 4294 metim
538 4240 587 4308 qui
603 4239 776 4308 preparabit
791 4241 864 4294 uiam
884 4246 946 4296 orte
996 4237 1087 4312 operis
1123 4241 1217 4298 labore
1254 4243 1457 4316 aliquantulam
1487 4245 1562 4317 apud
1586 4245 1686 4316 ipsum

129 4339 227 4407 (uriam
240 4339 334 4402 tuom3
348 4332 411 4388 ideo
424 4331 570 4403 etahejus
583 4336 720 4404 conceptu
733 4333 776 4387 vel
789 4332 868 4389 obitu
888 4334 946 4389 Ad·
995 4348 1106 4390 mercar
1138 4335 1236 4407 gratiae
1261 4337 1431 4408 portionem.
1454 4340 1522 4393 Data
1547 4336 1687 4394 Calendas

130 4434 230 4488 ventus
241 4427 345 4486 Christi
352 4427 520 4483 inchoamus
534 4426 670 4483 officium.
685 4427 855 4500 Dignumest
868 4445 947 4483 nam-
996 4426 1123 4500 Hippone
1137 4429 1235 4502 Regio,
1244 4431 1362 4486 Arcadio
1375 4436 1403 4488 et
1416 4432 1534 4488 honorio
1547 4431 1676 4504 ugustis.

131 4541 197 4597 qne,
210 4523 290 4579 utah
304 4522 403 4579 eodem
422 4521 468 4577 die
487 4538 576 4594 usque
598 4522 633 4577 ad
649 4521 829 4579 Nativitatem
847 4522 988 4609 ChristiD
1033 4523 1167 4603 Felicitan
1187 4524 1299 4594 explicit
1331 4527 1447 4597 epistula
1479 4528 1566 4583 sancti
1598 4527 1698 4597 Amasti

132 4620 338 4691 prophetarum
368 4633 476 4688 organa
501 4616 718 4689 tympanizando
749 4616 865 4674 resultet
896 4616 947 4672 Ec·
998 4623 1082 4690 scopi.

133 4711 226 4769 alesia,
1156 4691 1198 4745 IV.
1220 4706 1308 4747 sruuo
1327 4708 1354 4748 m
1373 4708 1473 4749 vroun
1492 4707 1654 4750 serranum.

168 4806 222 4865 Sed
242 4805 309 4879 quia
329 4808 396 4859 sunt
412 4804 543 4859 nonnulli
559 4804 609 4878 qui
627 4806 786 4863 Adventum
806 4805 950 4862 Dominia
1120 4792 1163 4845 EN
1184 4793 1268 4846 ”eim
1288 4793 1457 4848 lectionario
1477 4792 1618 4848 Gallim
1642 4792 1693 4866 (⁰)-

107 4902 283 4960 ‘lestiritate
302 4897 377 4954 beati
404 4896 515 4952 Nartini
538 4899 705 4956 Turonensis
727 4899 808 4957 urhis
827 4901 951 4974 episcopi
1034 4901 1149 4957 audivit
1169 4903 1316 4958 nobiscum
1336 4904 1436 4961 caritas
1459 4910 1561 4976 vestra,
1579 4906 1698 4979 Evange

133 4998 265 5055 videntur
277 4993 444 5066 insipienter
456 4991 592 5063 excolare,
607 5009 657 5048 nos
670 5010 716 5049 eos
729 5012 787 5051 non
800 4997 951 5069 reprehen·
1000 4999 1108 5051 centa:
1136 4996 1202 5052 Cum
1221 5002 1303 5053 uatus
1325 5015 1390 5068 csse,
1411 4998 1512 5072 iuquit,
1539 5002 1610 5055 Deus
1635 5001 1698 5056 iul

136 5092 239 5157 dimus,
253 5089 320 5162 quia
333 5103 500 5144 nonomnes
513 5085 608 5141 omnia
628 5093 755 5159 possunt,
779 5094 807 5146 et
826 5092 950 5147 maxime
1000 5089 1099 5145 tudae
1109 5092 1140 5145 iu
1154 5090 1248 5146 diebus
1260 5093 1375 5148 Haedis
1384 5097 1455 5162 repis
1469 5111 1478 5144 :
1490 5095 1628 5161 ccccmopi
1636 5108 1698 5151 veru

137 5201 203 5240 cum
213 5183 361 5255 Apostolus
382 5182 474 5238 dieat:
500 5182 650 5252 Unicuique
670 5183 740 5237 sicut
761 5187 833 5239 Deus
858 5187 952 5241 diuisit
1002 5182 1109 5239 Oriente
1119 5186 1317 5255 Hpeuuotpruc
1329 5187 1468 5243 diceutes:
1488 5188 1538 5243 Ubi
1553 5192 1592 5242 est
1607 5189 1659 5258 qui
1680 5204 1698 5243 u

136 5293 292 5336 mensuram
303 5278 377 5347 fidei.
388 5276 441 5333 Sed
454 5276 540 5348 longe
554 5275 634 5332 aliter
645 5282 686 5332 est
693 5276 837 5351 plenitudo
846 5280 952 5336 ordinis
1000 5280 1058 5334 ltea
1069 5279 1244 5334 luriaeorum?
1259 5279 1383 5335 Vidimus
1393 5284 1464 5337 euim
1472 5281 1577 5337 stellam
1590 5281 1691 5351 rjusiu

137 5378 165 5431 et
179 5370 322 5443 religionis
336 5373 448 5425 nostrae.
462 5369 597 5426 Martinus
607 5370 712 5426 etenim
735 5375 847 5426 sanctus
867 5373 952 5446 longe
1003 5379 1028 5428 ct
1041 5375 1163 5428 acuimus
1184 5373 1300 5428 adortae
1324 5390 1393 5430 rum.
1412 5374 1489 5431 Felix
1504 5374 1553 5428 illa
1574 5373 1685 5446 civitas,

137 5471 202 5543 post
214 5463 405 5522 ascensionem
423 5463 545 5534 Domini,
564 5464 608 5520 vel
620 5470 683 5538 post
700 5465 876 5521 nativitatem
890 5483 954 5538 pro
1003 5467 1125 5524 cuicivis
1144 5471 1227 5522 natus
1246 5472 1288 5523 est
1313 5467 1405 5523 Deusl
1425 5485 1490 5541 quae
1515 5469 1662 5541 singulare
1686 5485 1698 5524 r

138 5564 199 5633 diit,
215 5559 259 5617 vel
273 5560 337 5632 post
354 5560 477 5612 mortem
493 5556 628 5627 discessit,
650 5558 756 5632 quippe
778 5558 829 5634 qui
849 5562 953 5617 nostris
1002 5566 1067 5619 ante
1088 5562 1241 5618 adventum
1259 5563 1406 5618 Salvatoris
1425 5561 1575 5634 accipiens,
1593 5561 1697 5641 prima¹

139 5653 316 5730 temporibus
332 5667 419 5725 prope
436 5649 500 5717 luit,
523 5651 650 5722 quamvis
668 5653 698 5707 in
722 5651 801 5710 brevi
825 5659 953 5729 tempore
1003 5656 1449 5729 memitperprophetam,qnam
1457 5656 1698 5730 fflmeretquema

139 5753 216 5809 fama
229 5746 383 5805 sanctitatis
395 5751 424 5802 et
435 5743 547 5803 virtutis
559 5742 635 5803 illius
648 5748 740 5802 totum
753 5750 894 5807 mundum
906 5766 953 5808 re·
1004 5745 1082 5806 Felix
1094 5751 1134 5816 tu,
1151 5744 1246 5803 civitas
1258 5746 1402 5806 Bethleem
1413 5745 1420 5800 t
1435 5746 1502 5820 quia
1511 5761 1569 5803 uon
1579 5744 1698 5807 esminir

177 5847 212 5922 tu)
227 5845 292 5901 Vide
305 5859 374 5919 pag.
391 5845 451 5900 tto.
