3884 6150
186 298 219 361 u
539 296 574 355 tu
593 297 620 354 s.
640 296 741 353 amu.
762 291 1005 350 exeosruoueu
1023 291 1302 348 uruacuacam.
1324 290 1514 349 anucumo.
1787 276 1865 349 ‘ae

77 422 83 431 '
185 412 319 471 afferatur
335 411 371 468 ad
387 410 485 479 altare,
498 422 564 463 cum
580 403 709 461 iacienda
726 405 768 459 est
786 401 817 458 in
834 399 919 457 musa
937 399 1040 457 oblatio
1060 398 1153 456 calicis
1172 416 1238 457 cum
1256 399 1430 456 admixtione
1449 415 1500 457 seu
1513 396 1664 471 prasentia
1681 399 1866 459 Eucharistie

282 548 287 557 .
341 502 379 558 di.

188 519 366 658 wigiilriiiita
381 600 416 655 ad
434 598 523 653 altare
541 593 725 663 Eucharistia,
740 593 825 648 llebat
841 593 922 664 panis
940 591 1037 649 etvini
1055 591 1236 647 consecrandi
1255 590 1370 660 oblatio,
1386 594 1470 663 atque
1490 590 1605 646 interim
1625 591 1728 648 chorus
1747 594 1867 650 canebat

185 695 295 756 Senum
306 692 334 746 id
351 693 392 746 est
406 688 592 758 antiphonam
605 701 669 756 quac
687 688 782 738 nostro
798 682 941 738 ollertorio
957 681 1153 754 respondebat,
1168 683 1218 736 aut
1231 680 1299 752 quid
1313 680 1415 735 simile.
1430 681 1511 735 Forte
1524 682 1610 737 Soccus
1628 681 1705 737 aliud
1717 682 1789 737 nihil
1807 688 1868 739 erat

186 799 273 856 quam
286 780 361 853 quod
374 775 514 848 Expositio
526 779 623 830 nostra
636 790 702 829 mox
715 774 819 830 Laudes
836 772 969 845 appellat.
982 775 1054 828 leus
1066 774 1162 825 autem
1177 770 1207 824 in
1221 769 1320 826 Missali
1339 770 1517 827 Mozarabum
1532 774 1641 826 constat
1658 787 1693 826 ex
1707 772 1825 828 Alleluia
1839 776 1868 829 et

186 888 244 927 uno
262 868 409 936 versiculo,
423 867 472 921 sed
491 866 520 920 in
539 865 679 919 Gallicana
697 863 821 935 liturgia
837 868 881 918 ter
899 863 1050 933 repetitum
1071 860 1157 915 luisse
1176 859 1296 915 Alleluia
1312 859 1552 932 act-significanda
1571 860 1626 916 tria
1645 865 1785 933 tempora,
1800 866 1868 919 ante

186 962 289 1032 legem,
304 956 442 1028 sublege,
456 959 486 1010 ct
498 955 551 1010 sub
565 954 665 1026 gratia,
680 953 762 1009 docet
775 956 869 1007 nostra
883 951 1037 1024 Expositio‚
1051 949 1136 1022 idque
1149 949 1243 1006 forsan
1257 965 1322 1005 curu
1336 950 1438 1021 triplici
1452 950 1598 1006 versiculo.

224 1063 265 1115 ts.
278 1059 361 1113 Facta
383 1056 533 1122 oblatione,
549 1072 628 1110 sacra
646 1053 839 1109 recitabantur
858 1051 1003 1124 diptycha,
1024 1051 1079 1106 hoc
1103 1054 1145 1105 est
1165 1050 1282 1104 nomina
1301 1049 1500 1122 episcoporum
1522 1054 1551 1105 et
1571 1049 1693 1105 aliorum
1714 1050 1819 1122 scripta
1838 1050 1869 1106 in

187 1148 289 1205 tabella
308 1147 390 1202 altari
410 1146 596 1218 superposita.
611 1143 777 1215 hujusmodi
795 1142 927 1198 tabellam
948 1142 1106 1196 eburneam
1118 1139 1175 1195 vidi
1195 1140 1224 1194 in
1245 1139 1366 1194 Ecclesia
1380 1139 1556 1208 bituricensi,
1570 1140 1599 1195 in
1611 1156 1667 1212 qua
1678 1139 1867 1211 archiepisco·

185 1254 289 1312 ponam
303 1236 420 1292 nomina
434 1236 626 1305 continentur,
644 1234 692 1289 sed
706 1233 789 1288 hodie
802 1232 897 1287 nullus
909 1231 983 1286 illius
994 1246 1064 1286 usus
1079 1236 1208 1302 superest
1221 1229 1297 1301 apud
1309 1228 1460 1301 Biturigas.

223 1340 264 1393 tl.
281 1337 413 1394 Recitatis
433 1335 584 1407 diptychis,
600 1333 730 1388 sacerdos
747 1333 930 1391 collectionem
946 1334 1009 1402 post
1024 1333 1134 1385 nominc
1148 1329 1267 1396 dicebat,
1283 1331 1380 1399 postea
1398 1327 1475 1400 pacis
1495 1329 1621 1385 osculum
1641 1328 1738 1385 lldeles
1757 1328 1810 1383 sibi
1829 1329 1870 1384 in-

184 1427 275 1482 vicem
288 1426 508 1498 impertiebaut;
523 1429 585 1479 tum
599 1423 728 1478 sacerdos
740 1423 877 1477 recitabat
890 1421 1075 1479 collectionem
1087 1420 1236 1492 capacem,
1250 1434 1337 1492 quarn
1351 1419 1543 1491 sequebantur
1556 1418 1719 1474 contestatio
1733 1418 1782 1489 (ita
1792 1434 1868 1491 prae·

184 1517 320 1573 lationem
334 1515 373 1570 illi
387 1515 577 1587 appellabant)
592 1517 620 1570 et
632 1529 722 1567 canon
738 1511 787 1584 qui
801 1510 983 1567 brevissimus
998 1514 1067 1566 erat.

224 1619 265 1670 ¹5.
280 1616 345 1670 Post
358 1613 597 1669 consecrationem
610 1612 738 1666 sacerdos
750 1609 887 1665 recitabat
898 1608 1056 1663 orationem
1070 1609 1133 1663 Post
1146 1610 1257 1669 secreta,
1272 1606 1431 1677 quaeverba
1444 1606 1639 1661 demonstrant
1654 1605 1870 1662 consecrationis

185 1703 272 1759 verba
293 1708 399 1759 secreto
420 1720 451 1757 ac
473 1702 525 1757 suh
544 1701 655 1756 silentio
669 1717 686 1753 a
698 1698 841 1754 sacerdote
862 1698 948 1753 luisse
966 1697 1084 1768 prolata.
1099 1697 1164 1750 Post
1184 1711 1218 1750 ea
1237 1695 1324 1750 tiebat
1342 1695 1494 1750 confractio
1512 1699 1541 1750 et
1558 1694 1722 1750 commixtio
1737 1696 1870 1768 Corporis

185 1792 298 1848 Christi.
316 1796 406 1864 Atque
428 1792 542 1846 interim
565 1791 668 1845 chorus
687 1789 873 1860 antiphonam
895 1787 1069 1855 concinebat,
1091 1801 1181 1857 eaque
1202 1784 1292 1854 linita,
1308 1784 1437 1839 sacerdos
1457 1784 1602 1840 collectam
1623 1790 1687 1840 ante
1710 1785 1869 1840 orationem

185 1881 359 1937 Dominicam
375 1881 520 1950 recitabat,
534 1881 690 1935 orationem
705 1877 880 1933 [lominicam
895 1876 1066 1948 sequebatur
1077 1875 1165 1929 altera
1179 1873 1295 1929 collecta
1308 1891 1325 1927 a
1337 1872 1480 1928 sacerdote
1495 1874 1687 1945 pronuntiata.

222 1987 264 2039 lss.
280 1985 351 2038 Ante
370 1981 611 2049 communionem,
627 1979 786 2034 benedictio
803 1976 909 2049 populo
930 1974 1158 2047 impertiebatur,
1174 1976 1203 2029 ct
1224 1973 1340 2045 quidem
1361 1973 1452 2028 tribus
1474 1973 1648 2028 oraticmibus
1670 1973 1705 2028 ab
1726 1974 1868 2046 episcopo,

184 2073 269 2129 unica
283 2088 372 2144 eaque
386 2070 463 2126 brevi
482 2087 498 2124 a
511 2068 633 2142 simplici
647 2068 800 2137 sacerdote,
815 2066 867 2121 hoc
887 2065 972 2120 modo
989 2082 996 2120 ε
1012 2067 1081 2127 Pon,
1096 2063 1171 2134 fides,
1186 2067 1212 2118 et
1229 2064 1359 2127 obantes,
1374 2067 1400 2118 et
1416 2065 1618 2119 communicatio
1632 2065 1750 2134 corporis
1767 2068 1794 2119 et
1804 2080 1869 2119 scn-

186 2166 277 2233 quinis
289 2164 397 2218 Domini
409 2163 445 2216 sit
457 2175 560 2230 semper
571 2159 715 2214 oobbcum.

225 2265 267 2316 lt.
282 2261 354 2315 llum
367 2259 452 2314 tiebat
465 2257 638 2325 communio,
653 2261 702 2311 aut
721 2272 753 2311 ca
767 2258 890 2327 peracta,
905 2255 1008 2309 chorus
1022 2251 1161 2326 psallebat
1174 2252 1341 2306 Trccanum.
1355 2252 1427 2316 Quid
1445 2254 1539 2307 antem
1554 2255 1626 2306 essct
1640 2252 1798 2306 Trecanum
1812 2269 1870 2308 non

190 2349 257 2404 satis
276 2350 366 2420 capio.
382 2347 531 2418 Tripliccm
551 2348 666 2401 centurn
678 2344 753 2399 vocis
771 2348 799 2399 et
814 2341 984 2415 etymologia
998 2339 1157 2414 siguificare
1170 2340 1292 2395 videtur.
1308 2341 1338 2395 ln
1356 2340 1454 2412 regula
1471 2344 1566 2396 autent
1580 2341 1722 2396 Artrcliani
1738 2343 1870 2412 prccscri-

187 2439 274 2505 bitur,
288 2442 320 2491 ut
331 2436 473 2508 psallendo
489 2451 577 2490 omnes
592 2436 791 2489 communicent.
808 2433 867 2488 Erit
878 2432 950 2487 forte
967 2430 1016 2503 qui
1030 2432 1186 2485 Trecanum
1204 2429 1408 2500 interpretetur
1422 2430 1582 2501 symbolum
1598 2431 1788 2502 apostolorum
1804 2447 1870 2485 san-

186 2530 238 2582 ctae
251 2525 393 2581 Trinitatis
406 2524 491 2579 fidant
507 2524 660 2594 explicans,
672 2523 749 2593 quod
762 2521 792 2576 in
804 2521 902 2575 llissali
916 2520 1032 2592 quidem
1045 2519 1223 2575 blozarabum
1237 2523 1300 2590 post
1313 2519 1553 2574 consecrationem
1564 2526 1629 2575 ante
1640 2520 1872 2575 communionem

186 2614 338 2670 dicendum
352 2613 554 2685 praescribitur,
569 2612 598 2665 in
612 2611 754 2665 Gallicana
768 2626 834 2664 vero
847 2609 973 2681 Liturgia
986 2611 1051 2679 post
1064 2607 1296 2662 communionem
1311 2608 1487 2665 recitaretur.

226 2711 547 2769 l8.Tandc1nsaccrdos
562 2710 673 2766 dicebat
686 2709 843 2764 orationem
858 2711 921 2764 Post
933 2709 1145 2770 Eucharistiem,
1161 2722 1247 2778 quam
1262 2707 1433 2779 sequebatur
1447 2707 1500 2761 alia
1515 2708 1639 2763 collecta.

223 2814 270 2867 tlte
283 2814 349 2866 sunt
362 2810 420 2866 lere
435 2826 533 2863 omncs
546 2809 672 2880 antiquie
686 2807 836 2861 Gallicanae
849 2805 984 2878 liturgiae
998 2808 1103 2877 partes,
1118 2820 1188 2875 quas
1205 2803 1251 2857 hic
1271 2804 1395 2859 breviter
1407 2805 1442 2859 oh
1456 2806 1550 2860 oculos
1568 2821 1672 2877 ponere
1687 2811 1714 2861 et
1728 2805 1874 2862 illustrare

186 2901 270 2957 libuit
282 2900 316 2954 ad
329 2899 534 2970 promptiorem
550 2897 693 2968 sequentis
706 2896 799 2966 operis
816 2894 1033 2965 intelligentiam
1042 2911 1051 2964 ς
1068 2895 1096 2948 ἰη
1115 2893 1196 2964 etrjus
1213 2896 1294 2963 parte
1308 2909 1358 2947 seu
1374 2894 1490 2964 epistola
1503 2895 1628 2950 secunda
1644 2896 1733 2950 multa
1751 2896 1805 2950 alia
1818 2912 1872 2950 nc-

187 2994 247 3045 tatu
264 2988 431 3058 dignissima
443 2989 608 3049 occurrunt,
623 3001 656 3040 eo
676 2984 800 3039 rrraxime
814 3001 879 3055 quae
899 2984 933 3039 de
948 2982 1168 3055 Quadragesima
1181 2985 1209 3037 et
1223 2981 1257 3037 de
1271 2982 1420 3039 traditione
1434 2984 1554 3056 symboli
1569 2984 1795 3057 competentibus
1807 3001 1874 3041 nar-

187 3082 240 3146 rat,
255 3077 283 3131 in
297 3076 402 3147 quibus
416 3075 486 3130 ritus
501 3074 638 3129 hactenus
652 3073 741 3145 ignoti
757 3073 967 3144 expenduntur.

224 3177 327 3229 Verrem
340 3173 375 3228 ad
389 3173 572 3245 antiquorum
586 3172 694 3227 rituum
708 3171 909 3243 cognitionem,
925 3189 1012 3243 qutun
1028 3170 1202 3243 exsequenti
1217 3186 1301 3242 opere
1320 3171 1485 3243 accipimus,
1501 3173 1570 3229 illud
1583 3173 1699 3242 accedit,
1713 3174 1873 3246 etquidem

188 3265 272 3337 longe
286 3263 400 3334 majoris
412 3262 561 3330 momenti,
574 3262 649 3333 quod
663 3262 719 3316 duo
732 3262 877 3334 pracipua
890 3262 1020 3317 Ecclesiae
1038 3261 1184 3317 catholicae
1198 3261 1331 3333 dogmata
1344 3262 1378 3316 de
1392 3263 1567 3318 Eucharistia
1580 3263 1609 3318 in
1623 3279 1654 3319 ea
1668 3264 1741 3319 clare
1755 3265 1873 3320 omuino

188 3357 363 3410 asseruntur.
378 3351 734 3408 Transsuhstautialiouem
756 3351 830 3421 dico,
845 3356 873 3407 et
890 3352 995 3407 realem
1013 3351 1115 3408 Christi
1133 3352 1185 3406 sub
1198 3350 1347 3423 speciebus
1367 3353 1449 3424 panis
1467 3357 1496 3407 ct
1508 3352 1565 3408 vini
1587 3355 1767 3426 praesentiam
1783 3372 1790 3409 :
1806 3372 1874 3427 quas

188 3445 245 3500 diro
258 3442 416 3514 pracsertim
434 3441 606 3513 impugnant
620 3440 703 3495 hodie
719 3440 893 3496 heterodoxi.
909 3441 1038 3496 Primum
1057 3442 1131 3495 clare
1144 3441 1309 3495 enuntiatur
1322 3441 1367 3495 his
1380 3441 1471 3496 verbis
1486 3461 1493 3497 :
1509 3445 1592 3498 Panis
1605 3459 1667 3498 uero
1684 3446 1714 3498 s’n
1725 3459 1833 3515 corpore
1848 3448 1875 3499 et

187 3537 281 3589 einum
300 3535 514 3601 transformetur
534 3535 563 3586 in
583 3535 724 3603 scirentne,
739 3533 841 3586 dicetne
860 3535 972 3587 Domino
989 3533 1023 3587 de
1039 3548 1147 3603 corpore
1166 3547 1214 3586 suo
1228 3550 1236 3586 ε
1252 3533 1321 3589 Goro
1339 3547 1399 3587 mec
1413 3549 1473 3588 caere
1486 3537 1526 3588 est
1538 3534 1621 3595 cibus,
1635 3538 1660 3588 et
1672 3536 1784 3603 sanquis
1798 3549 1875 3589 mecca

187 3640 248 3680 uere
260 3627 298 3679 est
309 3627 398 3694 potus.
412 3623 540 3677 Alterum
554 3639 619 3677 curn
633 3622 672 3677 ait
687 3639 694 3677 :
711 3624 871 3693 Antiquitas
882 3626 983 3678 satietis
997 3624 1124 3679 Patribus
1137 3624 1203 3689 suit,
1218 3626 1250 3677 ut
1262 3623 1327 3677 dum
1341 3623 1463 3678 sacerdos
1476 3623 1636 3679 oblationem
1649 3625 1789 3693 suasegeret
1799 3624 1875 3678 adde·

189 3714 271 3770 botur
283 3714 363 3782 qnasi
383 3713 494 3780 angelus
512 3715 562 3766 Dei
582 3712 701 3766 membre
719 3713 851 3781 fulgentis
869 3714 951 3783 pueri
968 3712 1054 3768 cultro
1074 3712 1219 3774 concidere,
1233 3717 1259 3767 et
1279 3714 1437 3782 servgntnem
1456 3713 1511 3782 ey'cts
1535 3715 1564 3767 in
1587 3714 1695 3769 calicem
1715 3714 1874 3784 accipiendo

188 3803 322 3871 colligere,
337 3804 369 3854 nt
378 3802 499 3855 veracius
511 3800 611 3855 dumet
622 3801 732 3855 uerbum
745 3801 848 3855 dicente
862 3801 979 3864 domino,
995 3816 1101 3856 carnem
1117 3801 1173 3870 ejus
1186 3815 1240 3856 esse
1252 3802 1340 3856 cibum
1353 3806 1380 3857 et
1390 3804 1548 3871 sanquinem
1561 3817 1615 3858 esse
1623 3807 1729 3874 potum.

225 3898 376 3969 Reliquum
389 3901 475 3952 estut
488 3896 522 3952 de
534 3901 648 3952 auctore
661 3898 747 3969 huJus
762 3898 855 3969 operis
869 3902 898 3954 ct
912 3898 947 3952 de
961 3902 1089 3970 tempore
1102 3914 1158 3971 quo
1171 3898 1308 3970 scriptum
1319 3899 1354 3953 sit
1365 3899 1489 3955 breviter
1501 3899 1686 3972 inquiramus.
1698 3900 1736 3954 De
1745 3903 1872 3968 auctore,

190 4004 256 4043 cum
268 4002 373 4042 nomen
388 3986 412 4056 ej
418 4002 448 4040 us
462 4002 519 4040 non
532 3986 752 4058 preferatvetus
764 3986 857 4042 Codex
870 3988 957 4042 sancti
973 3986 1083 4043 Martini
1096 3987 1370 4059 augustodunensis,
1380 4004 1414 4043 ex
1427 4005 1483 4061 quo
1496 3989 1566 4044 illud
1576 3989 1788 4062 descripsimus,
1799 3989 1874 4045 nihil

189 4080 267 4134 certo
282 4075 399 4131 definire
418 4091 583 4147 possumus;
607 4075 785 4147 conjecturas
802 4080 914 4132 mutum
934 4077 1045 4131 danius.
1070 4076 1151 4130 lnitio
1172 4077 1234 4131 huc
1253 4077 1412 4148 leguntur:
1427 4080 1576 4136 Germanus
1594 4081 1730 4151 episcopus
1750 4082 1874 4135 Perisius

188 4167 296 4237 scripsit
308 4165 340 4220 de
358 4167 451 4220 misso.
468 4164 559 4236 igitur
571 4168 621 4220 aut
634 4165 766 4221 Germani
783 4165 874 4221 letum
895 4166 941 4221 hic
956 4181 1014 4220 esse
1030 4165 1236 4235 existimamus,
1250 4172 1299 4222 aut
1311 4167 1471 4238 prolixioris
1484 4169 1545 4241 eius
1558 4169 1650 4240 operis
1664 4168 1821 4240 epitomen,
1837 4169 1873 4223 ab

189 4257 285 4329 aliquo
299 4254 360 4325 ejus
373 4253 510 4325 discipulo
524 4255 712 4327 conscriptam
727 4259 756 4311 et
769 4254 842 4310 forte
856 4258 886 4310 in
900 4255 1032 4310 AEduensi
1045 4255 1133 4309 sancti
1146 4255 1344 4328 symphoriani
1360 4258 1497 4329 coenobio,
1510 4258 1561 4314 ubi
1573 4259 1620 4314 ille
1634 4257 1721 4312 vitam
1734 4257 1873 4314 monasti-

190 4361 254 4402 cam
267 4343 461 4416 profitebatur,
476 4343 642 4416 priusquam
658 4343 694 4400 ad
707 4343 808 4399 insulas
822 4344 946 4400 ecclesiae
960 4343 1123 4399 Parisiensis
1136 4346 1314 4402 eveheretur.

227 4445 265 4498 be
278 4447 407 4515 tempore
427 4459 484 4514 quo
502 4444 608 4516 scripta
626 4443 712 4500 interit
733 4460 853 4516 sequens
869 4444 962 4498 missa
983 4442 1132 4498 Gallicanae
1152 4445 1305 4516 Expositio,
1321 4446 1377 4502 duo
1397 4447 1468 4503 mibi
1490 4452 1567 4504 certo
1583 4452 1712 4503 constare
1729 4446 1873 4514 videntur,

191 4531 316 4604 primurn
330 4535 392 4601 post
404 4537 581 4603 assumptum
594 4533 735 4589 adsedem
746 4534 931 4590 Parisiensem
945 4534 1133 4601 Germanum3
1147 4532 1269 4589 alterum
1279 4536 1345 4590 ante
1359 4536 1523 4609 abrogatam
1538 4538 1568 4593 in
1583 4537 1730 4593 Gallicanis
1742 4535 1875 4591 Ecclesiis

191 4619 337 4690 antiquam
350 4622 464 4689 patrum
482 4625 645 4677 nostrorum
660 4623 827 4695 liturgiam,
843 4640 907 4696 quac
920 4623 1017 4678 statim
1031 4625 1095 4694 post
1108 4622 1254 4678 inductam
1273 4624 1335 4695 ejus
1349 4625 1410 4680 loeo
1424 4627 1540 4682 missam
1553 4629 1712 4683 Romanam
1723 4641 1782 4680 non
1795 4640 1875 4679 coru-

191 4707 287 4780 patuit
299 4706 432 4777 scriptam
447 4707 532 4764 fuisse
548 4725 554 4763 :
569 4710 597 4764 id
614 4713 710 4766 autem
730 4712 837 4768 lactum
849 4731 866 4767 a
878 4712 976 4769 Garolo
996 4713 1105 4784 llagno,
1120 4713 1252 4767 hortante
1270 4714 1392 4770 Adriano
1405 4733 1487 4788 papa,
1502 4716 1587 4788 vulgo
1600 4716 1701 4772 docent
1712 4715 1761 4787 qui
1779 4713 1814 4769 de
1828 4714 1874 4768 his

191 4797 276 4852 rebus
287 4796 445 4850 accuratius
458 4797 641 4868 scripserunt,
658 4798 711 4854 hoc
725 4804 767 4854 est
784 4803 836 4856 sub
855 4803 942 4858 sanem
956 4801 1051 4858 saeculi
1066 4817 1124 4855 vrit.
1138 4802 1243 4856 Verum
1258 4808 1289 4858 ut
1302 4803 1337 4857 ad
1357 4804 1489 4861 Germani
1507 4805 1630 4878 episcopi
1649 4811 1779 4876 tempora
1797 4802 1873 4859 hauc

191 4885 373 4956 scriptionem
387 4884 519 4956 referam,
535 4887 605 4941 illud
618 4887 695 4957 lacit,
712 4888 788 4960 quod
811 4894 876 4961 post
888 4893 972 4948 lectas
993 4895 1155 4947 sanctorum
1176 4892 1291 4946 Petrum
1311 4893 1452 4965 homilias,
1467 4894 1590 4951 declarat
1607 4911 1734 4968 precesa
1751 4892 1873 4948 diacono

191 4989 277 5045 super
290 4973 507 5029 catechumenos
519 4976 606 5030 lactas
618 4979 683 5031 ante
696 4991 794 5032 eorum
809 4982 836 5033 et
850 4979 1006 5037 infidelium
1017 4980 1051 5036 de
1062 4980 1177 5036 ecclesia
1187 4981 1365 5052 eJectionem,
1375 4983 1423 5055 qui
1441 4984 1511 5038 ritus
1524 4984 1570 5039 vix
1588 4983 1719 5041 Germani
1740 4987 1873 5055 tempora

191 5061 296 5133 attigit.
310 5063 486 5134 Quapropter
498 5065 595 5119 saltem
609 5065 703 5120 medio
716 5067 818 5121 saeculo
832 5085 858 5122 vr
872 5086 941 5140 opus
953 5085 1074 5143 sequens
1087 5069 1223 5141 scriptum
1237 5070 1321 5126 luisse
1337 5071 1542 5143 existimamus,
1558 5075 1638 5146 cujus
1654 5072 1697 5128 vel
1710 5072 1873 5129 inconditus

192 5149 331 5249 scribendi
347 5151 448 5207 modus
463 5156 491 5208 et
514 5154 641 5213 barbarae
662 5171 743 5212 voces
761 5158 958 5228 auticpritetem
978 5160 1187 5228 demonstraul;
1203 5160 1277 5216 ende
1292 5165 1320 5216 et
1333 5161 1433 5233 religio
1450 5162 1532 5218 nobis
1544 5163 1599 5219 luit
1615 5163 1771 5236 quidquam
1787 5163 1816 5217 in
1831 5164 1872 5218 eis

192 5255 343 5312 corrigere.
