3878 6150
125 248 192 305 rosv
690 243 817 304 ancon
837 245 932 302 saxu
952 219 1229 303 sorrnnnnarulr.
1747 240 1811 300 roa

127 358 182 414 sub
195 352 288 428 specie
298 352 507 427 exsequiarum,
516 372 549 409 ea
559 359 704 427 perpetret
718 372 782 427 qrrae
794 373 886 428 neque
899 356 942 413 di·
954 355 1079 439 Asteria
1091 353 1144 409 sub
1158 353 1255 425 aliquo
1267 350 1375 408 censeri
1388 357 1499 424 oportet
1511 349 1649 417 antistite,
1666 354 1696 405 et
1708 349 1812 408 babere

127 447 946 523 cereosqueinanimocogitaresolitariamritamexercen·
993 446 1244 519 (quemadmodum
1254 445 1386 516 diximus)
1400 461 1470 517 quos
1487 445 1586 500 dicunt
1599 442 1810 515 apocrisiarios,

126 545 202 600 tibus
213 543 494 616 pvrlcbrumest.Crrm
502 559 568 598 vero
577 542 647 597 illud
656 560 686 598 re
694 543 753 614 ipsa
761 544 943 599 urauifestum
992 542 1068 595 viros
1078 544 1159 596 atate
1170 538 1337 612 graves,qni
1347 543 1376 593 et
1391 539 1420 594 in
1432 537 1590 594 monastica
1594 537 1656 609 jam
1664 537 1813 609 disciplina

126 639 236 707 existat,
246 639 439 711 quodnecess'e
448 636 483 692 sit
494 653 542 692 eos
552 637 602 708 qui
612 637 943 709 sepulturisperagendis
992 629 1814 707 impendiodecertarint,nequefacilecorporissustineant

126 732 318 790 ministerium
332 729 472 802 praebent,
487 736 515 784 ct
527 730 651 784 maxima
667 732 716 802 qui
730 731 943 803 feretradepor·
992 728 1125 801 impetus,
1141 731 1169 781 et
1184 726 1269 782 rebus
1291 725 1444 798 gerendis,
1468 729 1553 796 atque
1568 725 1700 796 ipsorum
1717 723 1812 780 usibus

127 825 304 896 tant,quique
314 824 472 889 defodiunt,
480 824 591 895 ingredi
602 824 632 879 in
644 825 942 894 monaste1·ia,ressane
991 821 1127 876 vacarint.
1135 822 1231 892 Neque
1238 820 1420 885 hortantum,
1430 819 1453 873 si
1464 819 1590 873 virorum
1602 818 1811 874 monasterinm

127 918 248 975 difficilis
263 918 388 973 consistit
402 919 430 973 in
442 917 638 986 muliebribus,
649 934 713 972 cum
725 919 760 973 ob
774 918 827 973 alia
841 920 941 989 multa,
992 915 1037 982 sit,
1053 915 1201 971 sedetiam
1218 914 1241 968 si
1255 913 1410 967 mulierum
1427 913 1499 966 forte
1514 912 1560 981 sit,
1574 911 1633 966 duo
1646 911 1738 983 aliqui
1749 909 1811 979 ἡ,
1859 945 1865 951 ·

126 1016 187 1068 tum
201 1016 318 1084 propter
331 1012 479 1084 praefatam
492 1012 724 1084 prohibitionem.
741 1012 888 1067 Sancimus
905 1019 943 1067 ta-
991 1008 1036 1064 vel
1060 1008 1091 1077 (si
1110 1007 1209 1063 haberi
1229 1007 1356 1079 possunt)
1378 1005 1501 1060 eunuchi
1526 1005 1749 1072 constituantur,
1765 1005 1815 1076 qui

122 1109 195 1164 men
210 1109 240 1161 ut
255 1107 405 1178 siquando
420 1109 475 1162 tale
485 1106 591 1179 aliquid
601 1107 790 1172 futurumst,
802 1106 943 1161 etmulier
992 1102 1166 1174 amplissimo
1182 1100 1343 1156 testimonio
1358 1099 1540 1170 comprobati,
1555 1099 1674 1169 negotia
1685 1097 1813 1172 ipsarum

126 1200 392 1273 aliquainmuliebri
402 1201 555 1273 sepeliatur
567 1200 736 1256 monasterio
750 1199 851 1269 (virum
864 1200 942 1255 enim
993 1202 1103 1268 gerant,
1120 1201 1149 1251 et
1163 1195 1333 1250 ineffabilem
1341 1194 1409 1264 ipsis
1422 1192 1743 1261 communionem,cum
1755 1191 1814 1262 ejus

127 1295 167 1350 ibi
183 1295 294 1367 sepeliri
311 1312 369 1349 nou
385 1295 596 1366 permittimus),
611 1293 854 1350 reverendissimas
876 1294 941 1365 qui·
992 1290 1034 1345 rei
1046 1289 1244 1361 opportunitas
1253 1289 1316 1357 erit,
1332 1287 1513 1343 distribuant.
1531 1284 1613 1350 Quod
1624 1284 1650 1339 si
1663 1283 1707 1338 illi
1719 1283 1755 1339 de
1768 1301 1815 1339 ne-

126 1389 192 1445 dem
206 1388 340 1444 mulieres
363 1389 392 1443 in
415 1405 466 1443 sno
492 1393 678 1460 permaneant
696 1387 866 1456 habitaculo,
882 1388 943 1443 sola
992 1384 1119 1438 cessitate
1131 1382 1227 1454 aliqua
1249 1380 1423 1447 monasterii,
1438 1385 1486 1435 aut
1499 1395 1564 1451 quae
1579 1394 1669 1432 unam
1685 1377 1813 1450 aliquam

127 1486 223 1537 autem
239 1482 367 1548 ostiaria,
385 1482 441 1537 sive
457 1482 596 1549 ostiariae,
611 1486 639 1536 et
657 1482 719 1553 ipsa
732 1481 805 1536 forte
820 1481 853 1554 (si
866 1481 942 1552 velit)
991 1474 1480 1532 reverendissimarumascetriarum
1491 1471 1648 1545 pertingat,
1659 1471 1815 1527 necessarii

127 1576 243 1633 antistes
256 1575 299 1630 his
316 1592 380 1646 qnoe
391 1574 463 1630 frunt
477 1576 597 1631 intersit.
615 1575 705 1631 Simul
721 1579 806 1647 atque
821 1591 888 1631 vero
902 1575 943 1630 illi
991 1569 1098 1641 aliquid
1115 1569 1210 1624 dicere
1225 1567 1376 1633 volueriut,
1393 1567 1592 1638 colloquantur
1604 1581 1641 1618 ea
1653 1563 1689 1618 de
1704 1579 1813 1619 recum

127 1686 191 1740 quaa
205 1669 279 1723 circa
293 1668 439 1739 exsequias
459 1668 520 1723 lieri
541 1668 647 1737 solent,
668 1673 727 1723 tam
746 1669 875 1739 sepulcro
899 1668 940 1723 ef·
992 1663 1049 1717 sola
1059 1663 1194 1731 antistite,
1203 1665 1516 1733 nequepraetereacum
1525 1658 1584 1713 ulla
1592 1657 1652 1712 alia
1661 1656 1813 1712 mulierum

127 1763 201 1821 fosso
211 1779 296 1834 quam
308 1778 425 1832 corpore
435 1762 589 1830 recondito,
604 1761 757 1831 effecerint,
775 1761 871 1817 statim
884 1762 941 1817 dis·
951 1734 980 1807 B
992 1779 1055 1834 quae
1066 1761 1094 1816 in
1104 1760 1300 1816 eoconsistant
1310 1757 1492 1826 monasterio,
1502 1773 1554 1829 per
1563 1755 1813 1811 reverendissimas

128 1853 240 1917 cedant,
254 1868 348 1923 neque
361 1851 470 1922 aliquas
485 1851 536 1922 ipsi
551 1851 775 1907 reverendissimi
785 1854 943 1924 spectantes
992 1861 1087 1912 tamen
1102 1855 1198 1910 omnia
1213 1853 1392 1909 conficientes
1409 1851 1547 1906 ostiarias.
1562 1851 1684 1922 Oportet
1696 1848 1773 1903 enim
1787 1854 1813 1904 et

128 1945 292 2012 mulierum,
311 1961 404 2016 neque
419 1945 455 2000 ab
475 1945 614 2016 aliquibus
626 1962 725 1999 earum
744 1945 870 2016 spectati.
887 1944 944 2001 Sed
993 1947 1158 2020 hujusmodi
1170 1947 1279 2019 aliquas
1292 1946 1414 2001 adfores
1428 1943 1568 2010 collocari,
1585 1959 1653 2014 quac
1664 1942 1813 1997 consimili·

128 2055 221 2111 neque
231 2038 315 2093 aliam
327 2038 508 2110 ingressuum
517 2038 691 2094 occasionem
701 2039 890 2109 excogitanto,
900 2039 944 2094 vel
993 2047 1038 2098 ter
1048 2041 1230 2112 etingrcssus
1239 2044 1266 2094 ct
1277 2039 1368 2095 exitus
1378 2037 1637 2109 respicientes,tam
1649 2035 1746 2090 exitus
1753 2051 1811 2090 ruu-

127 2133 180 2187 riri
191 2133 219 2186 in
232 2132 380 2187 muliebria
395 2133 576 2201 monasteria,
586 2132 630 2187 vel
643 2132 776 2187 mulieres
790 2132 820 2186 in
834 2149 866 2187 ea
879 2148 944 2203 quas
993 2136 1094 2191 lierum
1109 2134 1281 2206 prohibeant
1297 2148 1384 2204 quam
1400 2131 1556 2185 inaccessos
1569 2128 1639 2184 viris
1652 2128 1758 2196 aditus,
1771 2144 1813 2183 ex-

130 2226 196 2281 viris
206 2227 340 2296 deputata
350 2230 425 2294 srrnt,
438 2242 609 2296 percausam
625 2241 724 2280 eorum
733 2241 797 2296 quae
805 2241 945 2297 peragun·
995 2229 1082 2300 ceptis
1094 2226 1282 2300 apocrisariis,
1295 2225 1425 2280 reddant.
1441 2224 1474 2279 lli
1490 2228 1588 2278 antem
1599 2222 1731 2277 ostiarias
1742 2239 1813 2276 acce

129 2324 176 2374 tur
188 2319 261 2373 circa
277 2320 433 2391 exsequias,
455 2335 525 2391 quas
543 2319 646 2374 scilicet
660 2318 812 2373 memorias
826 2318 943 2391 appelli·
995 2322 1073 2389 dent,
1084 2324 1114 2377 et
1124 2321 1261 2376 adventus
1271 2319 1437 2374 suicausam
1446 2320 1599 2388 exponent.
1612 2317 1741 2371 Antiates
1752 2333 1812 2371 vem

128 2416 199 2481 tant,
213 2413 242 2467 in
255 2413 371 2468 tertium
385 2429 549 2484 nonumque
561 2412 636 2468 diem
652 2412 861 2479 convenientes,
876 2412 945 2467 item
995 2431 1025 2470 re
1035 2415 1156 2486 cognita,
1169 2419 1197 2469 et
1206 2429 1366 2485 progressa,
1378 2427 1443 2466 cum
1455 2411 1500 2467 his
1506 2410 1698 2482 colloquetur,
1707 2410 1811 2482 ipsique

128 2523 193 2562 cum
207 2506 397 2579 quadraginta
410 2507 595 2572 excesserint,
609 2511 657 2561 aut
671 2506 755 2561 etiarn
769 2523 946 2573 annus‚cum
995 2509 1030 2565 ad
1057 2508 1135 2564 illam
1160 2508 1284 2563 referent
1309 2523 1342 2561 ea
1365 2521 1430 2577 quae
1451 2504 1699 2576 dispensationem
1719 2519 1812 2558 eorum

128 2600 369 2672 liceat,siquidem
386 2600 523 2656 muliebre
535 2599 740 2655 monasterium
757 2601 803 2669 sit,
813 2600 946 2655 mulieres
996 2605 1204 2658 concernuntet
1211 2599 1418 2667 necessitatem,
1436 2597 1627 2671 quamobrem
1638 2598 1811 2653 accesserint

128 2694 224 2749 omnia
249 2710 404 2766 perngero;
418 2693 441 2748 si
462 2693 550 2761 virile,
573 2693 661 2760 viros,
675 2709 767 2765 neque
782 2710 834 2765 per
848 2693 945 2764 hujus·
997 2697 1088 2768 fitque
1101 2695 1140 2750 ita
1160 2700 1189 2751 et
1208 2695 1335 2749 humana
1353 2693 1471 2764 pulchre
1482 2690 1774 2759 administrabuntur,
1788 2693 1812 2746 ct

131 2788 208 2842 modi
222 2787 398 2842 occasionem
414 2786 622 2842 venerabilibus
635 2786 811 2841 monasteriis
822 2786 947 2858 aliquam
997 2789 1121 2845 exomni
1136 2792 1216 2861 parte
1229 2787 1308 2842 nullo
1320 2791 1427 2842 tentata
1440 2786 1515 2841 malo
1528 2783 1647 2841 durabit
1658 2784 1780 2840 castitas.

129 2880 491 2945 inrrrereinfamiam.0uia
503 2879 829 2951 veronihileorumquae
842 2879 949 2934 inclusa
1034 2884 1115 2938 Certe
1130 2881 1152 2936 si
1169 2881 1233 2952 quis
1247 2880 1394 2952 delinquat
1415 2879 1457 2949 (ut
1477 2879 1569 2934 multa
1591 2880 1662 2932 sunt
1680 2877 1809 2945 humans,

129 2979 195 3028 sunt
205 2974 325 3045 legibus,
334 2974 375 3028 nti
386 2991 501 3045 aequum
513 2978 563 3040 est,
573 2973 678 3028 servari
689 2976 793 3046 potest,
813 2973 867 3028 nisi
880 2990 947 3028 con·
998 2991 1091 3048 neque
1100 2975 1251 3047 quisquam
1264 2974 1303 3029 ita
1320 2973 1465 3029 continere
1481 2977 1616 3027 naturam
1631 2974 1726 3043 potest
1736 2971 1765 3026 in
1778 2972 1810 3026 of·

131 3067 290 3121 venientem
302 3067 405 3121 habeat
415 3067 582 3135 custodiam,
594 3066 736 3120 sancimus
743 3071 776 3121 nt
788 3066 837 3139 qui
851 3067 945 3137 cujus·
998 3069 1071 3138 ficio,
1083 3067 1313 3140 quinaliquando
1320 3070 1425 3138 peccet,
1439 3067 1495 3122 hoc
1504 3065 1584 3121 enim
1592 3064 1684 3120 solius
1693 3070 1737 3120 est
1750 3066 1809 3134 oei),

129 3177 184 3232 qne
201 3159 361 3214 monasterii
376 3176 426 3230 pro
439 3165 568 3230 tempore
584 3159 688 3230 praesul
701 3159 797 3227 fuerit,
813 3160 947 3215 continue
998 3164 1072 3217 hunc
1080 3161 1206 3233 quidem,
1219 3162 1242 3216 si
1251 3160 1394 3216 mediocre
1402 3159 1541 3215 delictum
1551 3160 1601 3225 sit,
1617 3163 1646 3215 et
1653 3159 1808 3228 admoneto,

132 3254 267 3324 adipsum
278 3253 493 3320 animadvertat,
503 3256 531 3307 et
540 3252 790 3324 inunoquoquead
800 3253 889 3308 instar
895 3253 946 3322 rei,
998 3260 1026 3311 et
1038 3255 1154 3310 seorsim
1170 3255 1314 3323 includito,
1329 3258 1497 3326 tempusque
1511 3253 1554 3308 illi
1566 3253 1715 3326 assignato
1733 3252 1810 3324 pani

131 3354 158 3403 et
173 3347 328 3418 disciplina
343 3346 464 3419 publicae
480 3363 596 3418 operam
616 3351 711 3401 navet.
739 3337 772 3400 Et
795 3345 883 3401 sicubi
904 3348 948 3402 vel
997 3349 1104 3414 tentiae,
1118 3352 1151 3403 ut
1162 3348 1279 3403 meliore
1294 3347 1402 3403 radone
1418 3351 1563 3420 percepta,
1584 3347 1622 3402 ad
1634 3347 1759 3419 seipsum
1770 3361 1808 3400 re·

131 3441 280 3512 paululum
290 3440 425 3513 quiddam
434 3444 533 3495 contra
546 3441 680 3496 decorum
691 3439 748 3508 fiat,
758 3439 886 3510 protinus
896 3440 948 3495 hoc
997 3443 1070 3510 deal,
1082 3458 1174 3514 neque
1183 3441 1322 3513 depensos
1331 3441 1392 3511 jam
1404 3444 1433 3496 et
1442 3440 1599 3497 exhaustos
1609 3440 1724 3495 labores
1735 3439 1808 3494 amit·

131 3535 274 3603 emendet,
291 3551 383 3606 neque
396 3533 554 3588 committat
576 3538 608 3588 ut
630 3533 720 3604 major
735 3533 836 3588 exinde
855 3534 949 3605 lapsus
998 3541 1047 3591 tat.
1065 3536 1114 3591 Sin
1128 3552 1194 3591 vero
1209 3534 1301 3606 major
1313 3535 1407 3606 lapsus
1427 3534 1525 3604 fuerit,
1543 3550 1597 3605 pro
1613 3534 1701 3589 modo
1714 3532 1809 3606 peccati

132 3630 248 3697 oriatur,
265 3632 293 3682 ot
313 3628 408 3682 anima
431 3645 495 3699 quae
511 3627 546 3682 ad
569 3627 691 3682 salutem
713 3644 746 3682 ex
775 3632 871 3682 sancta
884 3627 949 3682 vitre
998 3614 1148 3685 adhibetor
1162 3628 1247 3683 etiam
1263 3627 1468 3683 emendationis
1483 3627 1644 3698 diligentia,
1654 3630 1686 3682 et
1694 3627 1808 3682 itemve·

131 3726 216 3793 atque
230 3722 295 3776 fidei
308 3721 485 3776 institutione
507 3721 720 3793 provenientem
744 3721 880 3792 confugit,
903 3738 950 3792 pe·
999 3722 1207 3779 hamentiorem
1220 3721 1455 3791 admonitionem,
1470 3725 1499 3776 et
1510 3720 1664 3776 fortiorem
1678 3721 1809 3792 preniten-

133 3821 202 3873 reat.
999 3817 1067 3872 tiam
1077 3816 1211 3889 expetito.
1224 3817 1257 3871 Et
1267 3815 1407 3887 siquidem
1423 3815 1500 3870 hisce
1516 3815 1613 3870 modis
1628 3831 1741 3871 servare
1754 3829 1810 3870 eum

169 3910 229 3978 lpse
245 3924 357 3978 qnoque
370 3909 606 3963 monasteriorum
621 3924 748 3964 summus
765 3910 880 3980 praesul,
892 3908 949 3963 sive
999 3910 1129 3977 valuerit,
1138 3909 1188 3980 qui
1199 3908 1256 3964 labi
1265 3913 1389 3980 coeperat
1407 3907 1493 3981 (idem
1512 3911 1612 3963 autem
1625 3913 1655 3963 et
1673 3909 1704 3964 in
1718 3907 1809 3963 mulie·

132 4001 163 4057 in
172 4000 233 4056 loco
243 4000 288 4065 sit,
300 4000 540 4071 quemadmodum
556 4001 585 4055 iu
598 4002 650 4055 hac
668 4006 710 4056 est
721 4002 801 4066 urbe,
811 4002 867 4056 sive
879 4018 947 4070 non,
1000 4004 1078 4059 ribus
1087 4002 1294 4058 sanctimoniali
1306 4003 1370 4057 vitae
1380 4001 1491 4068 deditis,
1507 4006 1536 4057 et
1548 4001 1580 4055 in
1593 4001 1665 4056 viris
1680 4002 1811 4067 dicimus),

133 4093 215 4149 enixe
229 4094 257 4148 in
267 4109 328 4147 eam
347 4109 405 4148 rem
421 4109 537 4164 operam
549 4093 624 4162 dato,
636 4098 665 4148 et
678 4093 871 4165 apocrisiarios
886 4111 950 4149 suos
1000 4113 1104 4167 magno
1116 4097 1170 4151 [teo
1181 4096 1285 4168 gratias
1298 4101 1376 4167 agat,
1388 4095 1437 4167 qui
1450 4098 1479 4150 et
1489 4094 1633 4166 angelicis
1646 4095 1678 4151 in
1692 4095 1761 4151 coelo
1773 4112 1811 4167 po

133 4187 175 4251 (nt
189 4189 399 4257 nuncupantur)
417 4204 468 4257 per
479 4187 653 4242 monasteria
668 4187 815 4256 dimittit03
828 4187 951 4242 evicinis
1000 4190 1146 4246 testatihus
1165 4188 1302 4261 gaudium
1316 4188 1421 4244 oboriri
1436 4187 1508 4243 dirit
1519 4187 1543 4242 si
1554 4189 1623 4260 quis
1636 4194 1812 4261 peccatorum

133 4281 218 4336 etiam
234 4281 399 4352 interroget,
414 4280 541 4351 nunquid
558 4280 624 4335 mali
639 4281 666 4335 in
682 4281 777 4352 aliquo
792 4280 950 4336 vicinorum
1000 4285 1135 4338 servetur.
1149 4284 1185 4347 At
1199 4281 1223 4336 si
1236 4280 1369 4337 delictum
1381 4280 1504 4336 atrocius
1516 4279 1552 4335 sit
1563 4297 1656 4352 quam
1669 4283 1747 4354 quod
1761 4298 1812 4337 me·

133 4378 312 4446 perpetretur
322 4373 573 4442 monasteriorum3
589 4379 673 4445 atque
687 4376 748 4429 hacc
762 4374 857 4429 omnia
870 4391 950 4430 cocr—
1000 4377 1064 4431 dela
1076 4375 1201 4448 reparari
1215 4375 1310 4447 possit,
1326 4379 1394 4430 tunc
1410 4390 1524 4446 prorsus
1537 4376 1718 4432 monasterio
1730 4376 1814 4447 ipsum

134 4472 206 4533 ceto,
223 4472 251 4521 et
270 4471 478 4539 competentem
492 4484 543 4538 pro
566 4466 704 4538 dignitate
719 4467 876 4539 impendito
888 4468 989 4540 pro-1)
1000 4469 1143 4540 expellito,
1158 4471 1189 4523 ut
1202 4485 1267 4523 cum
1281 4467 1404 4539 seipsum
1417 4484 1434 4521 a
1447 4467 1619 4523 melioribus
1630 4469 1669 4524 ad
1683 4470 1816 4526 deteriora

135 4560 298 4615 videntiam.
315 4560 366 4614 Sed
379 4565 406 4614 et
419 4561 555 4631 cujusque
569 4560 688 4615 civitatis
702 4561 886 4632 episcopusin
897 4562 950 4616 hoc
1001 4563 1161 4624 contulerit.
1169 4561 1229 4633 ipse
1237 4562 1313 4617 solus
1320 4561 1509 4632 improbitatis
1517 4563 1815 4635 suaefructrrmcapiat,

134 4652 337 4724 providentiam
356 4653 498 4719 adhibeto,
515 4653 572 4708 sive
588 4655 757 4725 patriarcha,
774 4655 830 4709 sive
843 4660 949 4709 metro·
1001 4673 1093 4728 neque
1105 4655 1239 4710 vitiorum
1262 4671 1378 4709 suorum
1397 4654 1503 4726 aliquid
1520 4656 1632 4711 ceteris
1651 4657 1816 4729 contagione

135 4746 286 4816 politanus,
310 4747 367 4800 sive
396 4746 558 4818 quicunque
582 4747 635 4813 sit;
652 4754 680 4802 et
703 4747 951 4803 reverendissimos
1001 4749 1118 4817 affricet,
1133 4748 1373 4820 quemadmodum
1391 4753 1469 4819 peste
1483 4748 1648 4804 laborantia
1668 4756 1700 4806 et
1711 4751 1816 4806 incura-

135 4839 296 4894 defsnsores
306 4839 430 4894 ecclesiae
441 4856 499 4893 surr
511 4841 625 4909 mittito,
640 4841 688 4912 qni
703 4842 762 4896 hnc
773 4841 948 4913 perquirant,
1000 4843 1092 4897 biliter
1104 4841 1273 4914 aegrotantia
1289 4842 1380 4896 solent
1393 4857 1505 4913 pecora.
1520 4843 1592 4897 Nam
1607 4848 1639 4898 ut
1654 4845 1780 4900 maxime
1791 4841 1817 4898 hi

135 4936 163 4985 et
176 4932 332 4991 observent.
350 4950 442 5004 neque
458 4934 640 4989 committant
654 4939 686 4989 ut
697 4941 800 5006 prater
814 4935 954 5009 decorum
999 4936 1251 5008 neglexerint,non
1264 4939 1359 4990 tamen
1374 4934 1565 5006 maiestasista
1579 4936 1722 5008 despiciet
1736 4938 1817 5008 impe·

135 5023 290 5096 quidquam
299 5026 356 5080 fiat.
366 5026 417 5081 Sed
430 5032 458 5081 et
468 5027 491 5080 si
500 5027 568 5098 quid
584 5028 640 5082 tale
650 5032 837 5099 perpetretur,
848 5032 879 5083 ut
894 5029 950 5100 pri·
999 5028 1816 5100 ratoria,nequeindignationecontraidfactum,conhare

135 5121 949 5192 mr)qnoquctemporehoccorrigart.Consimiliterautem
999 5124 1127 5178 locorum
1137 5123 1302 5194 episcopum
1312 5128 1341 5176 et
1350 5121 1609 5193 ecclesiasticosqui
1623 5125 1678 5178 sub
1688 5124 1750 5196 ipso
1759 5140 1817 5179 con·

134 5215 163 5267 ct
177 5211 366 5266 sanctissimus
378 5213 464 5282 hujus
478 5215 560 5269 alutae
573 5215 650 5269 urbis
665 5215 826 5286 patriarcha
838 5232 872 5269 ea
885 5232 949 5286 quae
999 5216 1089 5271 stituti
1104 5220 1179 5284 sunt,
1193 5215 1364 5285 abstinebit,
1381 5215 1434 5270 nisi
1459 5216 1512 5269 hoc
1526 5215 1755 5285 observaverint,
1775 5216 1813 5272 ni·

133 5305 305 5359 monasteria
323 5306 369 5359 hic
388 5312 565 5363 concernunt
585 5308 741 5380 perquirito
752 5326 760 5377 ;
783 5313 810 5363 et
826 5309 886 5379 ejus
907 5309 948 5363 rei
1000 5310 1106 5364 mirum
1126 5325 1191 5363 cnm
1211 5309 1272 5379 ejus
1288 5308 1396 5380 negotii
1418 5308 1566 5380 diligentia
1586 5311 1750 5366 necessario
1768 5310 1814 5383 ipsi

134 5399 262 5453 custodes
285 5398 331 5452 flei
356 5400 561 5456 amantissimos
585 5402 747 5458 defensores
766 5408 948 5457 sacrosancta
998 5403 1083 5458 etiam
1093 5402 1232 5473 majestati
1240 5402 1432 5472 imperatoriae
1440 5401 1597 5460 incumbat.
1610 5403 1640 5459 si
1651 5405 1733 5460 enim
1744 5405 1815 5478 puris

134 5492 248 5560 iunioris
258 5491 392 5560 ecclesie,
407 5498 434 5548 et
447 5510 627 5567 quoscunque
637 5497 878 5569 diligentissimos,
893 5496 947 5550 ho·
998 5497 1038 5551 illi
1048 5495 1187 5567 nudisque
1198 5495 1329 5550 manibus
1341 5512 1391 5567 pro
1402 5495 1547 5565 republica
1557 5513 1659 5567 preces
1673 5499 1812 5554 Deoobtu·

133 5585 361 5657 irrratissinrosque
376 5601 436 5641 esse
450 5587 592 5658 putaverit
604 5591 775 5658 constituito,
791 5596 824 5645 nt
838 5588 948 5661 majore
998 5589 1093 5656 tarint,
1106 5590 1286 5644 manifestum
1298 5605 1364 5643 sane
1378 5589 1454 5661 quod
1463 5594 1491 5644 et
1500 5606 1545 5645 res
1557 5591 1693 5648 militaris
1704 5593 1813 5665 pulchre

132 5676 259 5732 adhibita
273 5679 413 5745 custodia,
439 5678 560 5750 amplior
581 5680 647 5735 item
664 5682 837 5750 observatio,
856 5688 883 5737 et
896 5699 948 5753 pro
998 5697 1027 5733 se
1039 5678 1164 5744 babebit,
1183 5683 1211 5733 et
1220 5678 1344 5733 civitates
1354 5678 1383 5733 in
1398 5679 1473 5734 bono
1483 5681 1560 5734 statu
1571 5686 1670 5738 erunt.
1680 5682 1739 5737 Deo
1752 5683 1813 5736 item

120 5767 232 5823 defictis
248 5771 372 5828 vindicta
388 5772 531 5847 procedat.
550 5772 701 5832 Enimvero
717 5776 828 5848 singula
842 5792 943 5831 mona·
997 5771 1121 5846 propitio
1134 5789 1165 5829 ac
1176 5773 1314 5830 benevolo
1322 5773 1485 5843 constituto,
1499 5773 1647 5846 quomodo
1655 5791 1717 5834 non
1725 5775 1814 5834 omnia
