3878 6150
139 198 190 302 rac
531 238 678 296 slucrus
696 237 875 304 sonamus,
895 234 1209 295 surrsuoooarnsrs
1228 234 1418 293 urlscoPUS.
1774 249 1826 303 κο

138 369 223 410 voces
236 353 453 424 praecesserunt,
466 349 653 419 rogantes,ut
665 346 796 403 ordinem
809 345 955 417 praefatio-
965 365 995 439 Α
1004 345 1136 399 Romana
1151 343 1276 399 Ecclesia
1288 343 1427 398 hactenus
1441 344 1579 402 servavit:
1604 363 1695 404 unam
1708 347 1739 406 in
1748 351 1825 410 Albi,

140 463 223 516 num,
239 447 433 517 quemsancta
446 441 707 497 RomanaEcclesia
720 438 952 496 hactenushaba·
1004 437 1195 509 paschalibus,
1212 437 1297 492 aliam
1319 437 1354 492 de
1366 437 1539 495 ascensione
1561 441 1688 511 Domini,
1708 446 1824 504 tertiam

138 543 194 609 ret,
214 539 318 595 nostris
342 537 441 593 litteris
454 534 534 590 vobis
558 535 809 590 remandaremus.
825 535 903 589 Tunc
918 534 953 590 de
1004 530 1040 585 de
1054 533 1232 598 Pentecoste,
1248 535 1382 602 quartam
1395 529 1431 586 de
1443 532 1536 589 Natali
1549 535 1677 604 Domini,
1690 538 1822 609 quintam

139 637 234 690 vestra
245 633 390 688 voluntate
406 634 435 684 at
445 628 539 684 studio
559 632 621 684 tam
634 628 711 684 bono
726 630 850 684 multum
864 626 953 699 gavisi
1004 624 1039 680 de
1048 624 1227 696 apparitione
1242 625 1369 694 Domini,
1385 628 1497 682 sextam
1520 627 1555 684 de
1570 630 1720 701 apostolis,
1736 635 1821 705 septi.

87 721 92 730 ’
140 743 247 794 sumus,
257 730 405 780 etsacrum
417 722 549 779 ordinem
556 724 731 788 Romanum,
741 738 878 793 sacraque
889 739 954 777 con·
1004 733 1084 773 marn
1098 718 1134 773 de
1148 721 1247 775 sancta
1258 718 1407 787 Trinitate,
1419 722 1549 776 octavam
1560 721 1595 777 de
1604 732 1701 792 cmce,
1713 742 1821 784 nonam

140 823 238 877 stituta
253 822 416 873 nostrorum
425 820 639 872 antecessorum
649 817 769 872 solerter
778 816 953 888 relegentes,
1004 811 1152 883 iujejunio
1167 811 1645 884 etQuadragesimatantummodo
1655 815 1818 877 dicendam.

139 912 302 970 invenimus
311 912 361 966 has
371 927 476 966 novem
485 910 671 982 prefationes
684 910 713 965 in
727 925 807 965 sacro
822 910 953 981 catalogo
1003 905 1058 960 llas
1072 906 1342 976 praefationestenet
1356 912 1385 963 et
1394 908 1517 964 custodit
1525 913 1624 966 sancta
1633 911 1819 971 RomanaEc-

139 1006 339 1064 tantummodo
350 1004 539 1077 recipiendas,
547 1021 618 1077 quas
630 1005 719 1076 longa
727 1006 805 1060 retro
814 1003 952 1061 veritasin
1003 1003 1098 1059 clesia.
1116 1005 1170 1059 llas
1183 1004 1324 1060 tenendas
1339 1005 1419 1061 vobis
1433 1006 1616 1065 mandamus.

139 1197 211 1248 nullo
225 1195 332 1247 nomine
346 1194 489 1258 signantur.
504 1193 577 1244 Eurr.

139 1286 1817 1353 m
1848 1304 1853 1329 ι

842 1414 947 1460 EODEM
968 1413 1122 1459 TEMPORE.

333 1526 859 1732 SANCTUS
952 1525 1619 1755 roulariis,

449 1815 813 1927 EPISGOPUS
851 1810 1510 1927 aUTlSSlODORENSlS.

599 2108 766 2239 lllllll
807 2107 862 2236 th
904 2105 1052 2236 llllll
1097 2104 1355 2235 llllllllll.

173 2410 380 2478 aunacharius,
395 2409 541 2482 quietper
552 2425 707 2482 syncopem
718 2408 989 2494 aunarius,llliusB
1001 2405 1224 2461 celebrarentur.
1239 2405 1277 2459 Ex
1290 2404 1394 2476 quibus
1408 2403 1475 2459 satis
1487 2408 1610 2477 apparet
1621 2407 1692 2460 tunc
1703 2406 1817 2476 majoris

136 2504 364 2562 eratPastoriset
376 2504 709 2576 Ragnoarae,germanus
722 2502 951 2558 autemaustrini
1001 2498 1127 2554 ecclesiae
1137 2498 1246 2571 aterum
1262 2515 1321 2553 non
1335 2496 1494 2553 admodum
1518 2498 1708 2570 frequentem
1722 2499 1814 2554 fuisse.

137 2597 263 2670 episcopi
275 2597 489 2652 Aurelianensis
502 2601 531 2652 et
543 2597 741 2669 austregildis,
753 2597 951 2653 matrissancti
1000 2593 1099 2648 Tribus
1111 2592 1275 2665 subscripsit
1283 2591 1410 2647 conciliis
1416 2591 1785 2660 aunacharius,Parisieusi
1793 2609 1816 2648 n

136 2691 208 2763 Lupi
222 2690 397 2747 senonensis
411 2690 555 2759 antistitis,
570 2694 600 2745 ut
612 2707 645 2746 ex
660 2691 789 2762 ejusdem
799 2691 870 2762 Lupi
888 2689 951 2746 Vita
1000 2703 1077 2741 anno
1100 2689 1150 2742 573
1170 2690 1199 2741 et
1210 2685 1464 2741 Matiscouensihus
1481 2685 1594 2742 duobus
1609 2687 1697 2741 aunis
1721 2689 1770 2743 583
1789 2690 1814 2741 et

136 2785 280 2842 discimus.
296 2785 376 2840 Hunc
385 2785 542 2857 aliquando
551 2786 727 2842 monachum
734 2784 820 2840 luisse
828 2784 949 2840 etahha·
1001 2783 1098 2848 osaea
1111 2779 1365 2850 augustodunensi
1372 2795 1419 2834 au.
1429 2781 1490 2847 589,
1504 2779 1586 2850 quus
1595 2796 1664 2835 cum
1678 2780 1812 2852 episcopis

135 2884 196 2934 tem
209 2877 305 2935 Sancti
319 2879 455 2934 Germani
467 2879 575 2952 vulgati
592 2879 701 2934 indices
727 2883 868 2946 asserunt,
882 2878 951 2950 quia
1000 2874 1112 2945 scripsit
1121 2874 1159 2929 ad
1173 2873 1391 2945 Gundegilisum
1401 2872 1651 2944 burdegalensem
1667 2874 1811 2946 epistolam

170 1134 339 1184 ossuuvlrro.
354 1132 489 1181 hectorem
500 1130 544 1180 hic
559 1143 666 1181 monere
675 1129 757 1195 juvat,
767 1131 845 1239 {otas
856 1142 914 1194 qna
930 1127 1026 1193 Pelagii
1040 1129 1060 1178 ll
1075 1129 1200 1193 opuscula
1215 1129 1344 1180 illustrant
1355 1129 1466 1182 Labbaeo
1481 1145 1537 1183 asse
1550 1131 1705 1186 tritinendas
1720 1137 1820 1202 quoties

771 1242 799 1285 ,4,
865 1243 872 1253 -

31 2978 34 2985 '
135 2973 210 3029 forte
224 2972 386 3027 coenobium
401 2972 761 3029 SanctiGermanivocatur
774 2973 835 3044 ejus
847 2987 949 3027 mona·
1000 2984 1064 3040 quae
1082 2968 1207 3022 refertur
1220 2985 1238 3022 a
1253 2967 1391 3039 Gregorio
1412 2967 1573 3023 Turonensi
1584 2967 1638 3022 lib.
1653 2984 1692 3039 11,
1709 2985 1770 3041 cap.
1784 2970 1807 3023 ll

136 3065 293 3120 steriumin
306 3065 381 3119 actis
394 3066 638 3135 sanctiWalarici,
654 3065 948 3138 seuquia,exllerico,
1001 3069 1083 3135 (Tom.
1108 3066 1210 3122 Potrot.
1235 3068 1330 3133 LXXI,
1356 3066 1405 3120 cot.
1429 3068 1480 3120 tlt)
1498 3070 1524 3121 et
1545 3067 1643 3137 eeqqa.
1671 3067 1810 3139 synodum

136 3159 229 3216 sancti
242 3158 378 3215 Germani
391 3159 540 3214 basilicam
559 3160 719 3230 magnificis
742 3159 856 3231 praediis
870 3160 948 3215 locu·
998 3158 1279 3232 ipsehabuitinurbe
1293 3175 1418 3214 suarum
1429 3158 1808 3234 dioecesisabbatibus‚pres

135 3252 262 3326 pletavit.
277 3253 350 3308 Nam
365 3253 469 3308 eodem
483 3257 598 3310 auctore
623 3253 732 3325 primos
748 3253 949 3311 adolescentiae
998 3252 1106 3324 byteris
1116 3256 1145 3307 et
1157 3252 1283 3308 diaconis
1292 3252 1323 3307 in
1336 3268 1392 3324 qua
1405 3252 1521 3324 plurimi
1528 3251 1600 3308 editi
1614 3256 1684 3309 sunt
1694 3270 1806 3310 canones

135 3364 227 3403 annos
243 3347 273 3402 in
293 3346 359 3401 aula
374 3347 544 3403 Guntramni
562 3347 639 3419 regis
654 3347 757 3419 exegit,
776 3365 831 3420 quo
849 3348 949 3404 relicto
998 3345 1619 3417 inquibusmultasuutohservationedigna.
1628 3348 1700 3403 Duae
1709 3350 1807 3404 exstant

134 3440 357 3513 postpositisque
376 3441 542 3511 parentibus
561 3443 689 3497 Turones
707 3442 828 3514 aufugit,
843 3442 890 3497 uhi
913 3441 949 3497 ad
998 3439 1107 3511 Pelagii
1115 3456 1199 3512 papae
1208 3439 1245 3494 ad
1259 3438 1472 3495 aunacharium
1487 3439 1629 3512 epistola,
1642 3442 1694 3514 qui
1706 3442 1804 3515 abipso

134 3536 298 3607 sepulcrum
324 3534 413 3589 sancti
437 3534 559 3603 hlartini,
587 3552 670 3591 coma
692 3535 792 3608 capitis
817 3537 947 3605 detonsa,
999 3533 1167 3602 sanctuaria,
1181 3532 1211 3587 id
1235 3536 1278 3588 est
1294 3532 1421 3590 brandea
1435 3549 1486 3587 seu
1511 3549 1627 3605 pannos
1642 3551 1678 3591 ex
1699 3535 1804 3592 tumulis

134 3629 258 3686 clericali
273 3629 441 3683 saecularem
468 3632 577 3685 vestem
599 3630 729 3685 mutavit.
746 3630 816 3685 Tum
836 3631 872 3685 ad
886 3631 947 3686 Sia·
999 3627 1194 3697 apostolorum
1216 3626 1339 3698 petierat
1350 3643 1401 3698 pro
1424 3626 1505 3683 novis
1528 3628 1658 3684 ecclesiis
1676 3646 1741 3702 qua
1754 3634 1803 3684 tun

135 3723 231 3795 grium
240 3722 530 3793 augustodunensem
543 3723 709 3796 episcopum
719 3724 868 3792 adductus,
883 3729 947 3780 tan-
998 3721 1158 3791 complures
1172 3720 1203 3775 in
1216 3720 1259 3775 his
1279 3720 1408 3792 partibus
1431 3721 1688 3778 construebantur.
1708 3721 1804 3780 Petenti

134 3820 197 3870 tum
213 3814 289 3886 apud
302 3832 369 3869 eum
383 3815 544 3871 eruditione
559 3820 588 3871 et
608 3817 759 3889 disciplina
771 3818 902 3890 profecit,
919 3798 986 3873 utC
999 3819 1100 3875 annuit
1119 3819 1248 3891 pontifex
1262 3836 1268 3874 :
1288 3823 1317 3874 at
1336 3819 1467 3891 queritur
1479 3819 1557 3891 quod
1570 3821 1719 3878 aunarius
1732 3822 1804 3877 ltalia

135 3923 224 3979 usque
240 3907 398 3962 adculmen
409 3909 561 3978 pontificiae
571 3909 718 3981 dignitatis
728 3911 872 3982 gradatim
881 3929 946 3983 pro·
999 3913 1209 3968 calamitatibus
1230 3929 1289 3968 non
1299 3913 1492 3985 compatiatur
1504 3916 1535 3967 et
1544 3915 1626 3986 quod
1640 3915 1803 3972 Francorum

39 4054 44 4058 .
133 4002 296 4056 veheretur.
310 4000 429 4056 htlrcrio
443 4001 539 4074 itaque
549 4004 948 4076 autissiodorensipraesulee
997 4023 1081 4079 reges
1095 4007 1132 4062 ad
1146 4024 1232 4079 opem
1245 4007 1271 4062 ei
1285 4006 1436 4062 ferendam
1457 4023 1516 4062 non
1539 4008 1657 4064 excitet.
1680 4009 1804 4082 Superius

132 4094 202 4150 vivis
211 4097 353 4166 exempto,
364 4111 381 4149 a
392 4096 467 4150 clero
477 4095 562 4150 simul
572 4100 600 4151 et
609 4098 714 4169 populo
726 4097 856 4153 unanimi
864 4115 946 4154 voca·
998 4101 1121 4155 diximus
1133 4100 1202 4173 quid
1212 4101 1395 4156 decessorum
1408 4116 1526 4155 suorum
1536 4100 1679 4157 Germani
1694 4107 1723 4158 et
1733 4105 1804 4158 auu·

134 4192 180 4245 tur
189 4188 395 4258 aunacharius,
412 4190 461 4261 qui
471 4190 562 4261 pridie
576 4191 719 4246 Kalendas
732 4195 804 4264 aug.
820 4192 947 4248 officium
996 4195 1067 4249 toris
1079 4193 1108 4248 in
1122 4195 1245 4266 gratiam
1260 4194 1362 4269 egerit.
1378 4195 1489 4265 Lupum
1499 4198 1641 4266 nepotem
1655 4211 1800 4252 suumcum

132 4282 313 4355 episcopatus
327 4283 459 4354 suscepit.
473 4284 667 4339 Sextumeum
678 4303 695 4340 a
707 4284 792 4341 heato
803 4286 946 4343 Germano
995 4287 1130 4342 austrino
1147 4292 1288 4360 germana
1305 4287 1342 4343 ad
1366 4288 1472 4343 insulas
1499 4287 1654 4345 educando
1677 4289 1801 4363 provexit

130 4376 318 4432 autissiodori
333 4378 499 4449 episcopum
519 4378 653 4434 nominat
666 4379 781 4434 Hericus
794 4380 871 4435 idem
886 4381 944 4453 epi·
997 4381 1133 4437 Sanctum
1146 4374 1377 4452 austregisilum,
1392 4383 1520 4437 futurum
1533 4381 1801 4455 bituricensemepi·

132 4472 204 4526 stola
218 4470 254 4525 ad
265 4470 398 4526 Carolum
411 4471 529 4527 Calvum
552 4472 768 4544 imperatorem,
785 4473 814 4527 in
828 4491 886 4546 qua
899 4491 944 4529 re·
996 4492 1115 4547 scopum
1121 4474 1255 4530 clericum
1262 4474 1581 4530 feritetsubdiaconum
1592 4476 1802 4534 ordinavitWa·

129 4563 186 4619 fert
197 4564 315 4619 aunarii
329 4565 438 4621 litteras
449 4566 577 4637 rogantis
588 4566 766 4639 Stephanum
777 4568 945 4624 Africanum
995 4569 1115 4624 laricum
1127 4569 1157 4623 in
1170 4568 1379 4624 monasterium
1393 4584 1478 4623 suum
1491 4569 1621 4638 admisit,
1636 4571 1717 4644 quod
1728 4572 1755 4628 in
1765 4587 1801 4625 su

130 4649 330 4729 presbyterum
345 4661 378 4713 ut
389 4648 483 4714 Vitam
502 4659 633 4730 ejusdem
645 4661 736 4716 sancti
760 4661 877 4718 metrice
894 4662 943 4717 de·
993 4662 1097 4717 burhio
1111 4662 1232 4717 civitatis
1248 4665 1445 4717 constructum
1468 4663 1504 4718 de
1519 4666 1703 4722 monasterio
1724 4663 1801 4720 murti

130 4749 267 4807 scriberet
279 4755 308 4806 et
319 4755 383 4809 octa
395 4752 486 4808 sancti
497 4754 641 4809 amatoris
655 4755 786 4826 prosaice
798 4772 805 4811 ε
817 4758 845 4811 at
861 4755 945 4811 libra·
994 4756 1129 4812 Germani
1142 4756 1374 4832 interpretamur.
1389 4755 1458 4811 Huic
1476 4758 1669 4828 monasterio,
1685 4759 1733 4816 ubi
1748 4773 1799 4815 cor·

128 4845 163 4900 rii
189 4845 377 4917 proculdubio
402 4846 544 4901 mendum
572 4851 624 4915 est,
654 4864 723 4903 nam
751 4849 811 4920 ipse
829 4849 944 4905 tiericus
993 4851 1308 4922 pnssuumsepulturae
1323 4849 1801 4920 mandaridecreverat,eteoclesie

128 4937 277 5010 episcopos
291 4939 366 4994 inter
376 4940 486 4995 medios
498 4944 719 4997 commemorat.
735 4943 835 4997 Factus
846 4947 944 4998 autem
993 4960 1052 4998 suae
1063 4959 1148 5014 agros
1158 4946 1187 4997 et
1196 4943 1276 4998 villas
1290 4943 1418 5012 donavit,
1432 4943 1594 5015 plenusque
1607 4944 1732 5013 dierum,
1746 4962 1798 5001 sau·

127 5031 277 5104 episcopos
288 5034 487 5090 aunacharius
500 5034 625 5105 plurima
638 5035 668 5090 in
679 5035 942 5092 ecolesiaautissio-
993 5037 1091 5092 ctitate
1110 5053 1225 5109 quoque
1245 5040 1275 5092 et
1292 5036 1499 5092 miraculorum
1525 5038 1620 5108 gloria
1640 5039 1800 5097 clarissimus

127 5124 243 5179 dorensi
259 5128 405 5183 constituit
418 5144 490 5199 quae,
510 5132 543 5183 ut
557 5129 701 5201 praecipuo
721 5128 943 5185 observarentur
993 5130 1114 5187 decessit
1129 5148 1166 5186 vu
1181 5131 1242 5185 Kal.
1258 5131 1384 5198 Octobr„
1397 5130 1459 5186 initi
1469 5133 1642 5203 praesulatus
1652 5136 1698 5202 44,
1713 5149 1800 5190 mense

126 5217 235 5289 vigore,
243 5219 841 5294 Guntramniregisauctoritateroboravit;
851 5224 940 5293 inhis,
951 5180 982 5255 D
993 5229 1018 5292 l,
1035 5224 1134 5281 diebus
1144 5228 1187 5280 23.
1196 5228 1304 5297 Corpus
1317 5225 1354 5280 ad
1364 5227 1495 5280 sanctum
1507 5225 1689 5284 Germanum
1700 5226 1800 5284 frmebri

127 5315 520 5381 l⁰utmonastaria‚hasilicae
530 5316 692 5372 eteoclesiae
702 5316 870 5389 paroeciales
880 5334 940 5372 cer·
992 5336 1100 5391 pompa
1113 5319 1297 5386 tumulatum,
1315 5318 1382 5373 inde
1398 5335 1482 5390 capsa
1496 5322 1640 5391 argentea
1658 5322 1799 5388 inclusum,

125 5406 161 5460 tis
172 5405 273 5461 diebus
283 5423 335 5479 per
348 5425 478 5464 mensem
493 5427 558 5465 cum
571 5412 648 5467 clero
657 5415 685 5468 et
697 5411 802 5483 populo
818 5411 942 5482 rogatio·
991 5413 1203 5468 calvinistarum
1216 5415 1318 5484 postea
1328 5411 1426 5484 prada
1436 5412 1641 5486 fuit.Projecta
1650 5430 1802 5472 veroossaa

126 5516 176 5555 nes
189 5501 336 5570 facerent,
353 5506 382 5558 2⁰
402 5503 505 5576 quihus
515 5504 594 5561 horis
607 5506 711 5578 vigiliae
731 5505 832 5561 diebus
843 5505 939 5561 Domi·
991 5510 1142 5566 Catholicis
1156 5509 1275 5566 collecta
1287 5527 1354 5566 cum
1371 5510 1433 5566 aliis
1448 5510 1477 5565 in
1495 5514 1603 5584 cryptis
1615 5512 1656 5570 ad
1674 5513 1800 5570 meridie

124 5594 195 5649 uicis
209 5612 242 5651 ac
263 5596 518 5670 archipresbyteris
541 5603 570 5654 et
594 5599 747 5655 abbatibus
768 5599 891 5672 propriis
911 5600 941 5655 in
991 5601 1087 5655 nalem
1103 5602 1260 5658 fenestram
1276 5600 1422 5660 recondita
1438 5601 1530 5657 fuere.
1560 5602 1672 5663 Colitur
1692 5621 1729 5663 vu
1744 5603 1800 5660 Kal.

124 5688 191 5743 locis
204 5689 325 5757 florent;
346 5694 375 5747 3ο
398 5691 530 5763 aquibus
543 5692 647 5763 vigiliae
669 5693 699 5749 in
719 5693 836 5750 basilica
850 5694 940 5750 sancti
990 5693 1104 5750 Octobr.

122 5778 261 5853 Stephani
270 5799 337 5843 cum
351 5772 832 5861 abbatibussingulishebdomadoe
839 5787 939 5846 diebus
