3884 6150
136 264 187 331 tea
529 272 888 332 ,uruvoixaooenas
906 270 1022 329 sirau
1040 239 1191 329 dinami
1209 270 1423 329 elersmvsis.
1767 262 1821 328 ael

137 381 258 439 aliorum
292 379 493 456 opinationem,
518 381 700 438 Ambrosium
726 380 892 454 psalmodiae
917 380 948 437 in
958 383 1042 468 Atos
1057 379 1199 452 originem
1219 379 1338 452 lgnatio‚
1353 378 1436 436 tertio
1449 381 1513 452 post
1528 377 1645 436 Petrum
1661 377 1823 437 Antiochiae

136 476 353 534 occidentalibus
377 475 505 532 Ecclesiis
530 475 656 546 primum
678 475 869 532 institutorem
889 493 947 532 non
997 472 1119 545 insyria
1141 473 1281 544 episcopo,
1302 473 1404 529 tribuit
1417 473 1447 529 in
1468 473 1572 544 lib.v1,
1595 490 1656 546 cap.
1675 477 1702 531 8.
1717 474 1823 531 Scribit

135 571 231 641 fuisse,
254 571 330 642 quod
350 586 384 624 ex
405 569 556 640 Augustini
573 569 800 625 Confessionibus
815 570 857 625 illi
868 570 946 625 colli·
998 568 1103 639 quippe
1119 567 1283 638 algnatium
1295 567 1396 623 vidisse
1409 567 1562 639 aliquando
1577 568 1692 640 angelos
1703 568 1824 641 hymnis

137 666 257 736 gabant3
274 664 323 719 sed
344 663 373 716 in
392 667 503 717 tantum
523 678 644 731 curasse,
664 667 697 717 ut
714 664 871 719 secundum
885 680 946 720 mo·
967 720 970 728 ,
997 661 1158 716 alternatim
1171 661 1325 716 decantatis
1350 667 1476 718 sanctam
1489 662 1656 718 Trinitatem
1677 663 1825 719 celebran-

136 773 198 812 rem
209 760 324 812 Petrum
342 755 523 811 orientalium
541 756 642 828 psalmi
656 760 740 828 atque
754 757 854 829 hymni
866 774 883 812 a
895 774 947 829 po·
997 758 1039 809 tes
1047 772 1055 824 ;
1070 754 1193 827 indeque
1206 755 1325 810 canendi
1340 755 1490 823 rationem,
1506 772 1593 827 quam
1605 757 1636 811 in
1648 757 1697 812 illa
1709 757 1824 814 visione

134 851 203 922 pulo
216 850 301 904 etiam
314 853 491 919 canerentur,
503 866 569 905 eum
581 851 821 923 anteaasingulis
829 851 946 922 singuli,
998 848 1261 917 animadverterat„
1273 849 1396 904 ccclesiae
1434 849 1617 905 Antiochensi
1652 849 1802 907 tradidisse
1813 867 1824 921 3

135 944 178 999 vel
193 946 267 998 certe
279 959 295 997 a
307 943 372 998 solis
384 943 492 998 clericis
505 944 581 1014 apud
593 944 674 999 ltalos
687 944 797 1000 recitati
816 943 945 1000 fuissent.
998 942 1072 998 unde
1084 942 1138 997 ista
1150 941 1264 997 traditio
1278 942 1313 997 ad
1328 958 1428 998 omnes
1436 947 1535 1015 postea
1547 943 1827 1014 Ecclesiaspermea·

134 1036 253 1103 Quintus
265 1036 387 1108 denique
400 1053 499 1091 cursus
519 1041 562 1092 est
582 1038 672 1093 sancti
690 1037 843 1108 Benedicti,
861 1055 947 1110 quem
997 1036 1105 1092 verit.»
1134 1036 1210 1091 ldem
1231 1041 1329 1092 auctor
1350 1037 1449 1092 eodem
1474 1036 1503 1092 in
1530 1036 1590 1091 loco
1617 1042 1827 1094 commemorat

133 1146 244 1184 acursu
259 1131 385 1185 Romano
400 1147 501 1201 parum
514 1131 684 1202 discrepasse
696 1131 783 1186 tradit
796 1132 948 1187 vetustissi·
997 1131 1073 1186 bunc
1086 1130 1173 1185 ritum
1185 1147 1202 1184 a
1216 1134 1310 1185 sancto
1323 1132 1430 1186 Ioanne
1446 1131 1644 1202 Chrysostomo
1665 1131 1826 1187 Constanti·

135 1240 198 1278 mus
212 1222 257 1278 ille
271 1224 399 1294 scriptor,
411 1223 491 1294 cujus
504 1223 629 1279 libellum
649 1223 835 1296 spelmannus
860 1224 949 1281 edidit
997 1223 1094 1294 nopoli
1106 1222 1193 1278 fuisse
1206 1223 1367 1278 institutum
1383 1240 1419 1279 ex
1434 1223 1614 1280 aemulatione
1636 1225 1824 1295 Arianorum,

133 1317 396 1389 intomolAngliae
416 1316 613 1388 Conciliorunr,
629 1335 695 1390 pag.
716 1321 775 1373 176.
794 1319 852 1389 Hic,
868 1318 946 1391 quis·
999 1317 1070 1389 aqui
1084 1316 1204 1388 singulis
1213 1316 1408 1385 hebdomadis,
1425 1317 1536 1390 quoties
1556 1318 1620 1374 festi
1641 1318 1700 1374 dies
1726 1334 1826 1373 occur-

132 1411 196 1484 quis
209 1411 255 1466 ille
269 1413 320 1479 est,
335 1428 432 1466 cursus
450 1411 632 1466 ecclesisticas
652 1427 717 1466 eum
737 1412 864 1483 Liturgia
879 1428 946 1467 con·
997 1409 1105 1478 rebant,
1126 1409 1212 1463 idest
1233 1409 1354 1465 Sabbata
1375 1427 1407 1465 ac
1427 1410 1474 1465 die
1497 1410 1653 1478 Dominico,
1674 1411 1706 1466 in
1728 1427 1824 1467 unum

132 1505 252 1561 fundere
263 1504 384 1559 videtur.
399 1504 469 1558 Nam
484 1520 571 1576 agens
584 1505 619 1560 de
641 1521 725 1560 cursu
746 1521 798 1576 per
819 1508 947 1561 sanctum
997 1502 1171 1575 congregati,
1182 1503 1304 1574 hymnos
1316 1507 1381 1574 apte
1393 1503 1429 1558 ad
1443 1520 1524 1558 suam
1538 1504 1672 1560 baeresim
1683 1503 1822 1576 composi-

134 1599 258 1653 ldarcum
280 1597 418 1665 instituto,
434 1597 474 1652 ita
492 1597 575 1652 illum
593 1597 733 1666 describit,
747 1602 780 1652 ut
794 1600 945 1669 <isocrates
996 1601 1051 1665 tos,
1060 1596 1223 1651 alternatim
1233 1597 1285 1651 sibi
1301 1597 1503 1668 respondentes
1513 1598 1660 1667 canebant,
1673 1597 1824 1653 nocturnis

133 1692 177 1746 vel
190 1692 281 1749 Gloria
294 1695 323 1745 ia
344 1691 464 1754 eccelsia,
478 1691 521 1746 vel
539 1691 697 1746 orationem
720 1691 906 1762 Dominieam,
920 1697 948 1748 et
998 1689 1102 1744 sedicet
1119 1706 1151 1744 ac
1173 1689 1319 1745 matutinis
1341 1689 1427 1745 horis.
1446 1711 1460 1740 ν
1484 1692 1563 1746 llunc
1583 1707 1650 1747 vero
1676 1692 1824 1747 alternum

132 1786 233 1855 Amen,
256 1806 270 1834 ν
290 1784 425 1853 universi,
448 1788 506 1839 tam
529 1783 580 1839 viri
601 1800 688 1856 quam
706 1784 821 1840 feminae
845 1766 1113 1842 decan-Boantum
1132 1782 1258 1839 Socrates
1278 1783 1523 1856 antiphonarium,
1552 1791 1683 1857 ἀντίφωνον
1697 1792 1824 1855 sprottus

133 1883 236 1935 tarent.
997 1876 1120 1948 appellat
1127 1894 1136 1945 ;
1150 1875 1226 1931 unde
1246 1876 1420 1948 antiphonae,
1442 1895 1506 1949 quae
1528 1878 1564 1933 ad
1582 1878 1725 1934 alternam
1748 1878 1825 1951 psal-

169 1969 265 2044 382
280 1972 306 2026 l.
323 1972 425 2026 Vemm
437 1970 521 2042 longe
536 1970 685 2041 diversam,
699 1973 852 2043 etquidem
865 1989 947 2027 accu·
999 1986 1114 2024 morum
1126 1973 1242 2024 cantum
1254 1969 1458 2040 praecinuntur,
1473 1987 1578 2026 nomen
1591 1971 1786 2028 retinuerunt.

131 2065 264 2120 ratiorem
278 2063 441 2136 psalmodiae
454 2064 529 2134 apud
543 2064 698 2120 Orientales
713 2066 853 2121 rationem
866 2066 948 2120 nobis
1034 2067 1061 2118 7.
1079 2063 1216 2117 Honrious
1243 2063 1376 2132 Valesius,
1393 2064 1436 2118 vir
1457 2065 1505 2134 cl.,
1528 2064 1557 2119 in
1583 2066 1766 2121 annotatione
1787 2067 1824 2122 ad

131 2157 266 2214 exhibent
291 2158 447 2227 Cassianus,
471 2158 597 2213 Socrates
621 2163 649 2213 et
668 2159 864 2214 Theodoritus
880 2160 947 2215 Cas·
999 2155 1075 2209 hunc
1088 2155 1122 2210 de
1136 2155 1246 2226 ignatio
1259 2155 1363 2226 locum,
1379 2156 1419 2211 ait
1431 2173 1459 2211 se
1473 2157 1581 2213 nescire
1592 2158 1667 2214 unde
1678 2158 1743 2213 haec
1753 2159 1825 2214 hau·

132 2252 226 2306 sianus
242 2251 359 2322 quippe,
385 2251 494 2307 omissis
512 2250 595 2306 variis
613 2252 699 2322 typis,
713 2268 784 2323 qnos
801 2269 851 2323 pro
870 2253 948 2307 loeo·
998 2248 1065 2303 serit
1087 2248 1223 2303 Socrates.
1238 2267 1252 2300 a
1265 2249 1380 2304 Constat
1400 2250 1487 2318 enim,
1505 2251 1607 2323 inquit,
1629 2251 1741 2323 primos
1763 2269 1827 2308 om·

131 2360 197 2399 rum
209 2344 341 2399 varietate
360 2345 508 2400 dissimiles
526 2345 613 2400 fuisse
636 2345 715 2415 dicit,
729 2345 785 2400 duo
805 2346 949 2417 praecipua
998 2341 1079 2396 nium
1088 2342 1251 2397 Flavianum
1266 2359 1298 2397 ac
1311 2343 1476 2413 Diodorum,
1491 2350 1628 2416 regnante
1643 2345 1821 2415 Constantio,

130 2437 297 2508 psalmodiae
309 2438 383 2510 apud
397 2438 547 2493 orientales
559 2439 716 2493 monachos
731 2455 836 2510 genera
848 2439 950 2495 descri-
998 2434 1181 2506 psallentium
1194 2436 1294 2491 choros
1308 2436 1464 2491 Antiochiae
1488 2436 1618 2492 bifariam
1635 2438 1777 2508 divisisse,
1797 2445 1826 2495 et

131 2530 193 2585 bit:
210 2542 301 2585 unum
312 2547 411 2587 eorum
426 2532 517 2603 quiin
530 2533 649 2603 AEgypto
668 2536 696 2586 et
712 2533 733 2586 T
735 2532 863 2606 hebaide,
876 2533 946 2588 atte-
998 2529 1122 2599 psalmos
1131 2528 1274 2583 llaridicos
1289 2527 1386 2602 384
1398 2530 1514 2584 alternis
1527 2531 1668 2587 canendos
1683 2533 1727 2587 eis
1738 2533 1827 2588 tradi·

131 2639 198 2679 rum
209 2640 308 2679 eorum
322 2625 372 2696 qui
390 2625 419 2678 in
432 2624 581 2680 Palaestina
593 2630 622 2680 et
635 2625 664 2680 in
677 2625 875 2696 Mesopotamia
889 2642 949 2681 ver·
999 2621 1092 2691 disse;
1118 2637 1239 2693 eamque
1260 2639 1322 2677 rem
1342 2623 1467 2694 primum
1488 2624 1633 2680 Antiochus
1647 2625 1825 2697 institutam,

132 2717 275 2773 sabantur.
290 2717 455 2773 Hisduobus
465 2723 595 2774 accurate
607 2719 781 2790 exponendis
791 2720 947 2776 secundum
997 2719 1095 2787 postea
1108 2716 1144 2770 ad
1156 2715 1280 2787 reliquas
1294 2716 1463 2772 totiusorbis
1474 2718 1603 2772 ecclesias
1616 2718 1790 2790 dimanasse,
1809 2742 1824 2772 »

130 2827 162 2865 ac
175 2811 290 2866 tertium
305 2811 499 2869 institutorum
510 2813 595 2867 libros
604 2813 732 2869 insumit.
1000 2811 1118 2863 testante
1140 2809 1470 2866 Theodoromedes
1492 2811 1632 2881 Historiae,
1652 2829 1717 2884 cap.
1731 2815 1780 2883 21,
1796 2818 1827 2871 et

165 2909 193 2959 5.
216 2904 415 2976 AEgyptiorum
438 2910 521 2977 typus
541 2907 572 2961 in
588 2922 701 2963 summe
719 2906 743 2960 is
762 2910 831 2961 erat.
850 2908 946 2962 Primo
998 2905 1063 2957 ante
1076 2901 1157 2956 illum
1179 2903 1326 2958 Theodoro
1350 2904 1555 2975 Mopsuesteno.
1577 2907 1636 2960 lmo
1654 2922 1721 2961 eom
1742 2908 1826 2979 psal-

131 2995 240 3051 duabus
253 3001 364 3052 tantum
385 2997 492 3052 vicibus
511 2999 541 3053 in
561 2999 716 3055 oratorium
736 2999 946 3071 conveniebant,
997 2995 1303 3068 modiaespeciemjam
1315 3000 1380 3053 onte
1394 2998 1558 3054 Flavianum
1568 3002 1652 3071 atque
1663 2999 1825 3057 Diodorum

131 3089 241 3159 vesperi
262 3089 378 3158 scilicet,
393 3107 425 3145 ac
441 3090 536 3146 media
553 3096 644 3160 nocte,
659 3096 687 3147 et
704 3091 824 3163 singulis
840 3093 948 3148 vicibus
997 3088 1103 3160 aSyris
1115 3089 1202 3144 fuisse
1219 3094 1383 3161 usurpatam
1404 3091 1528 3147 Valesius
1547 3092 1656 3165 colligit
1675 3109 1713 3149 ex
1731 3094 1824 3151 Theo·

131 3182 254 3253 psalmos
267 3182 411 3238 duodenos
436 3183 595 3254 cantabant,
611 3185 673 3240 aliis
688 3185 767 3240 horis
780 3188 902 3257 psalmos
915 3187 946 3243 in
997 3191 1059 3246 dori
1073 3192 1260 3262 Mopsuesteni
1271 3193 1444 3264 fragmento,
1461 3195 1646 3265 quodrefert
1662 3195 1776 3251 Nicetes
1790 3196 1820 3253 in

132 3275 239 3330 cellulis
261 3276 319 3330 suis
342 3276 417 3331 inter
436 3277 621 3333 laborandum
648 3278 765 3334 recitare
790 3279 874 3335 soliti.
896 3281 944 3337 Se·
995 3289 1138 3345 Thesauro
1153 3291 1319 3347 orthodoxe,
1332 3291 1408 3360 fidei,
1423 3293 1473 3347 lib,
1489 3309 1515 3362 v,
1537 3309 1599 3364 (ep,
1613 3294 1658 3348 30,
1675 3293 1822 3366 Quidquid

130 3368 222 3424 cundo
235 3368 287 3424 hos
300 3370 449 3425 duodecim
463 3370 585 3442 psalmos
593 3388 667 3426 unus
680 3376 791 3428 tantum
799 3373 885 3428 lector
896 3380 946 3430 aut
995 3383 1031 3437 sit
1043 3383 1077 3438 de
1100 3387 1224 3454 auctore,
1247 3384 1389 3440 alternum
1407 3389 1521 3440 cantum
1538 3389 1667 3456 tempore
1689 3386 1822 3458 Gregorii

129 3467 236 3534 cantor,
252 3465 281 3519 id
295 3469 338 3520 est
359 3464 464 3536 singuli
483 3464 620 3536 singulos,
635 3466 680 3521 vel
699 3483 774 3521 unus
791 3468 945 3524 admodum
994 3476 1159 3532 Nazianzeni
1172 3478 1202 3532 in
1216 3478 1395 3534 monasteriis
1409 3479 1558 3550 utriusque
1570 3494 1653 3533 sexus
1666 3479 1732 3549 jam
1745 3496 1822 3534 rece·

129 3562 157 3613 et
171 3557 377 3613 alterscnosin
389 3558 493 3625 medio,
507 3558 628 3614 fratrum
641 3560 824 3616 consistentes
846 3562 945 3616 decim-
994 3570 1155 3641 piissimum
1180 3571 1267 3627 fuisse
1289 3573 1474 3628 menifestum
1494 3576 1536 3627 eet
1561 3588 1596 3626 ex
1619 3572 1819 3644 iemhieeeju,

129 3650 238 3717 tabant,
251 3651 359 3705 caeteris
377 3651 540 3706 sedentibus
557 3656 586 3707 et
605 3652 731 3709 intentis.
752 3655 846 3710 Tertio
868 3655 943 3726 psal-
994 3663 1119 3719 carmine
1134 3664 1168 3719 de
1181 3664 1296 3734 virtute,
1311 3667 1363 3720 sub
1377 3667 1476 3734 finem,
1490 3665 1575 3736 idque
1585 3664 1722 3721 omnibus
1733 3666 1835 3721 notis·

129 3758 200 3811 mos,
208 3743 366 3812 praesertim
373 3743 591 3815 longiores‚non
601 3746 733 3802 continue
742 3750 770 3802 et
779 3764 834 3803 uno
841 3753 943 3818 tractu,
994 3756 1100 3812 simum
1113 3774 1173 3813 esse
1188 3758 1264 3814 dicit.
1280 3760 1385 3814 Eorum
1405 3759 1525 3814 chorum
1544 3758 1708 3830 angelicum
1723 3763 1815 3825 vocat,

129 3835 177 3889 scd
191 3835 373 3890 meditatione
385 3840 435 3891 arat
449 3837 526 3891 brevi
539 3839 666 3893 oratione
679 3839 845 3911 interposita
872 3842 943 3896 reci·
996 3871 1010 3899 «
1026 3850 1075 3922 qui
1089 3866 1165 3905 nunc
1179 3850 1275 3920 simul,
1291 3868 1367 3906 nunc
1381 3852 1490 3907 vicibus
1502 3852 1618 3907 altemis
1631 3852 1718 3908 canit.
1735 3872 1752 3904 ν

129 3927 226 3982 tabant
233 3945 242 3997 ;
255 3932 284 3983 et
296 3929 416 3999 psalmos
426 3928 511 4000 ipsos,
526 3947 583 3985 non
597 3931 733 3987 versiculo
749 3934 841 3991 Gloria
854 3937 943 3998 Petri,
1118 3941 1256 4005 Σύμφωνον,
1268 3943 1397 4008 ἀντίφωνον
1414 3944 1520 4007 ἀγγέλων
1532 3942 1625 3993 στάσιν.

129 4021 175 4075 sed
201 4021 256 4076 alia
274 4021 353 4077 brevi
369 4023 548 4094 precatione;
571 4025 771 4081 duodecimum
790 4043 854 4082 vero
875 4045 943 4084 voce
995 4038 1090 4108 ltaque
1103 4037 1201 4092 saltem
1214 4038 1281 4093 inde
1294 4042 1412 4108 constat,
1426 4055 1484 4094 uno
1504 4043 1568 4094 ante
1580 4039 1750 4095 Cassianum
1765 4056 1819 4095 sa-

127 4115 248 4171 Alleluia
271 4115 487 4171 concludebant.
510 4117 614 4181 Quarto
634 4118 721 4174 finitis
743 4120 861 4192 psalmis
880 4121 944 4177 duae
994 4129 1056 4185 ente
1076 4130 1152 4185 huno
1172 4130 1287 4186 alternis
1305 4131 1424 4187 canendi
1446 4132 1535 4187 ritum
1555 4132 1631 4203 apud
1658 4132 1819 4188 Orientales

126 4208 258 4264 lectiones
288 4208 489 4279 recitabantur,
521 4226 577 4265 [¹118
599 4227 634 4266 ex
660 4213 763 4282 Veteri,
793 4213 881 4268 altera
908 4230 943 4270 tx
992 4222 1150 4293 inolevisse,
1165 4224 1213 4295 qui
1227 4224 1332 4279 sensim
1346 4224 1412 4280 inde
1425 4224 1549 4280 manavit
1561 4226 1597 4280 ad
1610 4224 1820 4282 Occidentales.

126 4303 203 4357 Novo
214 4304 408 4371 Testamento;
426 4303 545 4359 Sabbata
557 4320 592 4359 ex
606 4306 692 4361 Novo.
706 4306 809 4369 Quinto
825 4307 869 4362 his
881 4323 944 4380 per·
992 4317 1066 4389 Lege
1075 4316 1300 4372 eruditissimum
1314 4318 1345 4373 tn
1357 4318 1408 4374 tib.
1424 4334 1432 4373 1
1445 4318 1605 4390 Disciplina
1619 4318 1818 4374 ecclesiasticae

125 4397 204 4466 actis,
215 4413 313 4452 omnes
327 4396 357 4451 in
372 4413 465 4468 genua
477 4398 700 4470 procumbebant
714 4415 721 4454 :
736 4405 764 4456 et
776 4403 844 4455 tunc
857 4400 943 4456 abbas
992 4426 1073 4481 capp,
1089 4411 1123 4465 34
1137 4415 1165 4465 et
1179 4413 1224 4466 35,
1719 4456 1723 4463 .

126 4507 175 4545 seu
187 4492 354 4563 praepositus
368 4493 497 4548 omnium
516 4494 636 4550 fratrum
654 4499 717 4551 vota
739 4512 893 4568 precesque
910 4497 979 4577 inD
1025 4506 1052 4558 8.
1063 4502 1183 4566 Quinam
1194 4502 1331 4574 psallendi
1345 4503 1447 4557 modus
1460 4505 1556 4559 Romae
1570 4490 1674 4575 per'ea
1687 4508 1822 4578 tempora

126 4598 217 4636 unum
233 4584 377 4654 colligens,
398 4586 512 4656 publica
530 4589 690 4658 precatione
708 4588 867 4659 (Collectam
890 4607 940 4662 ap·
992 4601 1160 4666 servaretur,
1170 4613 1228 4651 non
1240 4595 1322 4651 facile
1335 4600 1378 4651 est
1392 4595 1520 4652 definire.
1536 4597 1564 4652 Si
1579 4600 1657 4652 ceria
1671 4601 1700 4652 et
1716 4600 1821 4672 explo-

125 4674 271 4746 peltamus)
285 4674 410 4731 officium
422 4678 547 4735 liniebat.
564 4681 648 4736 Sexto
663 4682 787 4755 denique
797 4683 901 4739 reversi
912 4685 942 4740 in
992 4699 1053 4748 rata
1074 4698 1146 4749 esset
1164 4694 1267 4749 vetusti
1286 4694 1360 4748 illius
1383 4695 1460 4765 apud
1479 4694 1685 4766 Spelmannum
1696 4699 1824 4755 auctoris

126 4766 294 4837 1111115θῦ31,
310 4768 380 4823 h⁰ffl
399 4772 494 4841 1111111,
512 4778 599 4841 semi
618 4778 647 4829 θῖ
670 4792 745 4830 1101111
758 4780 853 4832 1111108
871 4779 943 4849 113111·
992 4791 1143 4858 sententia,
1157 4808 1261 4863 nempe
1276 4790 1364 4846 sancti
1375 4792 1519 4847 Benedicti
1533 4808 1648 4847 cursum
1661 4810 1679 4848 a
1691 4795 1824 4853 Romano

126 4877 186 4915 mos
198 4861 272 4917 inter
281 4862 458 4933 operandum
471 4865 677 4935 persolvebant,
690 4868 804 4938 privatis
818 4871 852 4927 de
862 4875 943 4926 oete
991 4897 1094 4952 parram
1109 4879 1293 4951 discrepasse,
1308 4880 1390 4934 obvia
1403 4885 1476 4935 esset
1490 4880 1523 4936 de
1534 4882 1663 4938 Romano
1675 4885 1826 4956 conjectu-

125 4970 158 5008 r0
183 4955 312 5024 precibus
331 4954 445 5012 intenti·
482 4957 552 5012 ltlud
585 4961 695 5014 1111111111
721 4960 819 5017 diebus
845 4963 941 5038 383
992 4991 1035 5044 ra,
1050 4991 1115 5029 eum
1131 4973 1345 5029 benedictinum
1364 4973 1395 5027 in
1415 4973 1514 5045 regula
1532 4980 1628 5030 nostra
1649 4991 1824 5049 expressum

125 5047 277 5103 Dominicis
289 5053 318 5104 et
338 5050 416 5106 festis
434 5050 576 5123 peculiare
597 5055 667 5120 erat,
684 5054 761 5124 quod
781 5056 816 5110 ad
828 5058 942 5112 tertiam
993 5067 1157 5123 habeamus.
1172 5069 1207 5120 At
1222 5068 1392 5135 Romanum,
1407 5066 1507 5122 saltem
1520 5066 1550 5123 in
1564 5067 1721 5140 aliquibus,
1738 5071 1822 5127 abeo

125 5139 224 5194 horam
237 5140 268 5196 in
282 5143 436 5199 oratorium
451 5144 665 5215 conveniebant,
681 5151 712 5201 ut
730 5147 817 5203 saeris
841 5155 944 5220 myste
993 5161 1136 5216 diversum
1152 5159 1236 5214 fuisse
1255 5159 1322 5214 hinc
1342 5159 1494 5232 colligitur,
1510 5162 1586 5233 quod
1598 5167 1713 5218 sanctus
1729 5165 1822 5221 Bene-

53 5291 61 5316 ,
123 5232 172 5286 riis
186 5231 363 5290 interessent.
378 5237 444 5292 Etis
456 5238 572 5308 quidem
585 5239 662 5309 apud
675 5240 820 5312 AEpyptios
842 5257 942 5298 mona·
993 5254 1084 5308 dictus
1094 5254 1130 5308 ad
1143 5252 1254 5308 feriales
1267 5253 1525 5311 matutinaslaudes
1533 5277 1546 5305 «
1554 5255 1701 5311 canticum
1714 5274 1822 5314 unum

123 5326 191 5380 chos
202 5326 336 5397 psallendi
349 5328 419 5383 ritus
433 5330 545 5402 vigebat
556 5333 695 5387 smculov.
713 5332 789 5388 ldem
802 5333 860 5389 fere
874 5336 943 5391 obii·
993 5346 1125 5417 quodque
1147 5345 1192 5401 die
1213 5361 1264 5399 suo
1277 5361 1310 5401 ex
1323 5347 1478 5418 prophetis,
1494 5347 1568 5401 sicut
1580 5348 1675 5417 psallit
1694 5350 1825 5405 Ecclesia

124 5419 210 5476 nebai
225 5419 255 5474 iu
276 5420 422 5477 Palestinae
443 5429 472 5478 et
488 5425 694 5497 Mesopotamiae
714 5426 859 5497 coenobiis,
887 5429 943 5484 nisi
993 5440 1129 5506 Romana,
1145 5459 1160 5488 ν)
1176 5437 1305 5494 instituat
1318 5455 1380 5510 cap,
1403 5442 1446 5505 13,
1460 5438 1495 5495 de
1509 5439 1570 5494 aliis
1584 5439 1670 5495 etiam
1685 5441 1717 5496 id
1731 5442 1825 5499 dictu.

123 5513 199 5585 quod
208 5512 376 5585 adsingulas
388 5515 472 5569 horas
484 5516 622 5575 solemnes
632 5521 788 5576 oratorium
811 5521 945 5595 frequen·
994 5543 1051 5595 rus,
1062 5527 1085 5581 si
1099 5526 1187 5597 ipsius
1205 5526 1277 5581 ritus
1296 5543 1360 5581 cum
1381 5528 1509 5582 Romano
1530 5527 1644 5599 penitus
1665 5531 1823 5587 convenis·

124 5608 221 5663 iabant
240 5612 272 5663 ut
291 5606 321 5662 in
342 5607 456 5680 publico
477 5614 615 5665 conventu
635 5617 730 5668 ternos
747 5615 803 5670 Deo
822 5616 944 5687 psalmos
993 5623 1035 5674 set
1045 5636 1053 5688 3
1065 5635 1117 5674 nec
1130 5636 1196 5674 sane
1211 5619 1370 5692 reliquisset
1382 5618 1477 5693 385
1492 5620 1523 5675 in
1531 5620 1639 5677 abbatis
1651 5622 1776 5682 arbitrio
1788 5630 1825 5682 ut

127 5701 330 5770 persolverent.
994 5728 1074 5767 suam
1100 5713 1266 5785 psalmodia
1290 5713 1502 5786 dispositionem
1527 5720 1638 5772 mutare
1657 5722 1770 5790 posset,
1796 5719 1823 5776 si

125 5890 128 5895 Ι
157 5796 183 5849 o.
204 5795 368 5854 ACassiano
383 5795 681 5865 venioadSooratem,
695 5800 745 5874 qui
757 5802 860 5860 altered
876 5820 943 5862 can-
994 5806 1156 5867 Romanum
1188 5823 1328 5869 monem
1355 5807 1386 5867 in
1410 5808 1542 5869 omuibru
1567 5813 1680 5869 secutio
1706 5811 1822 5873 uisset.
