<?xml version="1.0" encoding="UTF-8"?>
<!DOCTYPE html PUBLIC "-//W3C//DTD XHTML 1.0 Transitional//EN"
    "http://www.w3.org/TR/xhtml1/DTD/xhtml1-transitional.dtd">
<html xmlns="http://www.w3.org/1999/xhtml" xml:lang="en" lang="en">
 <head>
  <title>
</title>
<meta http-equiv="Content-Type" content="text/html;charset=utf-8" />
  <meta name='ocr-system' content='tesseract 3.04.00' />
  <meta name='ocr-capabilities' content='ocr_page ocr_carea ocr_par ocr_line ocrx_word'/>
</head>
<body>
  <div class='ocr_page' id='page_1' title='image "./patrologiaecurs00migngoog_0432.png"; bbox 0 0 3884 6150; ppageno 0'>
   <div class='ocr_carea' id='block_1_1' title="bbox 122 285 1808 346">
    <p class='ocr_par' dir='ltr' id='par_1_1' title="bbox 122 285 1808 346">
     <span class='ocr_line' id='line_1_1' title="bbox 122 285 1808 346; baseline -0.004 -3"><span class='ocrx_word' id='word_1_1' title='bbox 122 286 179 343; x_wconf 84' lang='lat' dir='ltr'><strong>esa</strong></span> <span class='ocrx_word' id='word_1_2' title='bbox 759 285 790 338; x_wconf 81' lang='lat' dir='ltr'><strong>xv</strong></span> <span class='ocrx_word' id='word_1_3' title='bbox 811 286 884 340; x_wconf 73' lang='lat' dir='ltr'><strong>cur.</strong></span> <span class='ocrx_word' id='word_1_4' title='bbox 907 287 915 339; x_wconf 88' lang='lat' dir='ltr'><strong>l</strong></span> <span class='ocrx_word' id='word_1_5' title='bbox 935 287 979 340; x_wconf 76' lang='lat' dir='ltr'><strong>sn</strong></span> <span class='ocrx_word' id='word_1_6' title='bbox 999 286 1173 341; x_wconf 74' lang='lat' dir='ltr'><strong>staulinus.</strong></span> <span class='ocrx_word' id='word_1_7' title='bbox 1260 314 1266 319; x_wconf 94' lang='lat'>-</span> <span class='ocrx_word' id='word_1_8' title='bbox 1756 291 1808 346; x_wconf 70' lang='lat' dir='ltr'><strong>aar</strong></span> 
     </span>
    </p>
   </div>
   <div class='ocr_carea' id='block_1_2' title="bbox 121 391 1811 2141">
    <p class='ocr_par' dir='ltr' id='par_1_2' title="bbox 121 391 1811 1769">
     <span class='ocr_line' id='line_1_2' title="bbox 122 391 1807 477; baseline 0.002 -30"><span class='ocrx_word' id='word_1_9' title='bbox 122 393 176 464; x_wconf 90' lang='lat' dir='ltr'><strong>qui</strong></span> <span class='ocrx_word' id='word_1_10' title='bbox 193 395 260 447; x_wconf 88' lang='lat' dir='ltr'><strong>ante</strong></span> <span class='ocrx_word' id='word_1_11' title='bbox 279 408 328 447; x_wconf 89' lang='lat' dir='ltr'><strong>eos</strong></span> <span class='ocrx_word' id='word_1_12' title='bbox 348 392 525 447; x_wconf 76' lang='lat' dir='ltr'><strong>exstiterant.</strong></span> <span class='ocrx_word' id='word_1_13' title='bbox 540 393 602 445; x_wconf 90' lang='lat' dir='ltr'><strong>Nun</strong></span> <span class='ocrx_word' id='word_1_14' title='bbox 622 391 842 445; x_wconf 78' lang='lat' dir='ltr'><strong>reminiscentes</strong></span> <span class='ocrx_word' id='word_1_15' title='bbox 860 391 938 462; x_wconf 92' lang='lat' dir='ltr'><strong>quud</strong></span> <span class='ocrx_word' id='word_1_16' title='bbox 950 395 1018 477; x_wconf 63' lang='lat' dir='ltr'><strong>Ain</strong></span> <span class='ocrx_word' id='word_1_17' title='bbox 1030 394 1154 449; x_wconf 91' lang='lat' dir='ltr'><strong>adventu</strong></span> <span class='ocrx_word' id='word_1_18' title='bbox 1164 394 1224 449; x_wconf 84' lang='lat' dir='ltr'><strong>Filii</strong></span> <span class='ocrx_word' id='word_1_19' title='bbox 1235 394 1285 449; x_wconf 85' lang='lat' dir='ltr'><strong>Dei</strong></span> <span class='ocrx_word' id='word_1_20' title='bbox 1295 393 1481 464; x_wconf 90' lang='lat' dir='ltr'><strong>spiritualiter</strong></span> <span class='ocrx_word' id='word_1_21' title='bbox 1492 395 1577 449; x_wconf 85' lang='lat' dir='ltr'><strong>fuisse</strong></span> <span class='ocrx_word' id='word_1_22' title='bbox 1587 393 1755 465; x_wconf 89' lang='lat' dir='ltr'><strong>adimpleta.</strong></span> <span class='ocrx_word' id='word_1_23' title='bbox 1767 397 1807 452; x_wconf 88' lang='lat' dir='ltr'><strong>lle</strong></span> 
     </span>
     <span class='ocr_line' id='line_1_3' title="bbox 121 486 1806 560; baseline 0.001 -18"><span class='ocrx_word' id='word_1_24' title='bbox 121 486 235 542; x_wconf 82' lang='lat' dir='ltr'><strong>dixerat</strong></span> <span class='ocrx_word' id='word_1_25' title='bbox 248 488 322 542; x_wconf 87' lang='lat' dir='ltr'><strong>lleus</strong></span> <span class='ocrx_word' id='word_1_26' title='bbox 337 486 374 541; x_wconf 89' lang='lat' dir='ltr'><strong>ad</strong></span> <span class='ocrx_word' id='word_1_27' title='bbox 387 487 445 540; x_wconf 82' lang='lat' dir='ltr'><strong>Noe</strong></span> <span class='ocrx_word' id='word_1_28' title='bbox 461 502 467 539; x_wconf 74' lang='grc' dir='ltr'>ε</span> <span class='ocrx_word' id='word_1_29' title='bbox 481 487 584 539; x_wconf 82' lang='lat' dir='ltr'><strong>Ponam</strong></span> <span class='ocrx_word' id='word_1_30' title='bbox 596 500 688 540; x_wconf 87' lang='lat' dir='ltr'><strong>orrum</strong></span> <span class='ocrx_word' id='word_1_31' title='bbox 706 500 794 539; x_wconf 88' lang='lat' dir='ltr'><strong>meum</strong></span> <span class='ocrx_word' id='word_1_32' title='bbox 816 487 846 538; x_wconf 87' lang='lat' dir='ltr'><strong>in</strong></span> <span class='ocrx_word' id='word_1_33' title='bbox 863 486 941 539; x_wconf 78' lang='lat' dir='ltr'><strong>nulri-</strong></span> <span class='ocrx_word' id='word_1_34' title='bbox 991 504 1048 559; x_wconf 86' lang='lat' dir='ltr'><strong>qua</strong></span> <span class='ocrx_word' id='word_1_35' title='bbox 1063 488 1187 558; x_wconf 82' lang='lat' dir='ltr'><strong>Epistola</strong></span> <span class='ocrx_word' id='word_1_36' title='bbox 1200 488 1282 542; x_wconf 92' lang='lat' dir='ltr'><strong>multi</strong></span> <span class='ocrx_word' id='word_1_37' title='bbox 1296 487 1462 542; x_wconf 89' lang='lat' dir='ltr'><strong>Latinorum</strong></span> <span class='ocrx_word' id='word_1_38' title='bbox 1482 487 1590 554; x_wconf 89' lang='lat' dir='ltr'><strong>dicunt,</strong></span> <span class='ocrx_word' id='word_1_39' title='bbox 1605 488 1683 560; x_wconf 90' lang='lat' dir='ltr'><strong>quud</strong></span> <span class='ocrx_word' id='word_1_40' title='bbox 1697 505 1755 543; x_wconf 91' lang='lat' dir='ltr'><strong>non</strong></span> <span class='ocrx_word' id='word_1_41' title='bbox 1769 489 1806 544; x_wconf 91' lang='lat' dir='ltr'><strong>sit</strong></span> 
     </span>
     <span class='ocr_line' id='line_1_4' title="bbox 121 579 1806 652; baseline 0.001 -17"><span class='ocrx_word' id='word_1_42' title='bbox 121 581 256 641; x_wconf 79' lang='lat' dir='ltr'><strong>tusculi,</strong></span> <span class='ocrx_word' id='word_1_43' title='bbox 280 584 306 634; x_wconf 82' lang='lat' dir='ltr'><strong>et</strong></span> <span class='ocrx_word' id='word_1_44' title='bbox 326 579 610 645; x_wconf 82' lang='lat' dir='ltr'><strong>recordaborsedcris</strong></span> <span class='ocrx_word' id='word_1_45' title='bbox 631 580 692 640; x_wconf 87' lang='lat' dir='ltr'><strong>mei,</strong></span> <span class='ocrx_word' id='word_1_46' title='bbox 714 583 742 632; x_wconf 89' lang='lat' dir='ltr'><strong>ul</strong></span> <span class='ocrx_word' id='word_1_47' title='bbox 761 579 942 648; x_wconf 87' lang='lat' dir='ltr'><strong>nonperdum</strong></span> <span class='ocrx_word' id='word_1_48' title='bbox 992 582 1113 652; x_wconf 89' lang='lat' dir='ltr'><strong>aposloli</strong></span> <span class='ocrx_word' id='word_1_49' title='bbox 1138 582 1227 647; x_wconf 88' lang='lat' dir='ltr'><strong>Pauli,</strong></span> <span class='ocrx_word' id='word_1_50' title='bbox 1256 597 1289 634; x_wconf 93' lang='lat' dir='ltr'><strong>eo</strong></span> <span class='ocrx_word' id='word_1_51' title='bbox 1319 581 1396 652; x_wconf 90' lang='lat' dir='ltr'><strong>quod</strong></span> <span class='ocrx_word' id='word_1_52' title='bbox 1424 597 1530 636; x_wconf 88' lang='lat' dir='ltr'><strong>nomen</strong></span> <span class='ocrx_word' id='word_1_53' title='bbox 1557 581 1644 651; x_wconf 90' lang='lat' dir='ltr'><strong>ipsius</strong></span> <span class='ocrx_word' id='word_1_54' title='bbox 1667 582 1806 652; x_wconf 85' lang='lat' dir='ltr'><strong>incapite</strong></span> 
     </span>
     <span class='ocr_line' id='line_1_5' title="bbox 122 671 1805 748; baseline 0.001 -20"><span class='ocrx_word' id='word_1_55' title='bbox 122 676 204 743; x_wconf 83' lang='lat' dir='ltr'><strong>aquis</strong></span> <span class='ocrx_word' id='word_1_56' title='bbox 218 673 318 727; x_wconf 85' lang='lat' dir='ltr'><strong>diluuii</strong></span> <span class='ocrx_word' id='word_1_57' title='bbox 335 687 437 726; x_wconf 79' lang='lat' dir='ltr'><strong>omnem</strong></span> <span class='ocrx_word' id='word_1_58' title='bbox 454 686 569 725; x_wconf 85' lang='lat' dir='ltr'><strong>curnem.</strong></span> <span class='ocrx_word' id='word_1_59' title='bbox 587 672 830 726; x_wconf 88' lang='lat' dir='ltr'><strong>Creverantenim</strong></span> <span class='ocrx_word' id='word_1_60' title='bbox 846 671 940 740; x_wconf 91' lang='lat' dir='ltr'><strong>nimis,</strong></span> <span class='ocrx_word' id='word_1_61' title='bbox 991 675 1196 748; x_wconf 74' lang='lat' dir='ltr'><strong>pretitulatum</strong></span> <span class='ocrx_word' id='word_1_62' title='bbox 1210 689 1268 729; x_wconf 89' lang='lat' dir='ltr'><strong>non</strong></span> <span class='ocrx_word' id='word_1_63' title='bbox 1283 674 1328 738; x_wconf 84' lang='lat' dir='ltr'><strong>sit,</strong></span> <span class='ocrx_word' id='word_1_64' title='bbox 1342 673 1391 727; x_wconf 88' lang='lat' dir='ltr'><strong>sed</strong></span> <span class='ocrx_word' id='word_1_65' title='bbox 1411 673 1548 728; x_wconf 76' lang='lat' dir='ltr'><strong>Barnabae</strong></span> <span class='ocrx_word' id='word_1_66' title='bbox 1561 674 1642 744; x_wconf 86' lang='lat' dir='ltr'><strong>juxta</strong></span> <span class='ocrx_word' id='word_1_67' title='bbox 1655 675 1805 729; x_wconf 87' lang='lat' dir='ltr'><strong>Tertullia-</strong></span> 
     </span>
     <span class='ocr_line' id='line_1_6' title="bbox 123 763 1805 837; baseline 0.001 -17"><span class='ocrx_word' id='word_1_68' title='bbox 123 770 156 821; x_wconf 88' lang='lat' dir='ltr'><strong>et</strong></span> <span class='ocrx_word' id='word_1_69' title='bbox 170 766 255 819; x_wconf 91' lang='lat' dir='ltr'><strong>simul</strong></span> <span class='ocrx_word' id='word_1_70' title='bbox 267 764 397 818; x_wconf 86' lang='lat' dir='ltr'><strong>babitare</strong></span> <span class='ocrx_word' id='word_1_71' title='bbox 411 780 469 817; x_wconf 90' lang='lat' dir='ltr'><strong>nun</strong></span> <span class='ocrx_word' id='word_1_72' title='bbox 485 767 638 835; x_wconf 88' lang='lat' dir='ltr'><strong>poterant:</strong></span> <span class='ocrx_word' id='word_1_73' title='bbox 662 767 818 833; x_wconf 90' lang='lat' dir='ltr'><strong>antequam</strong></span> <span class='ocrx_word' id='word_1_74' title='bbox 833 763 940 818; x_wconf 88' lang='lat' dir='ltr'><strong>divide·</strong></span> <span class='ocrx_word' id='word_1_75' title='bbox 992 786 1073 837; x_wconf 91' lang='lat' dir='ltr'><strong>num,</strong></span> <span class='ocrx_word' id='word_1_76' title='bbox 1089 767 1133 821; x_wconf 88' lang='lat' dir='ltr'><strong>vel</strong></span> <span class='ocrx_word' id='word_1_77' title='bbox 1149 768 1240 832; x_wconf 86' lang='lat' dir='ltr'><strong>Lucae,</strong></span> <span class='ocrx_word' id='word_1_78' title='bbox 1255 770 1304 820; x_wconf 91' lang='lat' dir='ltr'><strong>aut</strong></span> <span class='ocrx_word' id='word_1_79' title='bbox 1316 767 1481 833; x_wconf 85' lang='lat' dir='ltr'><strong>Clementis,</strong></span> <span class='ocrx_word' id='word_1_80' title='bbox 1497 769 1546 820; x_wconf 91' lang='lat' dir='ltr'><strong>aut</strong></span> <span class='ocrx_word' id='word_1_81' title='bbox 1565 765 1684 836; x_wconf 89' lang='lat' dir='ltr'><strong>alicujus</strong></span> <span class='ocrx_word' id='word_1_82' title='bbox 1701 784 1733 821; x_wconf 88' lang='lat' dir='ltr'><strong>ex</strong></span> <span class='ocrx_word' id='word_1_83' title='bbox 1748 767 1805 822; x_wconf 88' lang='lat' dir='ltr'><strong>dis·</strong></span> 
     </span>
     <span class='ocr_line' id='line_1_7' title="bbox 121 855 1805 933; baseline 0.001 -20"><span class='ocrx_word' id='word_1_84' title='bbox 121 862 226 913; x_wconf 84' lang='lat' dir='ltr'><strong>rentur</strong></span> <span class='ocrx_word' id='word_1_85' title='bbox 240 858 269 911; x_wconf 90' lang='lat' dir='ltr'><strong>in</strong></span> <span class='ocrx_word' id='word_1_86' title='bbox 284 857 417 928; x_wconf 85' lang='lat' dir='ltr'><strong>regiones</strong></span> <span class='ocrx_word' id='word_1_87' title='bbox 440 858 483 911; x_wconf 90' lang='lat' dir='ltr'><strong>vel</strong></span> <span class='ocrx_word' id='word_1_88' title='bbox 498 859 598 923; x_wconf 89' lang='lat' dir='ltr'><strong>terras,</strong></span> <span class='ocrx_word' id='word_1_89' title='bbox 612 855 764 910; x_wconf 90' lang='lat' dir='ltr'><strong>voluerunt</strong></span> <span class='ocrx_word' id='word_1_90' title='bbox 776 856 828 909; x_wconf 91' lang='lat' dir='ltr'><strong>sibi</strong></span> <span class='ocrx_word' id='word_1_91' title='bbox 843 855 941 926; x_wconf 89' lang='lat' dir='ltr'><strong>acqui·</strong></span> <span class='ocrx_word' id='word_1_92' title='bbox 992 862 1091 933; x_wconf 77' lang='lat' dir='ltr'><strong>cipalis</strong></span> <span class='ocrx_word' id='word_1_93' title='bbox 1122 861 1327 931; x_wconf 82' lang='lat' dir='ltr'><strong>apostolurum.</strong></span> <span class='ocrx_word' id='word_1_94' title='bbox 1358 858 1465 923; x_wconf 80' lang='lat' dir='ltr'><strong>Quibus</strong></span> <span class='ocrx_word' id='word_1_95' title='bbox 1489 859 1725 929; x_wconf 89' lang='lat' dir='ltr'><strong>respondendum</strong></span> <span class='ocrx_word' id='word_1_96' title='bbox 1753 863 1805 928; x_wconf 91' lang='lat' dir='ltr'><strong>est,</strong></span> 
     </span>
     <span class='ocr_line' id='line_1_8' title="bbox 123 949 1806 1024; baseline -0.003 -18"><span class='ocrx_word' id='word_1_97' title='bbox 123 969 190 1006; x_wconf 89' lang='lat' dir='ltr'><strong>rere</strong></span> <span class='ocrx_word' id='word_1_98' title='bbox 218 967 324 1006; x_wconf 88' lang='lat' dir='ltr'><strong>numen</strong></span> <span class='ocrx_word' id='word_1_99' title='bbox 352 950 565 1021; x_wconf 84' lang='lat' dir='ltr'><strong>sempiternale.</strong></span> <span class='ocrx_word' id='word_1_100' title='bbox 589 949 812 1019; x_wconf 84' lang='lat' dir='ltr'><strong>Habueruntquc</strong></span> <span class='ocrx_word' id='word_1_101' title='bbox 837 950 942 1002; x_wconf 85' lang='lat' dir='ltr'><strong>lateres</strong></span> <span class='ocrx_word' id='word_1_102' title='bbox 993 952 1400 1024; x_wconf 66' lang='lat' dir='ltr'><strong>quissiapostuliPaulinon</strong></span> <span class='ocrx_word' id='word_1_103' title='bbox 1417 955 1587 1022; x_wconf 81' lang='lat' dir='ltr'><strong>est,pr0a0</strong></span> <span class='ocrx_word' id='word_1_104' title='bbox 1604 951 1806 1023; x_wconf 79' lang='lat' dir='ltr'><strong>quudnomen</strong></span> 
     </span>
     <span class='ocr_line' id='line_1_9' title="bbox 122 1042 1807 1119; baseline 0.001 -20"><span class='ocrx_word' id='word_1_105' title='bbox 122 1061 178 1118; x_wconf 91' lang='lat' dir='ltr'><strong>pro</strong></span> <span class='ocrx_word' id='word_1_106' title='bbox 189 1044 261 1099; x_wconf 89' lang='lat' dir='ltr'><strong>saxis</strong></span> <span class='ocrx_word' id='word_1_107' title='bbox 274 1047 303 1098; x_wconf 90' lang='lat' dir='ltr'><strong>et</strong></span> <span class='ocrx_word' id='word_1_108' title='bbox 314 1044 458 1098; x_wconf 87' lang='lat' dir='ltr'><strong>bitumum</strong></span> <span class='ocrx_word' id='word_1_109' title='bbox 467 1043 519 1113; x_wconf 88' lang='lat' dir='ltr'><strong>[llo</strong></span> <span class='ocrx_word' id='word_1_110' title='bbox 531 1042 605 1114; x_wconf 70' lang='lat' dir='ltr'><strong>dudi</strong></span> <span class='ocrx_word' id='word_1_111' title='bbox 618 1045 834 1114; x_wconf 72' lang='lat' dir='ltr'><strong>praesumente,</strong></span> <span class='ocrx_word' id='word_1_112' title='bbox 849 1045 878 1096; x_wconf 86' lang='lat' dir='ltr'><strong>et</strong></span> <span class='ocrx_word' id='word_1_113' title='bbox 890 1057 942 1096; x_wconf 76' lang='lat' dir='ltr'><strong>coe</strong></span> <span class='ocrx_word' id='word_1_114' title='bbox 993 1047 1080 1119; x_wconf 90' lang='lat' dir='ltr'><strong>ipsius</strong></span> <span class='ocrx_word' id='word_1_115' title='bbox 1092 1047 1121 1101; x_wconf 92' lang='lat' dir='ltr'><strong>in</strong></span> <span class='ocrx_word' id='word_1_116' title='bbox 1134 1046 1227 1117; x_wconf 89' lang='lat' dir='ltr'><strong>capite</strong></span> <span class='ocrx_word' id='word_1_117' title='bbox 1242 1045 1448 1117; x_wconf 79' lang='lat' dir='ltr'><strong>praetitulatum</strong></span> <span class='ocrx_word' id='word_1_118' title='bbox 1465 1061 1522 1099; x_wconf 89' lang='lat' dir='ltr'><strong>non</strong></span> <span class='ocrx_word' id='word_1_119' title='bbox 1537 1048 1589 1110; x_wconf 85' lang='lat' dir='ltr'><strong>est,</strong></span> <span class='ocrx_word' id='word_1_120' title='bbox 1606 1061 1675 1117; x_wconf 83' lang='lat' dir='ltr'><strong>ergo</strong></span> <span class='ocrx_word' id='word_1_121' title='bbox 1691 1062 1744 1101; x_wconf 89' lang='lat' dir='ltr'><strong>nec</strong></span> <span class='ocrx_word' id='word_1_122' title='bbox 1758 1046 1807 1100; x_wconf 92' lang='lat' dir='ltr'><strong>ali·</strong></span> 
     </span>
     <span class='ocr_line' id='line_1_10' title="bbox 123 1134 1806 1210; baseline -0.001 -16"><span class='ocrx_word' id='word_1_123' title='bbox 123 1141 232 1210; x_wconf 80' lang='lat' dir='ltr'><strong>parunt</strong></span> <span class='ocrx_word' id='word_1_124' title='bbox 247 1136 388 1192; x_wconf 81' lang='lat' dir='ltr'><strong>aediircarc</strong></span> <span class='ocrx_word' id='word_1_125' title='bbox 404 1136 484 1205; x_wconf 82' lang='lat' dir='ltr'><strong>cujus</strong></span> <span class='ocrx_word' id='word_1_126' title='bbox 496 1134 591 1205; x_wconf 78' lang='lat' dir='ltr'><strong>operis</strong></span> <span class='ocrx_word' id='word_1_127' title='bbox 609 1139 710 1190; x_wconf 78' lang='lat' dir='ltr'><strong>auctor</strong></span> <span class='ocrx_word' id='word_1_128' title='bbox 731 1134 837 1188; x_wconf 75' lang='lat' dir='ltr'><strong>exstitit</strong></span> <span class='ocrx_word' id='word_1_129' title='bbox 856 1135 942 1189; x_wconf 86' lang='lat' dir='ltr'><strong>Ncm-</strong></span> <span class='ocrx_word' id='word_1_130' title='bbox 993 1141 1072 1210; x_wconf 89' lang='lat' dir='ltr'><strong>cujus</strong></span> <span class='ocrx_word' id='word_1_131' title='bbox 1091 1140 1207 1194; x_wconf 90' lang='lat' dir='ltr'><strong>illorum</strong></span> <span class='ocrx_word' id='word_1_132' title='bbox 1226 1140 1289 1206; x_wconf 90' lang='lat' dir='ltr'><strong>erit,</strong></span> <span class='ocrx_word' id='word_1_133' title='bbox 1313 1138 1490 1210; x_wconf 87' lang='lat' dir='ltr'><strong>quianullus</strong></span> <span class='ocrx_word' id='word_1_134' title='bbox 1510 1154 1610 1192; x_wconf 88' lang='lat' dir='ltr'><strong>eorum</strong></span> <span class='ocrx_word' id='word_1_135' title='bbox 1633 1138 1756 1194; x_wconf 87' lang='lat' dir='ltr'><strong>habetur</strong></span> <span class='ocrx_word' id='word_1_136' title='bbox 1776 1139 1806 1193; x_wconf 91' lang='lat' dir='ltr'><strong>in</strong></span> 
     </span>
     <span class='ocr_line' id='line_1_11' title="bbox 125 1226 1808 1305; baseline -0.001 -18"><span class='ocrx_word' id='word_1_137' title='bbox 125 1232 224 1303; x_wconf 87' lang='lat' dir='ltr'><strong>phrot.</strong></span> <span class='ocrx_word' id='word_1_138' title='bbox 236 1230 342 1285; x_wconf 81' lang='lat' dir='ltr'><strong>Videas</strong></span> <span class='ocrx_word' id='word_1_139' title='bbox 356 1246 424 1284; x_wconf 82' lang='lat' dir='ltr'><strong>vcro</strong></span> <span class='ocrx_word' id='word_1_140' title='bbox 437 1229 511 1282; x_wconf 88' lang='lat' dir='ltr'><strong>[leus</strong></span> <span class='ocrx_word' id='word_1_141' title='bbox 522 1244 623 1282; x_wconf 84' lang='lat' dir='ltr'><strong>corum</strong></span> <span class='ocrx_word' id='word_1_142' title='bbox 640 1226 824 1282; x_wconf 79' lang='lat' dir='ltr'><strong>irrevocabile</strong></span> <span class='ocrx_word' id='word_1_143' title='bbox 839 1242 943 1298; x_wconf 86' lang='lat' dir='ltr'><strong>propo·</strong></span> <span class='ocrx_word' id='word_1_144' title='bbox 993 1233 1095 1305; x_wconf 87' lang='lat' dir='ltr'><strong>capite.</strong></span> <span class='ocrx_word' id='word_1_145' title='bbox 1111 1232 1168 1287; x_wconf 85' lang='lat' dir='ltr'><strong>Sed</strong></span> <span class='ocrx_word' id='word_1_146' title='bbox 1184 1233 1302 1288; x_wconf 94' lang='lat' dir='ltr'><strong>omnino</strong></span> <span class='ocrx_word' id='word_1_147' title='bbox 1323 1232 1394 1286; x_wconf 88' lang='lat' dir='ltr'><strong>scire</strong></span> <span class='ocrx_word' id='word_1_148' title='bbox 1409 1231 1548 1286; x_wconf 88' lang='lat' dir='ltr'><strong>debemus</strong></span> <span class='ocrx_word' id='word_1_149' title='bbox 1561 1230 1648 1300; x_wconf 88' lang='lat' dir='ltr'><strong>ipsius</strong></span> <span class='ocrx_word' id='word_1_150' title='bbox 1660 1247 1721 1285; x_wconf 90' lang='lat' dir='ltr'><strong>esse</strong></span> <span class='ocrx_word' id='word_1_151' title='bbox 1733 1231 1808 1286; x_wconf 87' lang='lat' dir='ltr'><strong>hane</strong></span> 
     </span>
     <span class='ocr_line' id='line_1_12' title="bbox 124 1320 1809 1398; baseline -0.008 -7"><span class='ocrx_word' id='word_1_152' title='bbox 124 1325 224 1391; x_wconf 72' lang='lat' dir='ltr'><strong>Situm,</strong></span> <span class='ocrx_word' id='word_1_153' title='bbox 242 1323 282 1378; x_wconf 68' lang='lat' dir='ltr'><strong>aii</strong></span> <span class='ocrx_word' id='word_1_154' title='bbox 307 1339 313 1377; x_wconf 68' lang='grc' dir='ltr'><strong><em>ἲ</em></strong></span> <span class='ocrx_word' id='word_1_155' title='bbox 333 1325 425 1379; x_wconf 64' lang='lat' dir='ltr'><strong>Venite</strong></span> <span class='ocrx_word' id='word_1_156' title='bbox 445 1323 621 1377; x_wconf 64' lang='lat' dir='ltr'><strong>“scindamus</strong></span> <span class='ocrx_word' id='word_1_157' title='bbox 641 1326 665 1376; x_wconf 72' lang='lat' dir='ltr'><strong>ei</strong></span> <span class='ocrx_word' id='word_1_158' title='bbox 689 1321 890 1388; x_wconf 63' lang='lat' dir='ltr'><strong>confundamus</strong></span> <span class='ocrx_word' id='word_1_159' title='bbox 905 1320 945 1374; x_wconf 74' lang='lat' dir='ltr'><strong>ibi</strong></span> <span class='ocrx_word' id='word_1_160' title='bbox 993 1326 1158 1398; x_wconf 88' lang='lat' dir='ltr'><strong>Epistulam.</strong></span> <span class='ocrx_word' id='word_1_161' title='bbox 1175 1325 1258 1390; x_wconf 83' lang='lat' dir='ltr'><strong>Quod</strong></span> <span class='ocrx_word' id='word_1_162' title='bbox 1269 1342 1337 1379; x_wconf 88' lang='lat' dir='ltr'><strong>vero</strong></span> <span class='ocrx_word' id='word_1_163' title='bbox 1352 1341 1459 1379; x_wconf 89' lang='lat' dir='ltr'><strong>numen</strong></span> <span class='ocrx_word' id='word_1_164' title='bbox 1472 1341 1556 1379; x_wconf 93' lang='lat' dir='ltr'><strong>suum</strong></span> <span class='ocrx_word' id='word_1_165' title='bbox 1569 1324 1598 1377; x_wconf 93' lang='lat' dir='ltr'><strong>in</strong></span> <span class='ocrx_word' id='word_1_166' title='bbox 1614 1324 1705 1394; x_wconf 89' lang='lat' dir='ltr'><strong>capite</strong></span> <span class='ocrx_word' id='word_1_167' title='bbox 1716 1324 1809 1395; x_wconf 78' lang='lat' dir='ltr'><strong>praeti-</strong></span> 
     </span>
     <span class='ocr_line' id='line_1_13' title="bbox 126 1412 1808 1487; baseline -0.001 -13"><span class='ocrx_word' id='word_1_168' title='bbox 126 1419 249 1486; x_wconf 75' lang='lat' dir='ltr'><strong>linpuom</strong></span> <span class='ocrx_word' id='word_1_169' title='bbox 261 1432 362 1471; x_wconf 78' lang='lat' dir='ltr'><strong>corum.</strong></span> <span class='ocrx_word' id='word_1_170' title='bbox 378 1415 480 1486; x_wconf 85' lang='lat' dir='ltr'><strong>Sicquo</strong></span> <span class='ocrx_word' id='word_1_171' title='bbox 504 1416 670 1469; x_wconf 75' lang='lat' dir='ltr'><strong>factumest</strong></span> <span class='ocrx_word' id='word_1_172' title='bbox 692 1412 784 1484; x_wconf 80' lang='lat' dir='ltr'><strong>utqui</strong></span> <span class='ocrx_word' id='word_1_173' title='bbox 799 1413 942 1469; x_wconf 91' lang='lat' dir='ltr'><strong>unamlu·</strong></span> <span class='ocrx_word' id='word_1_174' title='bbox 993 1421 1086 1474; x_wconf 90' lang='lat' dir='ltr'><strong>tulare</strong></span> <span class='ocrx_word' id='word_1_175' title='bbox 1101 1419 1212 1487; x_wconf 90' lang='lat' dir='ltr'><strong>noluit,</strong></span> <span class='ocrx_word' id='word_1_176' title='bbox 1232 1418 1268 1472; x_wconf 90' lang='lat' dir='ltr'><strong>ob</strong></span> <span class='ocrx_word' id='word_1_177' title='bbox 1290 1417 1383 1472; x_wconf 89' lang='lat' dir='ltr'><strong>varias</strong></span> <span class='ocrx_word' id='word_1_178' title='bbox 1402 1434 1501 1471; x_wconf 88' lang='lat' dir='ltr'><strong>causas</strong></span> <span class='ocrx_word' id='word_1_179' title='bbox 1519 1417 1587 1486; x_wconf 84' lang='lat' dir='ltr'><strong>egit.</strong></span> <span class='ocrx_word' id='word_1_180' title='bbox 1611 1416 1705 1472; x_wconf 90' lang='lat' dir='ltr'><strong>Prima</strong></span> <span class='ocrx_word' id='word_1_181' title='bbox 1723 1434 1808 1473; x_wconf 89' lang='lat' dir='ltr'><strong>causa</strong></span> 
     </span>
     <span class='ocr_line' id='line_1_14' title="bbox 127 1505 1807 1583; baseline -0.001 -15"><span class='ocrx_word' id='word_1_182' title='bbox 127 1510 301 1582; x_wconf 83' lang='lat' dir='ltr'><strong>quebantur,</strong></span> <span class='ocrx_word' id='word_1_183' title='bbox 312 1508 508 1563; x_wconf 76' lang='lat' dir='ltr'><strong>dividerentur</strong></span> <span class='ocrx_word' id='word_1_184' title='bbox 517 1507 547 1561; x_wconf 90' lang='lat' dir='ltr'><strong>iu</strong></span> <span class='ocrx_word' id='word_1_185' title='bbox 557 1506 738 1577; x_wconf 66' lang='lat' dir='ltr'><strong>septuaginta</strong></span> <span class='ocrx_word' id='word_1_186' title='bbox 751 1506 819 1561; x_wconf 87' lang='lat' dir='ltr'><strong>duo·</strong></span> <span class='ocrx_word' id='word_1_187' title='bbox 832 1505 944 1576; x_wconf 74' lang='lat' dir='ltr'><strong>Lingua</strong></span> <span class='ocrx_word' id='word_1_188' title='bbox 994 1513 1107 1581; x_wconf 85' lang='lat' dir='ltr'><strong>exstitit,</strong></span> <span class='ocrx_word' id='word_1_189' title='bbox 1124 1512 1191 1583; x_wconf 90' lang='lat' dir='ltr'><strong>quia</strong></span> <span class='ocrx_word' id='word_1_190' title='bbox 1206 1515 1326 1566; x_wconf 90' lang='lat' dir='ltr'><strong>noverat</strong></span> <span class='ocrx_word' id='word_1_191' title='bbox 1339 1510 1376 1563; x_wconf 94' lang='lat' dir='ltr'><strong>ibi</strong></span> <span class='ocrx_word' id='word_1_192' title='bbox 1391 1511 1482 1564; x_wconf 85' lang='lat' dir='ltr'><strong>Deum</strong></span> <span class='ocrx_word' id='word_1_193' title='bbox 1494 1513 1523 1564; x_wconf 89' lang='lat' dir='ltr'><strong>et</strong></span> <span class='ocrx_word' id='word_1_194' title='bbox 1537 1510 1708 1580; x_wconf 80' lang='lat' dir='ltr'><strong>magistrum</strong></span> <span class='ocrx_word' id='word_1_195' title='bbox 1724 1527 1807 1566; x_wconf 87' lang='lat' dir='ltr'><strong>suum</strong></span> 
     </span>
     <span class='ocr_line' id='line_1_15' title="bbox 127 1598 1811 1675; baseline -0.006 -19"><span class='ocrx_word' id='word_1_196' title='bbox 127 1619 205 1668; x_wconf 84' lang='lat' dir='ltr'><strong>vero,</strong></span> <span class='ocrx_word' id='word_1_197' title='bbox 220 1619 276 1673; x_wconf 89' lang='lat' dir='ltr'><strong>qua</strong></span> <span class='ocrx_word' id='word_1_198' title='bbox 290 1617 391 1658; x_wconf 85' lang='lat' dir='ltr'><strong>omnes</strong></span> <span class='ocrx_word' id='word_1_199' title='bbox 410 1600 602 1671; x_wconf 85' lang='lat' dir='ltr'><strong>loquebantur</strong></span> <span class='ocrx_word' id='word_1_200' title='bbox 616 1602 711 1669; x_wconf 89' lang='lat' dir='ltr'><strong>antea,</strong></span> <span class='ocrx_word' id='word_1_201' title='bbox 728 1615 786 1654; x_wconf 90' lang='lat' dir='ltr'><strong>non</strong></span> <span class='ocrx_word' id='word_1_202' title='bbox 805 1598 945 1653; x_wconf 84' lang='lat' dir='ltr'><strong>remansit</strong></span> <span class='ocrx_word' id='word_1_203' title='bbox 994 1606 1214 1662; x_wconf 68' lang='lat' dir='ltr'><strong>fundamentum</strong></span> <span class='ocrx_word' id='word_1_204' title='bbox 1229 1603 1364 1675; x_wconf 73' lang='lat' dir='ltr'><strong>posuisse,</strong></span> <span class='ocrx_word' id='word_1_205' title='bbox 1379 1603 1445 1658; x_wconf 76' lang='lat' dir='ltr'><strong>ldeo</strong></span> <span class='ocrx_word' id='word_1_206' title='bbox 1465 1619 1523 1657; x_wconf 91' lang='lat' dir='ltr'><strong>uon</strong></span> <span class='ocrx_word' id='word_1_207' title='bbox 1543 1602 1597 1657; x_wconf 72' lang='lat' dir='ltr'><strong>luit</strong></span> <span class='ocrx_word' id='word_1_208' title='bbox 1612 1619 1697 1657; x_wconf 67' lang='lat' dir='ltr'><strong>ausus</strong></span> <span class='ocrx_word' id='word_1_209' title='bbox 1708 1605 1811 1670; x_wconf 64' lang='lat' dir='ltr'><strong>funda.</strong></span> 
     </span>
     <span class='ocr_line' id='line_1_16' title="bbox 128 1692 1811 1769; baseline -0.001 -16"><span class='ocrx_word' id='word_1_210' title='bbox 128 1695 183 1750; x_wconf 86' lang='lat' dir='ltr'><strong>nisi</strong></span> <span class='ocrx_word' id='word_1_211' title='bbox 199 1693 381 1749; x_wconf 87' lang='lat' dir='ltr'><strong>solummodo</strong></span> <span class='ocrx_word' id='word_1_212' title='bbox 394 1694 423 1747; x_wconf 91' lang='lat' dir='ltr'><strong>iu</strong></span> <span class='ocrx_word' id='word_1_213' title='bbox 438 1693 526 1747; x_wconf 88' lang='lat' dir='ltr'><strong>domo</strong></span> <span class='ocrx_word' id='word_1_214' title='bbox 543 1692 644 1746; x_wconf 82' lang='lat' dir='ltr'><strong>Habcr-</strong></span> <span class='ocrx_word' id='word_1_215' title='bbox 994 1704 1111 1755; x_wconf 88' lang='lat' dir='ltr'><strong>mentum</strong></span> <span class='ocrx_word' id='word_1_216' title='bbox 1121 1713 1220 1769; x_wconf 84' lang='lat' dir='ltr'><strong>ponere</strong></span> <span class='ocrx_word' id='word_1_217' title='bbox 1232 1702 1332 1768; x_wconf 79' lang='lat' dir='ltr'><strong>preter</strong></span> <span class='ocrx_word' id='word_1_218' title='bbox 1349 1697 1379 1750; x_wconf 87' lang='lat' dir='ltr'><strong>id</strong></span> <span class='ocrx_word' id='word_1_219' title='bbox 1398 1697 1469 1765; x_wconf 85' lang='lat' dir='ltr'><strong>quod</strong></span> <span class='ocrx_word' id='word_1_220' title='bbox 1482 1698 1602 1766; x_wconf 87' lang='lat' dir='ltr'><strong>positum</strong></span> <span class='ocrx_word' id='word_1_221' title='bbox 1621 1701 1669 1757; x_wconf 87' lang='lat' dir='ltr'><strong>est,</strong></span> <span class='ocrx_word' id='word_1_222' title='bbox 1686 1698 1758 1766; x_wconf 85' lang='lat' dir='ltr'><strong>quod</strong></span> <span class='ocrx_word' id='word_1_223' title='bbox 1772 1704 1811 1753; x_wconf 86' lang='lat' dir='ltr'><strong>est</strong></span> 
     </span>
    </p>

    <p class='ocr_par' dir='ltr' id='par_1_3' title="bbox 122 1761 1811 2141">
     <span class='ocr_line' id='line_1_17' title="bbox 164 1761 1809 1859; baseline -0.008 0"><span class='ocrx_word' id='word_1_224' title='bbox 164 1788 292 1859; x_wconf 59' lang='lat' dir='ltr'><strong>nemius</strong></span> <span class='ocrx_word' id='word_1_225' title='bbox 305 1761 983 1857; x_wconf 55' lang='lat' dir='ltr'><strong>d⁰¹¹¹0¹⁰¹¹80P⁰³tt⁰¹¹¹1³⁰¹“³natusestdbl&#39;ER</strong></span> <span class='ocrx_word' id='word_1_226' title='bbox 996 1795 1209 1851; x_wconf 77' lang='lat' dir='ltr'><strong>Christustesns.</strong></span> <span class='ocrx_word' id='word_1_227' title='bbox 1235 1788 1363 1844; x_wconf 88' lang='lat' dir='ltr'><strong>Secunda</strong></span> <span class='ocrx_word' id='word_1_228' title='bbox 1384 1805 1468 1842; x_wconf 89' lang='lat' dir='ltr'><strong>causa</strong></span> <span class='ocrx_word' id='word_1_229' title='bbox 1483 1789 1546 1850; x_wconf 86' lang='lat' dir='ltr'><strong>luit,</strong></span> <span class='ocrx_word' id='word_1_230' title='bbox 1565 1789 1632 1859; x_wconf 91' lang='lat' dir='ltr'><strong>quia</strong></span> <span class='ocrx_word' id='word_1_231' title='bbox 1655 1805 1713 1844; x_wconf 90' lang='lat' dir='ltr'><strong>nun</strong></span> <span class='ocrx_word' id='word_1_232' title='bbox 1730 1806 1809 1846; x_wconf 89' lang='lat' dir='ltr'><strong>acce·</strong></span> 
     </span>
     <span class='ocr_line' id='line_1_18' title="bbox 128 1876 1809 1957; baseline 0 -19"><span class='ocrx_word' id='word_1_233' title='bbox 128 1883 208 1948; x_wconf 77' lang='lat' dir='ltr'><strong>baffi,</strong></span> <span class='ocrx_word' id='word_1_234' title='bbox 224 1896 310 1951; x_wconf 83' lang='lat' dir='ltr'><strong>quom</strong></span> <span class='ocrx_word' id='word_1_235' title='bbox 325 1881 400 1934; x_wconf 80' lang='lat' dir='ltr'><strong>Deus</strong></span> <span class='ocrx_word' id='word_1_236' title='bbox 413 1881 536 1933; x_wconf 86' lang='lat' dir='ltr'><strong>mutium</strong></span> <span class='ocrx_word' id='word_1_237' title='bbox 551 1877 658 1932; x_wconf 79' lang='lat' dir='ltr'><strong>dilcuii-</strong></span> <span class='ocrx_word' id='word_1_238' title='bbox 679 1876 761 1932; x_wconf 73' lang='lat' dir='ltr'><strong>liadit</strong></span> <span class='ocrx_word' id='word_1_239' title='bbox 780 1876 805 1930; x_wconf 76' lang='lat' dir='ltr'><strong>ci</strong></span> <span class='ocrx_word' id='word_1_240' title='bbox 826 1876 945 1930; x_wconf 78' lang='lat' dir='ltr'><strong>circum·</strong></span> <span class='ocrx_word' id='word_1_241' title='bbox 995 1888 1079 1957; x_wconf 88' lang='lat' dir='ltr'><strong>perat</strong></span> <span class='ocrx_word' id='word_1_242' title='bbox 1093 1885 1122 1938; x_wconf 91' lang='lat' dir='ltr'><strong>in</strong></span> <span class='ocrx_word' id='word_1_243' title='bbox 1134 1886 1174 1938; x_wconf 89' lang='lat' dir='ltr'><strong>eis</strong></span> <span class='ocrx_word' id='word_1_244' title='bbox 1185 1883 1312 1938; x_wconf 80' lang='lat' dir='ltr'><strong>officium</strong></span> <span class='ocrx_word' id='word_1_245' title='bbox 1325 1880 1545 1953; x_wconf 78' lang='lat' dir='ltr'><strong>praedicationis,</strong></span> <span class='ocrx_word' id='word_1_246' title='bbox 1557 1881 1608 1936; x_wconf 89' lang='lat' dir='ltr'><strong>sed</strong></span> <span class='ocrx_word' id='word_1_247' title='bbox 1621 1881 1651 1936; x_wconf 92' lang='lat' dir='ltr'><strong>in</strong></span> <span class='ocrx_word' id='word_1_248' title='bbox 1666 1882 1809 1954; x_wconf 79' lang='lat' dir='ltr'><strong>gentibus,</strong></span> 
     </span>
     <span class='ocr_line' id='line_1_19' title="bbox 128 1969 1811 2048; baseline 0.005 -25"><span class='ocrx_word' id='word_1_249' title='bbox 128 1974 267 2028; x_wconf 77' lang='lat' dir='ltr'><strong>risionem</strong></span> <span class='ocrx_word' id='word_1_250' title='bbox 287 1973 466 2043; x_wconf 81' lang='lat' dir='ltr'><strong>signaculum</strong></span> <span class='ocrx_word' id='word_1_251' title='bbox 488 1971 567 2040; x_wconf 82' lang='lat' dir='ltr'><strong>fidei,</strong></span> <span class='ocrx_word' id='word_1_252' title='bbox 589 1977 615 2025; x_wconf 84' lang='lat' dir='ltr'><strong>et</strong></span> <span class='ocrx_word' id='word_1_253' title='bbox 634 1975 789 2041; x_wconf 84' lang='lat' dir='ltr'><strong>reputatum</strong></span> <span class='ocrx_word' id='word_1_254' title='bbox 805 1974 844 2024; x_wconf 83' lang='lat' dir='ltr'><strong>est</strong></span> <span class='ocrx_word' id='word_1_255' title='bbox 861 1971 886 2023; x_wconf 84' lang='lat' dir='ltr'><strong>ci</strong></span> <span class='ocrx_word' id='word_1_256' title='bbox 909 1969 945 2023; x_wconf 83' lang='lat' dir='ltr'><strong>od</strong></span> <span class='ocrx_word' id='word_1_257' title='bbox 996 1978 1109 2033; x_wconf 87' lang='lat' dir='ltr'><strong>dicente</strong></span> <span class='ocrx_word' id='word_1_258' title='bbox 1130 1977 1237 2048; x_wconf 90' lang='lat' dir='ltr'><strong>Spiritu</strong></span> <span class='ocrx_word' id='word_1_259' title='bbox 1259 1979 1357 2030; x_wconf 89' lang='lat' dir='ltr'><strong>sancto</strong></span> <span class='ocrx_word' id='word_1_260' title='bbox 1375 1992 1382 2030; x_wconf 91' lang='lat'>:</span> <span class='ocrx_word' id='word_1_261' title='bbox 1403 1977 1545 2045; x_wconf 79' lang='lat' dir='ltr'><strong>Seprcqote</strong></span> <span class='ocrx_word' id='word_1_262' title='bbox 1567 1976 1635 2030; x_wconf 82' lang='lat' dir='ltr'><strong>miti</strong></span> <span class='ocrx_word' id='word_1_263' title='bbox 1656 1976 1771 2031; x_wconf 85' lang='lat' dir='ltr'><strong>Paulum</strong></span> <span class='ocrx_word' id='word_1_264' title='bbox 1785 1981 1811 2032; x_wconf 85' lang='lat' dir='ltr'><strong>et</strong></span> 
     </span>
     <span class='ocr_line' id='line_1_20' title="bbox 122 2062 1811 2141; baseline 0.002 -21"><span class='ocrx_word' id='word_1_265' title='bbox 122 2069 283 2136; x_wconf 84' lang='lat' dir='ltr'><strong>justitium:</strong></span> <span class='ocrx_word' id='word_1_266' title='bbox 298 2065 416 2136; x_wconf 86' lang='lat' dir='ltr'><strong>insuper</strong></span> <span class='ocrx_word' id='word_1_267' title='bbox 430 2065 604 2136; x_wconf 88' lang='lat' dir='ltr'><strong>promissum</strong></span> <span class='ocrx_word' id='word_1_268' title='bbox 613 2067 657 2118; x_wconf 88' lang='lat' dir='ltr'><strong>est</strong></span> <span class='ocrx_word' id='word_1_269' title='bbox 667 2064 692 2117; x_wconf 89' lang='lat' dir='ltr'><strong>ei</strong></span> <span class='ocrx_word' id='word_1_270' title='bbox 704 2063 781 2134; x_wconf 91' lang='lat' dir='ltr'><strong>quud</strong></span> <span class='ocrx_word' id='word_1_271' title='bbox 794 2062 823 2115; x_wconf 94' lang='lat' dir='ltr'><strong>in</strong></span> <span class='ocrx_word' id='word_1_272' title='bbox 835 2062 945 2117; x_wconf 89' lang='lat' dir='ltr'><strong>semine</strong></span> <span class='ocrx_word' id='word_1_273' title='bbox 995 2072 1160 2137; x_wconf 77' lang='lat' dir='ltr'><strong>Barnubom,</strong></span> <span class='ocrx_word' id='word_1_274' title='bbox 1177 2073 1284 2141; x_wconf 87' lang='lat' dir='ltr'><strong>inopus</strong></span> <span class='ocrx_word' id='word_1_275' title='bbox 1297 2085 1349 2139; x_wconf 86' lang='lat' dir='ltr'><strong>quo</strong></span> <span class='ocrx_word' id='word_1_276' title='bbox 1362 2071 1496 2139; x_wconf 79' lang='lat' dir='ltr'><strong>assumpsi</strong></span> <span class='ocrx_word' id='word_1_277' title='bbox 1508 2084 1560 2124; x_wconf 87' lang='lat' dir='ltr'><strong>eos.</strong></span> <span class='ocrx_word' id='word_1_278' title='bbox 1574 2068 1647 2134; x_wconf 83' lang='lat' dir='ltr'><strong>Quia</strong></span> <span class='ocrx_word' id='word_1_279' title='bbox 1661 2069 1811 2140; x_wconf 88' lang='lat' dir='ltr'><strong>unusquis·</strong></span> 
     </span>
    </p>
   </div>
   <div class='ocr_carea' id='block_1_3' title="bbox 128 2155 1899 2236">
    <p class='ocr_par' dir='ltr' id='par_1_4' title="bbox 128 2155 1899 2236">
     <span class='ocr_line' id='line_1_21' title="bbox 128 2155 1899 2236; baseline 0.001 -22"><span class='ocrx_word' id='word_1_280' title='bbox 128 2160 191 2230; x_wconf 81' lang='lat' dir='ltr'><strong>cJ‘us</strong></span> <span class='ocrx_word' id='word_1_281' title='bbox 205 2158 413 2213; x_wconf 86' lang='lat' dir='ltr'><strong>benedicentur</strong></span> <span class='ocrx_word' id='word_1_282' title='bbox 427 2175 527 2212; x_wconf 89' lang='lat' dir='ltr'><strong>omnes</strong></span> <span class='ocrx_word' id='word_1_283' title='bbox 543 2161 653 2229; x_wconf 84' lang='lat' dir='ltr'><strong>gentes,</strong></span> <span class='ocrx_word' id='word_1_284' title='bbox 668 2156 711 2210; x_wconf 90' lang='lat' dir='ltr'><strong>his</strong></span> <span class='ocrx_word' id='word_1_285' title='bbox 721 2156 813 2210; x_wconf 86' lang='lat' dir='ltr'><strong>verbis</strong></span> <span class='ocrx_word' id='word_1_286' title='bbox 829 2155 943 2210; x_wconf 88' lang='lat' dir='ltr'><strong>dicens:</strong></span> <span class='ocrx_word' id='word_1_287' title='bbox 996 2165 1051 2236; x_wconf 72' lang='lat' dir='ltr'><strong>que</strong></span> <span class='ocrx_word' id='word_1_288' title='bbox 1066 2181 1147 2219; x_wconf 76' lang='lat' dir='ltr'><strong>suam</strong></span> <span class='ocrx_word' id='word_1_289' title='bbox 1168 2163 1344 2235; x_wconf 85' lang='lat' dir='ltr'><strong>provinciam</strong></span> <span class='ocrx_word' id='word_1_290' title='bbox 1364 2161 1400 2216; x_wconf 89' lang='lat' dir='ltr'><strong>ad</strong></span> <span class='ocrx_word' id='word_1_291' title='bbox 1420 2161 1635 2232; x_wconf 82' lang='lat' dir='ltr'><strong>praedicandum</strong></span> <span class='ocrx_word' id='word_1_292' title='bbox 1651 2165 1809 2234; x_wconf 86' lang='lat' dir='ltr'><strong>acceperat,</strong></span> <span class='ocrx_word' id='word_1_293' title='bbox 1895 2192 1899 2198; x_wconf 77' lang='lat'><strong>,</strong></span> 
     </span>
    </p>
   </div>
   <div class='ocr_carea' id='block_1_4' title="bbox 127 2249 1822 5872">
    <p class='ocr_par' dir='ltr' id='par_1_5' title="bbox 127 2249 1822 5872">
     <span class='ocr_line' id='line_1_22' title="bbox 127 2249 1812 2328; baseline 0.001 -21"><span class='ocrx_word' id='word_1_294' title='bbox 127 2255 161 2308; x_wconf 86' lang='lat' dir='ltr'><strong>ln</strong></span> <span class='ocrx_word' id='word_1_295' title='bbox 176 2255 276 2307; x_wconf 88' lang='lat' dir='ltr'><strong>semine</strong></span> <span class='ocrx_word' id='word_1_296' title='bbox 290 2257 335 2307; x_wconf 87' lang='lat' dir='ltr'><strong>tuo</strong></span> <span class='ocrx_word' id='word_1_297' title='bbox 349 2252 535 2307; x_wconf 81' lang='lat' dir='ltr'><strong>borodiomtur</strong></span> <span class='ocrx_word' id='word_1_298' title='bbox 548 2266 636 2306; x_wconf 72' lang='lat' dir='ltr'><strong>omines</strong></span> <span class='ocrx_word' id='word_1_299' title='bbox 650 2254 748 2318; x_wconf 76' lang='lat' dir='ltr'><strong>unitas.</strong></span> <span class='ocrx_word' id='word_1_300' title='bbox 759 2249 841 2315; x_wconf 81' lang='lat' dir='ltr'><strong>Quod</strong></span> <span class='ocrx_word' id='word_1_301' title='bbox 856 2264 944 2319; x_wconf 88' lang='lat' dir='ltr'><strong>expo·</strong></span> <span class='ocrx_word' id='word_1_302' title='bbox 996 2258 1072 2313; x_wconf 76' lang='lat' dir='ltr'><strong>unde</strong></span> <span class='ocrx_word' id='word_1_303' title='bbox 1088 2259 1147 2328; x_wconf 80' lang='lat' dir='ltr'><strong>ipse</strong></span> <span class='ocrx_word' id='word_1_304' title='bbox 1166 2257 1206 2311; x_wconf 82' lang='lat' dir='ltr'><strong>ait</strong></span> <span class='ocrx_word' id='word_1_305' title='bbox 1222 2273 1228 2310; x_wconf 92' lang='lat'><strong>:</strong></span> <span class='ocrx_word' id='word_1_306' title='bbox 1246 2257 1299 2323; x_wconf 81' lang='lat' dir='ltr'><strong>Qui</strong></span> <span class='ocrx_word' id='word_1_307' title='bbox 1311 2259 1437 2325; x_wconf 84' lang='lat' dir='ltr'><strong>operatus</strong></span> <span class='ocrx_word' id='word_1_308' title='bbox 1457 2260 1496 2308; x_wconf 87' lang='lat' dir='ltr'><strong>est</strong></span> <span class='ocrx_word' id='word_1_309' title='bbox 1511 2256 1589 2310; x_wconf 83' lang='lat' dir='ltr'><strong>Petro</strong></span> <span class='ocrx_word' id='word_1_310' title='bbox 1608 2257 1636 2309; x_wconf 89' lang='lat' dir='ltr'><strong>in</strong></span> <span class='ocrx_word' id='word_1_311' title='bbox 1657 2258 1812 2326; x_wconf 82' lang='lat' dir='ltr'><strong>apostolatu</strong></span> 
     </span>
     <span class='ocr_line' id='line_1_23' title="bbox 130 2343 1811 2419; baseline 0 -15"><span class='ocrx_word' id='word_1_312' title='bbox 130 2363 203 2400; x_wconf 79' lang='lat' dir='ltr'><strong>nens</strong></span> <span class='ocrx_word' id='word_1_313' title='bbox 218 2346 367 2416; x_wconf 78' lang='lat' dir='ltr'><strong>Apostolus</strong></span> <span class='ocrx_word' id='word_1_314' title='bbox 377 2348 451 2403; x_wconf 85' lang='lat' dir='ltr'><strong>:Non</strong></span> <span class='ocrx_word' id='word_1_315' title='bbox 466 2346 541 2406; x_wconf 80' lang='lat' dir='ltr'><strong>dicit,</strong></span> <span class='ocrx_word' id='word_1_316' title='bbox 557 2344 659 2414; x_wconf 80' lang='lat' dir='ltr'><strong>iuquit,</strong></span> <span class='ocrx_word' id='word_1_317' title='bbox 674 2348 698 2397; x_wconf 82' lang='lat' dir='ltr'><strong>ct</strong></span> <span class='ocrx_word' id='word_1_318' title='bbox 710 2343 856 2397; x_wconf 71' lang='lat' dir='ltr'><strong>seminibus</strong></span> <span class='ocrx_word' id='word_1_319' title='bbox 867 2344 946 2411; x_wconf 71' lang='lat' dir='ltr'><strong>couci</strong></span> <span class='ocrx_word' id='word_1_320' title='bbox 995 2352 1213 2411; x_wconf 82' lang='lat' dir='ltr'><strong>circumcisionis,</strong></span> <span class='ocrx_word' id='word_1_321' title='bbox 1227 2352 1353 2419; x_wconf 83' lang='lat' dir='ltr'><strong>operatus</strong></span> <span class='ocrx_word' id='word_1_322' title='bbox 1363 2352 1401 2402; x_wconf 83' lang='lat' dir='ltr'><strong>est</strong></span> <span class='ocrx_word' id='word_1_323' title='bbox 1413 2352 1438 2402; x_wconf 88' lang='lat' dir='ltr'><strong>et</strong></span> <span class='ocrx_word' id='word_1_324' title='bbox 1447 2349 1594 2401; x_wconf 84' lang='lat' dir='ltr'><strong>mitiintcr</strong></span> <span class='ocrx_word' id='word_1_325' title='bbox 1604 2352 1705 2416; x_wconf 79' lang='lat' dir='ltr'><strong>pentes.</strong></span> <span class='ocrx_word' id='word_1_326' title='bbox 1717 2350 1811 2404; x_wconf 84' lang='lat' dir='ltr'><strong>Tertia</strong></span> 
     </span>
     <span class='ocr_line' id='line_1_24' title="bbox 130 2438 1810 2513; baseline -0.001 -19"><span class='ocrx_word' id='word_1_327' title='bbox 130 2443 160 2494; x_wconf 87' lang='lat' dir='ltr'><strong>in</strong></span> <span class='ocrx_word' id='word_1_328' title='bbox 182 2441 287 2502; x_wconf 85' lang='lat' dir='ltr'><strong>moltis,</strong></span> <span class='ocrx_word' id='word_1_329' title='bbox 311 2439 359 2493; x_wconf 86' lang='lat' dir='ltr'><strong>scd</strong></span> <span class='ocrx_word' id='word_1_330' title='bbox 375 2441 455 2508; x_wconf 82' lang='lat' dir='ltr'><strong>quusi</strong></span> <span class='ocrx_word' id='word_1_331' title='bbox 480 2441 508 2491; x_wconf 85' lang='lat' dir='ltr'><strong>in</strong></span> <span class='ocrx_word' id='word_1_332' title='bbox 532 2454 595 2499; x_wconf 91' lang='lat' dir='ltr'><strong>uno,</strong></span> <span class='ocrx_word' id='word_1_333' title='bbox 613 2442 638 2491; x_wconf 86' lang='lat' dir='ltr'><strong>et</strong></span> <span class='ocrx_word' id='word_1_334' title='bbox 659 2439 754 2491; x_wconf 83' lang='lat' dir='ltr'><strong>semini</strong></span> <span class='ocrx_word' id='word_1_335' title='bbox 777 2441 821 2490; x_wconf 90' lang='lat' dir='ltr'><strong>tuo</strong></span> <span class='ocrx_word' id='word_1_336' title='bbox 842 2438 946 2505; x_wconf 82' lang='lat' dir='ltr'><strong>quiesi</strong></span> <span class='ocrx_word' id='word_1_337' title='bbox 996 2460 1082 2500; x_wconf 75' lang='lat' dir='ltr'><strong>causa</strong></span> <span class='ocrx_word' id='word_1_338' title='bbox 1101 2443 1155 2497; x_wconf 80' lang='lat' dir='ltr'><strong>fuit</strong></span> <span class='ocrx_word' id='word_1_339' title='bbox 1173 2443 1240 2513; x_wconf 87' lang='lat' dir='ltr'><strong>quia</strong></span> <span class='ocrx_word' id='word_1_340' title='bbox 1260 2456 1377 2496; x_wconf 82' lang='lat' dir='ltr'><strong>exosum</strong></span> <span class='ocrx_word' id='word_1_341' title='bbox 1398 2456 1465 2496; x_wconf 86' lang='lat' dir='ltr'><strong>eum</strong></span> <span class='ocrx_word' id='word_1_342' title='bbox 1488 2440 1633 2494; x_wconf 80' lang='lat' dir='ltr'><strong>trabebant</strong></span> <span class='ocrx_word' id='word_1_343' title='bbox 1652 2441 1753 2509; x_wconf 76' lang='lat' dir='ltr'><strong>iudai,</strong></span> <span class='ocrx_word' id='word_1_344' title='bbox 1776 2458 1810 2498; x_wconf 80' lang='lat' dir='ltr'><strong>eu</strong></span> 
     </span>
     <span class='ocr_line' id='line_1_25' title="bbox 131 2529 1811 2608; baseline -0.002 -21"><span class='ocrx_word' id='word_1_345' title='bbox 131 2535 262 2591; x_wconf 76' lang='lat' dir='ltr'><strong>doristus.</strong></span> <span class='ocrx_word' id='word_1_346' title='bbox 281 2531 363 2587; x_wconf 85' lang='lat' dir='ltr'><strong>Dedit</strong></span> <span class='ocrx_word' id='word_1_347' title='bbox 378 2531 405 2585; x_wconf 88' lang='lat' dir='ltr'><strong>ai</strong></span> <span class='ocrx_word' id='word_1_348' title='bbox 425 2533 499 2585; x_wconf 90' lang='lat' dir='ltr'><strong>lsaac</strong></span> <span class='ocrx_word' id='word_1_349' title='bbox 522 2530 612 2584; x_wconf 80' lang='lat' dir='ltr'><strong>silium</strong></span> <span class='ocrx_word' id='word_1_350' title='bbox 634 2529 764 2583; x_wconf 91' lang='lat' dir='ltr'><strong>suumin</strong></span> <span class='ocrx_word' id='word_1_351' title='bbox 787 2531 944 2595; x_wconf 87' lang='lat' dir='ltr'><strong>senectute,</strong></span> <span class='ocrx_word' id='word_1_352' title='bbox 997 2536 1228 2608; x_wconf 73' lang='lat' dir='ltr'><strong>quodevacuarat</strong></span> <span class='ocrx_word' id='word_1_353' title='bbox 1238 2550 1354 2590; x_wconf 76' lang='lat' dir='ltr'><strong>omnem</strong></span> <span class='ocrx_word' id='word_1_354' title='bbox 1364 2533 1452 2587; x_wconf 85' lang='lat' dir='ltr'><strong>ritum</strong></span> <span class='ocrx_word' id='word_1_355' title='bbox 1460 2531 1540 2603; x_wconf 80' lang='lat' dir='ltr'><strong>legis.</strong></span> <span class='ocrx_word' id='word_1_356' title='bbox 1553 2532 1676 2597; x_wconf 85' lang='lat' dir='ltr'><strong>Quidam</strong></span> <span class='ocrx_word' id='word_1_357' title='bbox 1685 2533 1763 2588; x_wconf 83' lang='lat' dir='ltr'><strong>enim</strong></span> <span class='ocrx_word' id='word_1_358' title='bbox 1775 2535 1811 2591; x_wconf 80' lang='lat' dir='ltr'><strong>ad</strong></span> 
     </span>
     <span class='ocr_line' id='line_1_26' title="bbox 130 2622 1811 2697; baseline -0.009 -1"><span class='ocrx_word' id='word_1_359' title='bbox 130 2643 217 2696; x_wconf 67' lang='lat' dir='ltr'><strong>‘luem</strong></span> <span class='ocrx_word' id='word_1_360' title='bbox 231 2625 276 2679; x_wconf 66' lang='lat' dir='ltr'><strong>die</strong></span> <span class='ocrx_word' id='word_1_361' title='bbox 290 2627 388 2680; x_wconf 64' lang='lat' dir='ltr'><strong>⁰⁰ifll⁰</strong></span> <span class='ocrx_word' id='word_1_362' title='bbox 404 2622 582 2678; x_wconf 46' lang='lat' dir='ltr'><strong>&amp;mummii</strong></span> <span class='ocrx_word' id='word_1_363' title='bbox 593 2624 622 2677; x_wconf 89' lang='lat' dir='ltr'><strong>in</strong></span> <span class='ocrx_word' id='word_1_364' title='bbox 639 2627 738 2692; x_wconf 83' lang='lat' dir='ltr'><strong>typum</strong></span> <span class='ocrx_word' id='word_1_365' title='bbox 748 2622 838 2678; x_wconf 68' lang='lat' dir='ltr'><strong>¹10³t¹⁶i</strong></span> <span class='ocrx_word' id='word_1_366' title='bbox 852 2622 947 2677; x_wconf 67' lang='lat' dir='ltr'><strong>Sulla·</strong></span> <span class='ocrx_word' id='word_1_367' title='bbox 996 2629 1083 2684; x_wconf 86' lang='lat' dir='ltr'><strong>fidem</strong></span> <span class='ocrx_word' id='word_1_368' title='bbox 1097 2628 1253 2695; x_wconf 87' lang='lat' dir='ltr'><strong>venientes,</strong></span> <span class='ocrx_word' id='word_1_369' title='bbox 1270 2627 1344 2681; x_wconf 85' lang='lat' dir='ltr'><strong>lilius</strong></span> <span class='ocrx_word' id='word_1_370' title='bbox 1359 2643 1425 2680; x_wconf 88' lang='lat' dir='ltr'><strong>suos</strong></span> <span class='ocrx_word' id='word_1_371' title='bbox 1442 2626 1587 2696; x_wconf 86' lang='lat' dir='ltr'><strong>baptizare</strong></span> <span class='ocrx_word' id='word_1_372' title='bbox 1600 2627 1709 2697; x_wconf 91' lang='lat' dir='ltr'><strong>pariter</strong></span> <span class='ocrx_word' id='word_1_373' title='bbox 1719 2628 1811 2681; x_wconf 88' lang='lat' dir='ltr'><strong>cicir-</strong></span> 
     </span>
     <span class='ocr_line' id='line_1_27' title="bbox 131 2714 1814 2790; baseline -0.001 -15"><span class='ocrx_word' id='word_1_374' title='bbox 131 2718 199 2774; x_wconf 85' lang='lat' dir='ltr'><strong>loris</strong></span> <span class='ocrx_word' id='word_1_375' title='bbox 214 2734 221 2772; x_wconf 70' lang='grc' dir='ltr'>ε</span> <span class='ocrx_word' id='word_1_376' title='bbox 238 2723 267 2773; x_wconf 87' lang='lat' dir='ltr'><strong>et</strong></span> <span class='ocrx_word' id='word_1_377' title='bbox 289 2721 365 2774; x_wconf 83' lang='lat' dir='ltr'><strong>lsaac</strong></span> <span class='ocrx_word' id='word_1_378' title='bbox 376 2717 474 2785; x_wconf 80' lang='lat' dir='ltr'><strong>Jacob,</strong></span> <span class='ocrx_word' id='word_1_379' title='bbox 494 2720 525 2771; x_wconf 84' lang='lat' dir='ltr'><strong>at</strong></span> <span class='ocrx_word' id='word_1_380' title='bbox 543 2716 630 2771; x_wconf 78' lang='lat' dir='ltr'><strong>iacob</strong></span> <span class='ocrx_word' id='word_1_381' title='bbox 654 2715 806 2770; x_wconf 76' lang='lat' dir='ltr'><strong>duodecim</strong></span> <span class='ocrx_word' id='word_1_382' title='bbox 824 2714 944 2785; x_wconf 81' lang='lat' dir='ltr'><strong>patriar·</strong></span> <span class='ocrx_word' id='word_1_383' title='bbox 997 2721 1159 2776; x_wconf 89' lang='lat' dir='ltr'><strong>cumciderc</strong></span> <span class='ocrx_word' id='word_1_384' title='bbox 1169 2720 1314 2787; x_wconf 86' lang='lat' dir='ltr'><strong>volebant,</strong></span> <span class='ocrx_word' id='word_1_385' title='bbox 1327 2719 1404 2790; x_wconf 84' lang='lat' dir='ltr'><strong>quud</strong></span> <span class='ocrx_word' id='word_1_386' title='bbox 1415 2719 1518 2775; x_wconf 88' lang='lat' dir='ltr'><strong>Paulus</strong></span> <span class='ocrx_word' id='word_1_387' title='bbox 1528 2718 1655 2773; x_wconf 76' lang='lat' dir='ltr'><strong>funditus</strong></span> <span class='ocrx_word' id='word_1_388' title='bbox 1667 2719 1814 2790; x_wconf 89' lang='lat' dir='ltr'><strong>prohibuit</strong></span> 
     </span>
     <span class='ocr_line' id='line_1_28' title="bbox 130 2809 1814 2883; baseline -0.006 -4"><span class='ocrx_word' id='word_1_389' title='bbox 130 2813 207 2879; x_wconf 61' lang='lat' dir='ltr'><strong>chus,</strong></span> <span class='ocrx_word' id='word_1_390' title='bbox 223 2811 271 2882; x_wconf 94' lang='lat' dir='ltr'><strong>qui</strong></span> <span class='ocrx_word' id='word_1_391' title='bbox 296 2811 372 2866; x_wconf 64' lang='lat' dir='ltr'><strong>ducti</strong></span> <span class='ocrx_word' id='word_1_392' title='bbox 397 2812 474 2865; x_wconf 66' lang='lat' dir='ltr'><strong>fame</strong></span> <span class='ocrx_word' id='word_1_393' title='bbox 494 2809 705 2864; x_wconf 70' lang='lat' dir='ltr'><strong>d⁰⁸⁰0⁰deffl¹¹i</strong></span> <span class='ocrx_word' id='word_1_394' title='bbox 727 2809 757 2862; x_wconf 58' lang='lat'><strong>1¹¹</strong></span> <span class='ocrx_word' id='word_1_395' title='bbox 781 2810 944 2878; x_wconf 70' lang='lat' dir='ltr'><strong>AEgypturn</strong></span> <span class='ocrx_word' id='word_1_396' title='bbox 997 2816 1115 2870; x_wconf 82' lang='lat' dir='ltr'><strong>dicens:</strong></span> <span class='ocrx_word' id='word_1_397' title='bbox 1131 2815 1161 2871; x_wconf 89' lang='lat' dir='ltr'><strong>Si</strong></span> <span class='ocrx_word' id='word_1_398' title='bbox 1170 2814 1401 2875; x_wconf 85' lang='lat' dir='ltr'><strong>circumcidimini,</strong></span> <span class='ocrx_word' id='word_1_399' title='bbox 1414 2812 1535 2866; x_wconf 81' lang='lat' dir='ltr'><strong>Christus</strong></span> <span class='ocrx_word' id='word_1_400' title='bbox 1547 2813 1621 2867; x_wconf 84' lang='lat' dir='ltr'><strong>uobis</strong></span> <span class='ocrx_word' id='word_1_401' title='bbox 1633 2815 1704 2867; x_wconf 82' lang='lat' dir='ltr'><strong>nibil</strong></span> <span class='ocrx_word' id='word_1_402' title='bbox 1717 2814 1814 2883; x_wconf 84' lang='lat' dir='ltr'><strong>prode·</strong></span> 
     </span>
     <span class='ocr_line' id='line_1_29' title="bbox 131 2900 1810 2976; baseline -0.005 -17"><span class='ocrx_word' id='word_1_403' title='bbox 131 2905 180 2960; x_wconf 90' lang='lat' dir='ltr'><strong>ubi</strong></span> <span class='ocrx_word' id='word_1_404' title='bbox 192 2904 375 2976; x_wconf 81' lang='lat' dir='ltr'><strong>multiplicati</strong></span> <span class='ocrx_word' id='word_1_405' title='bbox 387 2904 471 2958; x_wconf 88' lang='lat' dir='ltr'><strong>nimis</strong></span> <span class='ocrx_word' id='word_1_406' title='bbox 486 2902 584 2957; x_wconf 89' lang='lat' dir='ltr'><strong>alllicti</strong></span> <span class='ocrx_word' id='word_1_407' title='bbox 596 2904 662 2956; x_wconf 84' lang='lat' dir='ltr'><strong>sunt</strong></span> <span class='ocrx_word' id='word_1_408' title='bbox 675 2902 872 2956; x_wconf 79' lang='lat' dir='ltr'><strong>vehementer.</strong></span> <span class='ocrx_word' id='word_1_409' title='bbox 889 2900 946 2956; x_wconf 80' lang='lat' dir='ltr'><strong>Sed</strong></span> <span class='ocrx_word' id='word_1_410' title='bbox 996 2912 1044 2972; x_wconf 78' lang='lat' dir='ltr'><strong>rit,</strong></span> <span class='ocrx_word' id='word_1_411' title='bbox 1054 2912 1084 2962; x_wconf 78' lang='lat' dir='ltr'><strong>in</strong></span> <span class='ocrx_word' id='word_1_412' title='bbox 1095 2907 1199 2963; x_wconf 77' lang='lat' dir='ltr'><strong>Christo</strong></span> <span class='ocrx_word' id='word_1_413' title='bbox 1209 2908 1279 2961; x_wconf 84' lang='lat' dir='ltr'><strong>enim</strong></span> <span class='ocrx_word' id='word_1_414' title='bbox 1287 2908 1350 2960; x_wconf 83' lang='lat' dir='ltr'><strong>Jesu</strong></span> <span class='ocrx_word' id='word_1_415' title='bbox 1362 2921 1447 2975; x_wconf 80' lang='lat' dir='ltr'><strong>neque</strong></span> <span class='ocrx_word' id='word_1_416' title='bbox 1458 2907 1622 2961; x_wconf 75' lang='lat' dir='ltr'><strong>circumcisio</strong></span> <span class='ocrx_word' id='word_1_417' title='bbox 1634 2908 1741 2976; x_wconf 72' lang='lat' dir='ltr'><strong>aliquid</strong></span> <span class='ocrx_word' id='word_1_418' title='bbox 1761 2924 1810 2962; x_wconf 72' lang='lat' dir='ltr'><strong>va.</strong></span> 
     </span>
     <span class='ocr_line' id='line_1_30' title="bbox 131 2980 1813 3071; baseline -0.001 -19"><span class='ocrx_word' id='word_1_419' title='bbox 131 2999 159 3052; x_wconf 92' lang='lat' dir='ltr'><strong>in</strong></span> <span class='ocrx_word' id='word_1_420' title='bbox 182 3014 272 3052; x_wconf 90' lang='lat' dir='ltr'><strong>manu</strong></span> <span class='ocrx_word' id='word_1_421' title='bbox 287 2998 382 3052; x_wconf 89' lang='lat' dir='ltr'><strong>valida</strong></span> <span class='ocrx_word' id='word_1_422' title='bbox 402 2997 524 3062; x_wconf 89' lang='lat' dir='ltr'><strong>liberati,</strong></span> <span class='ocrx_word' id='word_1_423' title='bbox 541 2996 570 3049; x_wconf 95' lang='lat' dir='ltr'><strong>in</strong></span> <span class='ocrx_word' id='word_1_424' title='bbox 593 2995 681 3066; x_wconf 79' lang='lat' dir='ltr'><strong>signis</strong></span> <span class='ocrx_word' id='word_1_425' title='bbox 704 2998 733 3048; x_wconf 86' lang='lat' dir='ltr'><strong>ct</strong></span> <span class='ocrx_word' id='word_1_426' title='bbox 754 2993 895 3065; x_wconf 88' lang='lat' dir='ltr'><strong>portentis</strong></span> <span class='ocrx_word' id='word_1_427' title='bbox 910 2993 946 3048; x_wconf 87' lang='lat' dir='ltr'><strong>da</strong></span> <span class='ocrx_word' id='word_1_428' title='bbox 998 3003 1043 3065; x_wconf 73' lang='lat' dir='ltr'><strong>tel,</strong></span> <span class='ocrx_word' id='word_1_429' title='bbox 1058 3017 1143 3071; x_wconf 72' lang='lat' dir='ltr'><strong>raeque</strong></span> <span class='ocrx_word' id='word_1_430' title='bbox 1155 2980 1330 3070; x_wconf 62' lang='lat' dir='ltr'><strong>preputium,</strong></span> <span class='ocrx_word' id='word_1_431' title='bbox 1349 2999 1397 3053; x_wconf 88' lang='lat' dir='ltr'><strong>sed</strong></span> <span class='ocrx_word' id='word_1_432' title='bbox 1419 2999 1484 3068; x_wconf 78' lang='lat' dir='ltr'><strong>pdos</strong></span> <span class='ocrx_word' id='word_1_433' title='bbox 1503 3014 1564 3068; x_wconf 79' lang='lat' dir='ltr'><strong>quaa</strong></span> <span class='ocrx_word' id='word_1_434' title='bbox 1583 3001 1813 3070; x_wconf 64' lang='lat' dir='ltr'><strong>praedilectionem</strong></span> 
     </span>
     <span class='ocr_line' id='line_1_31' title="bbox 130 3088 1811 3166; baseline 0 -18"><span class='ocrx_word' id='word_1_435' title='bbox 130 3094 251 3162; x_wconf 77' lang='lat' dir='ltr'><strong>AEgypto</strong></span> <span class='ocrx_word' id='word_1_436' title='bbox 267 3090 371 3156; x_wconf 85' lang='lat' dir='ltr'><strong>educti,</strong></span> <span class='ocrx_word' id='word_1_437' title='bbox 383 3090 561 3144; x_wconf 79' lang='lat' dir='ltr'><strong>transierunt</strong></span> <span class='ocrx_word' id='word_1_438' title='bbox 573 3105 653 3143; x_wconf 85' lang='lat' dir='ltr'><strong>maro</strong></span> <span class='ocrx_word' id='word_1_439' title='bbox 665 3088 803 3156; x_wconf 81' lang='lat' dir='ltr'><strong>Rubrum,</strong></span> <span class='ocrx_word' id='word_1_440' title='bbox 817 3104 867 3158; x_wconf 77' lang='lat' dir='ltr'><strong>par</strong></span> <span class='ocrx_word' id='word_1_441' title='bbox 878 3104 946 3159; x_wconf 82' lang='lat' dir='ltr'><strong>qua·</strong></span> <span class='ocrx_word' id='word_1_442' title='bbox 997 3101 1134 3166; x_wconf 86' lang='lat' dir='ltr'><strong>operetur.</strong></span> <span class='ocrx_word' id='word_1_443' title='bbox 1152 3093 1234 3159; x_wconf 84' lang='lat' dir='ltr'><strong>Quod</strong></span> <span class='ocrx_word' id='word_1_444' title='bbox 1250 3092 1273 3146; x_wconf 92' lang='lat' dir='ltr'><strong>si</strong></span> <span class='ocrx_word' id='word_1_445' title='bbox 1284 3107 1391 3146; x_wconf 89' lang='lat' dir='ltr'><strong>numen</strong></span> <span class='ocrx_word' id='word_1_446' title='bbox 1407 3108 1490 3146; x_wconf 90' lang='lat' dir='ltr'><strong>suum</strong></span> <span class='ocrx_word' id='word_1_447' title='bbox 1504 3091 1705 3162; x_wconf 70' lang='lat' dir='ltr'><strong>pretitulasset</strong></span> <span class='ocrx_word' id='word_1_448' title='bbox 1717 3093 1746 3147; x_wconf 94' lang='lat' dir='ltr'><strong>in</strong></span> <span class='ocrx_word' id='word_1_449' title='bbox 1767 3110 1811 3161; x_wconf 88' lang='lat' dir='ltr'><strong>aa,</strong></span> 
     </span>
     <span class='ocr_line' id='line_1_32' title="bbox 130 3181 1812 3256; baseline 0.001 -18"><span class='ocrx_word' id='word_1_450' title='bbox 130 3185 266 3256; x_wconf 76' lang='lat' dir='ltr'><strong>draginta</strong></span> <span class='ocrx_word' id='word_1_451' title='bbox 285 3201 375 3238; x_wconf 89' lang='lat' dir='ltr'><strong>annos</strong></span> <span class='ocrx_word' id='word_1_452' title='bbox 394 3200 501 3238; x_wconf 88' lang='lat' dir='ltr'><strong>manna</strong></span> <span class='ocrx_word' id='word_1_453' title='bbox 518 3183 576 3236; x_wconf 89' lang='lat' dir='ltr'><strong>aliti</strong></span> <span class='ocrx_word' id='word_1_454' title='bbox 592 3186 667 3249; x_wconf 91' lang='lat' dir='ltr'><strong>sunt,</strong></span> <span class='ocrx_word' id='word_1_455' title='bbox 682 3197 741 3237; x_wconf 90' lang='lat' dir='ltr'><strong>nun</strong></span> <span class='ocrx_word' id='word_1_456' title='bbox 761 3187 827 3236; x_wconf 91' lang='lat' dir='ltr'><strong>sunt</strong></span> <span class='ocrx_word' id='word_1_457' title='bbox 848 3181 946 3235; x_wconf 90' lang='lat' dir='ltr'><strong>attrita</strong></span> <span class='ocrx_word' id='word_1_458' title='bbox 996 3188 1116 3242; x_wconf 80' lang='lat' dir='ltr'><strong>forsitan</strong></span> <span class='ocrx_word' id='word_1_459' title='bbox 1136 3202 1193 3241; x_wconf 89' lang='lat' dir='ltr'><strong>nun</strong></span> <span class='ocrx_word' id='word_1_460' title='bbox 1214 3203 1278 3241; x_wconf 85' lang='lat' dir='ltr'><strong>eam</strong></span> <span class='ocrx_word' id='word_1_461' title='bbox 1296 3185 1473 3256; x_wconf 87' lang='lat' dir='ltr'><strong>reciperent,</strong></span> <span class='ocrx_word' id='word_1_462' title='bbox 1497 3185 1564 3254; x_wconf 89' lang='lat' dir='ltr'><strong>quia</strong></span> <span class='ocrx_word' id='word_1_463' title='bbox 1586 3184 1706 3256; x_wconf 86' lang='lat' dir='ltr'><strong>quilibet</strong></span> <span class='ocrx_word' id='word_1_464' title='bbox 1725 3187 1812 3241; x_wconf 91' lang='lat' dir='ltr'><strong>homo</strong></span> 
     </span>
     <span class='ocr_line' id='line_1_33' title="bbox 130 3275 1813 3351; baseline 0.003 -22"><span class='ocrx_word' id='word_1_465' title='bbox 130 3276 302 3332; x_wconf 81' lang='lat' dir='ltr'><strong>vestimenta</strong></span> <span class='ocrx_word' id='word_1_466' title='bbox 312 3293 421 3331; x_wconf 89' lang='lat' dir='ltr'><strong>eurum.</strong></span> <span class='ocrx_word' id='word_1_467' title='bbox 433 3278 506 3330; x_wconf 87' lang='lat' dir='ltr'><strong>Deus</strong></span> <span class='ocrx_word' id='word_1_468' title='bbox 515 3275 594 3330; x_wconf 89' lang='lat' dir='ltr'><strong>dedit</strong></span> <span class='ocrx_word' id='word_1_469' title='bbox 607 3275 662 3328; x_wconf 92' lang='lat' dir='ltr'><strong>illis</strong></span> <span class='ocrx_word' id='word_1_470' title='bbox 674 3276 777 3345; x_wconf 78' lang='lat' dir='ltr'><strong>legem,</strong></span> <span class='ocrx_word' id='word_1_471' title='bbox 793 3275 944 3344; x_wconf 89' lang='lat' dir='ltr'><strong>templum,</strong></span> <span class='ocrx_word' id='word_1_472' title='bbox 996 3299 1063 3336; x_wconf 76' lang='lat' dir='ltr'><strong>eum</strong></span> <span class='ocrx_word' id='word_1_473' title='bbox 1086 3298 1173 3351; x_wconf 76' lang='lat' dir='ltr'><strong>quem</strong></span> <span class='ocrx_word' id='word_1_474' title='bbox 1192 3280 1259 3335; x_wconf 86' lang='lat' dir='ltr'><strong>odiu</strong></span> <span class='ocrx_word' id='word_1_475' title='bbox 1287 3280 1382 3345; x_wconf 83' lang='lat' dir='ltr'><strong>habet,</strong></span> <span class='ocrx_word' id='word_1_476' title='bbox 1398 3295 1456 3333; x_wconf 90' lang='lat' dir='ltr'><strong>nun</strong></span> <span class='ocrx_word' id='word_1_477' title='bbox 1477 3281 1570 3333; x_wconf 90' lang='lat' dir='ltr'><strong>sulum</strong></span> <span class='ocrx_word' id='word_1_478' title='bbox 1585 3280 1736 3349; x_wconf 89' lang='lat' dir='ltr'><strong>epistulam</strong></span> <span class='ocrx_word' id='word_1_479' title='bbox 1751 3280 1813 3351; x_wconf 90' lang='lat' dir='ltr'><strong>ejus</strong></span> 
     </span>
     <span class='ocr_line' id='line_1_34' title="bbox 130 3367 1810 3444; baseline 0.001 -18"><span class='ocrx_word' id='word_1_480' title='bbox 130 3387 224 3438; x_wconf 86' lang='lat' dir='ltr'><strong>aram,</strong></span> <span class='ocrx_word' id='word_1_481' title='bbox 244 3386 385 3437; x_wconf 87' lang='lat' dir='ltr'><strong>mensam,</strong></span> <span class='ocrx_word' id='word_1_482' title='bbox 406 3387 494 3440; x_wconf 87' lang='lat' dir='ltr'><strong>panes</strong></span> <span class='ocrx_word' id='word_1_483' title='bbox 518 3368 734 3439; x_wconf 86' lang='lat' dir='ltr'><strong>propositionis,</strong></span> <span class='ocrx_word' id='word_1_484' title='bbox 755 3369 848 3422; x_wconf 83' lang='lat' dir='ltr'><strong>velum</strong></span> <span class='ocrx_word' id='word_1_485' title='bbox 870 3367 945 3420; x_wconf 90' lang='lat' dir='ltr'><strong>inle-</strong></span> <span class='ocrx_word' id='word_1_486' title='bbox 997 3391 1055 3430; x_wconf 88' lang='lat' dir='ltr'><strong>nun</strong></span> <span class='ocrx_word' id='word_1_487' title='bbox 1072 3374 1180 3444; x_wconf 87' lang='lat' dir='ltr'><strong>recipit,</strong></span> <span class='ocrx_word' id='word_1_488' title='bbox 1195 3373 1245 3427; x_wconf 86' lang='lat' dir='ltr'><strong>sed</strong></span> <span class='ocrx_word' id='word_1_489' title='bbox 1259 3372 1344 3426; x_wconf 90' lang='lat' dir='ltr'><strong>etiam</strong></span> <span class='ocrx_word' id='word_1_490' title='bbox 1355 3388 1463 3426; x_wconf 90' lang='lat' dir='ltr'><strong>numen</strong></span> <span class='ocrx_word' id='word_1_491' title='bbox 1474 3372 1656 3426; x_wconf 88' lang='lat' dir='ltr'><strong>illiusaudire</strong></span> <span class='ocrx_word' id='word_1_492' title='bbox 1669 3389 1727 3426; x_wconf 92' lang='lat' dir='ltr'><strong>non</strong></span> <span class='ocrx_word' id='word_1_493' title='bbox 1742 3374 1810 3428; x_wconf 84' lang='lat' dir='ltr'><strong>vult.</strong></span> 
     </span>
     <span class='ocr_line' id='line_1_35' title="bbox 130 3458 1811 3532; baseline -0.006 -2"><span class='ocrx_word' id='word_1_494' title='bbox 130 3465 200 3532; x_wconf 65' lang='lat' dir='ltr'><strong>rius,</strong></span> <span class='ocrx_word' id='word_1_495' title='bbox 212 3462 351 3530; x_wconf 65' lang='lat' dir='ltr'><strong>victimas,</strong></span> <span class='ocrx_word' id='word_1_496' title='bbox 363 3463 539 3528; x_wconf 61' lang='lat' dir='ltr'><strong>¹1⁰100³¹¹⁵tas</strong></span> <span class='ocrx_word' id='word_1_497' title='bbox 555 3461 700 3516; x_wconf 70' lang='lat' dir='ltr'><strong>sacrificia·</strong></span> <span class='ocrx_word' id='word_1_498' title='bbox 715 3458 947 3531; x_wconf 73' lang='lat' dir='ltr'><strong>lusupcl&#39;prorui·</strong></span> <span class='ocrx_word' id='word_1_499' title='bbox 997 3467 1103 3532; x_wconf 85' lang='lat' dir='ltr'><strong>Quarta</strong></span> <span class='ocrx_word' id='word_1_500' title='bbox 1118 3483 1204 3520; x_wconf 90' lang='lat' dir='ltr'><strong>causa</strong></span> <span class='ocrx_word' id='word_1_501' title='bbox 1223 3465 1395 3519; x_wconf 89' lang='lat' dir='ltr'><strong>humilitatis</strong></span> <span class='ocrx_word' id='word_1_502' title='bbox 1409 3463 1525 3530; x_wconf 87' lang='lat' dir='ltr'><strong>exstitit,</strong></span> <span class='ocrx_word' id='word_1_503' title='bbox 1541 3465 1631 3518; x_wconf 85' lang='lat' dir='ltr'><strong>sciens</strong></span> <span class='ocrx_word' id='word_1_504' title='bbox 1646 3481 1746 3520; x_wconf 92' lang='lat' dir='ltr'><strong>eurum</strong></span> <span class='ocrx_word' id='word_1_505' title='bbox 1765 3483 1811 3520; x_wconf 93' lang='lat' dir='ltr'><strong>su·</strong></span> 
     </span>
     <span class='ocr_line' id='line_1_36' title="bbox 131 3551 1814 3632; baseline -0.002 -24"><span class='ocrx_word' id='word_1_506' title='bbox 131 3558 168 3612; x_wconf 68' lang='lat' dir='ltr'><strong>sit</strong></span> <span class='ocrx_word' id='word_1_507' title='bbox 180 3562 210 3611; x_wconf 88' lang='lat' dir='ltr'><strong>et</strong></span> <span class='ocrx_word' id='word_1_508' title='bbox 224 3557 325 3611; x_wconf 85' lang='lat' dir='ltr'><strong>Filium</strong></span> <span class='ocrx_word' id='word_1_509' title='bbox 340 3573 422 3611; x_wconf 88' lang='lat' dir='ltr'><strong>suum</strong></span> <span class='ocrx_word' id='word_1_510' title='bbox 436 3556 471 3610; x_wconf 90' lang='lat' dir='ltr'><strong>de</strong></span> <span class='ocrx_word' id='word_1_511' title='bbox 485 3555 584 3609; x_wconf 88' lang='lat' dir='ltr'><strong>eadem</strong></span> <span class='ocrx_word' id='word_1_512' title='bbox 594 3555 680 3625; x_wconf 89' lang='lat' dir='ltr'><strong>stirpe</strong></span> <span class='ocrx_word' id='word_1_513' title='bbox 692 3554 877 3608; x_wconf 86' lang='lat' dir='ltr'><strong>nasciturum.</strong></span> <span class='ocrx_word' id='word_1_514' title='bbox 893 3551 946 3617; x_wconf 86' lang='lat' dir='ltr'><strong>Qui</strong></span> <span class='ocrx_word' id='word_1_515' title='bbox 998 3560 1126 3632; x_wconf 64' lang='lat' dir='ltr'><strong>paphiam</strong></span> <span class='ocrx_word' id='word_1_516' title='bbox 1140 3561 1168 3613; x_wconf 76' lang='lat' dir='ltr'><strong>et</strong></span> <span class='ocrx_word' id='word_1_517' title='bbox 1182 3574 1263 3612; x_wconf 80' lang='lat' dir='ltr'><strong>suam</strong></span> <span class='ocrx_word' id='word_1_518' title='bbox 1281 3556 1484 3618; x_wconf 82' lang='lat' dir='ltr'><strong>humilitatam,</strong></span> <span class='ocrx_word' id='word_1_519' title='bbox 1497 3573 1604 3610; x_wconf 84' lang='lat' dir='ltr'><strong>noman</strong></span> <span class='ocrx_word' id='word_1_520' title='bbox 1621 3573 1703 3611; x_wconf 85' lang='lat' dir='ltr'><strong>suum</strong></span> <span class='ocrx_word' id='word_1_521' title='bbox 1721 3558 1814 3612; x_wconf 81' lang='lat' dir='ltr'><strong>noluit</strong></span> 
     </span>
     <span class='ocr_line' id='line_1_37' title="bbox 131 3645 1812 3723; baseline 0.002 -21"><span class='ocrx_word' id='word_1_522' title='bbox 131 3650 249 3706; x_wconf 79' lang='lat' dir='ltr'><strong>veniens</strong></span> <span class='ocrx_word' id='word_1_523' title='bbox 263 3649 431 3721; x_wconf 80' lang='lat' dir='ltr'><strong>adimplevit</strong></span> <span class='ocrx_word' id='word_1_524' title='bbox 447 3665 510 3720; x_wconf 74' lang='lat' dir='ltr'><strong>quae</strong></span> <span class='ocrx_word' id='word_1_525' title='bbox 524 3651 608 3703; x_wconf 87' lang='lat' dir='ltr'><strong>Pater</strong></span> <span class='ocrx_word' id='word_1_526' title='bbox 628 3647 807 3719; x_wconf 89' lang='lat' dir='ltr'><strong>promiserat,</strong></span> <span class='ocrx_word' id='word_1_527' title='bbox 828 3646 895 3717; x_wconf 89' lang='lat' dir='ltr'><strong>quia</strong></span> <span class='ocrx_word' id='word_1_528' title='bbox 910 3645 946 3700; x_wconf 84' lang='lat' dir='ltr'><strong>de</strong></span> <span class='ocrx_word' id='word_1_529' title='bbox 997 3655 1064 3706; x_wconf 88' lang='lat' dir='ltr'><strong>ante</strong></span> <span class='ocrx_word' id='word_1_530' title='bbox 1079 3668 1196 3723; x_wconf 87' lang='lat' dir='ltr'><strong>puuere.</strong></span> <span class='ocrx_word' id='word_1_531' title='bbox 1209 3650 1260 3721; x_wconf 87' lang='lat' dir='ltr'><strong>lluj</strong></span> <span class='ocrx_word' id='word_1_532' title='bbox 1266 3667 1297 3703; x_wconf 90' lang='lat' dir='ltr'><strong>us</strong></span> <span class='ocrx_word' id='word_1_533' title='bbox 1309 3649 1352 3703; x_wconf 91' lang='lat' dir='ltr'><strong>rei</strong></span> <span class='ocrx_word' id='word_1_534' title='bbox 1365 3665 1451 3703; x_wconf 88' lang='lat' dir='ltr'><strong>causa</strong></span> <span class='ocrx_word' id='word_1_535' title='bbox 1464 3649 1551 3702; x_wconf 90' lang='lat' dir='ltr'><strong>etiam</strong></span> <span class='ocrx_word' id='word_1_536' title='bbox 1564 3648 1665 3704; x_wconf 90' lang='lat' dir='ltr'><strong>heatus</strong></span> <span class='ocrx_word' id='word_1_537' title='bbox 1677 3651 1812 3718; x_wconf 85' lang='lat' dir='ltr'><strong>loannes,</strong></span> 
     </span>
     <span class='ocr_line' id='line_1_38' title="bbox 130 3737 1813 3816; baseline -0.001 -16"><span class='ocrx_word' id='word_1_538' title='bbox 130 3760 234 3799; x_wconf 87' lang='lat' dir='ltr'><strong>corum</strong></span> <span class='ocrx_word' id='word_1_539' title='bbox 258 3742 346 3814; x_wconf 85' lang='lat' dir='ltr'><strong>stirpe</strong></span> <span class='ocrx_word' id='word_1_540' title='bbox 369 3742 527 3796; x_wconf 83' lang='lat' dir='ltr'><strong>secundum</strong></span> <span class='ocrx_word' id='word_1_541' title='bbox 546 3758 664 3795; x_wconf 81' lang='lat' dir='ltr'><strong>caruem</strong></span> <span class='ocrx_word' id='word_1_542' title='bbox 692 3741 849 3806; x_wconf 78' lang='lat' dir='ltr'><strong>natusest,</strong></span> <span class='ocrx_word' id='word_1_543' title='bbox 877 3737 948 3792; x_wconf 82' lang='lat' dir='ltr'><strong>sicut</strong></span> <span class='ocrx_word' id='word_1_544' title='bbox 997 3745 1026 3800; x_wconf 90' lang='lat' dir='ltr'><strong>in</strong></span> <span class='ocrx_word' id='word_1_545' title='bbox 1042 3745 1134 3816; x_wconf 90' lang='lat' dir='ltr'><strong>capite</strong></span> <span class='ocrx_word' id='word_1_546' title='bbox 1147 3744 1281 3814; x_wconf 88' lang='lat' dir='ltr'><strong>Epistulae</strong></span> <span class='ocrx_word' id='word_1_547' title='bbox 1297 3759 1355 3797; x_wconf 87' lang='lat' dir='ltr'><strong>suae</strong></span> <span class='ocrx_word' id='word_1_548' title='bbox 1374 3759 1432 3797; x_wconf 89' lang='lat' dir='ltr'><strong>non</strong></span> <span class='ocrx_word' id='word_1_549' title='bbox 1454 3741 1581 3813; x_wconf 91' lang='lat' dir='ltr'><strong>protulit.</strong></span> <span class='ocrx_word' id='word_1_550' title='bbox 1603 3743 1705 3798; x_wconf 84' lang='lat' dir='ltr'><strong>Dicunt</strong></span> <span class='ocrx_word' id='word_1_551' title='bbox 1725 3745 1813 3799; x_wconf 90' lang='lat' dir='ltr'><strong>ctiam</strong></span> 
     </span>
     <span class='ocr_line' id='line_1_39' title="bbox 131 3833 1813 3909; baseline -0.001 -15"><span class='ocrx_word' id='word_1_552' title='bbox 131 3839 255 3892; x_wconf 83' lang='lat' dir='ltr'><strong>testatur</strong></span> <span class='ocrx_word' id='word_1_553' title='bbox 270 3837 374 3892; x_wconf 86' lang='lat' dir='ltr'><strong>Paulus</strong></span> <span class='ocrx_word' id='word_1_554' title='bbox 392 3852 398 3888; x_wconf 74' lang='grc' dir='ltr'><strong><em>τ</em></strong></span> <span class='ocrx_word' id='word_1_555' title='bbox 420 3838 481 3890; x_wconf 81' lang='lat' dir='ltr'><strong>ilico</strong></span> <span class='ocrx_word' id='word_1_556' title='bbox 501 3837 571 3889; x_wconf 81' lang='lat' dir='ltr'><strong>enim</strong></span> <span class='ocrx_word' id='word_1_557' title='bbox 591 3834 727 3888; x_wconf 75' lang='lat' dir='ltr'><strong>Christum</strong></span> <span class='ocrx_word' id='word_1_558' title='bbox 747 3835 836 3887; x_wconf 85' lang='lat' dir='ltr'><strong>Jesum</strong></span> <span class='ocrx_word' id='word_1_559' title='bbox 851 3833 945 3886; x_wconf 74' lang='lat' dir='ltr'><strong>micia-</strong></span> <span class='ocrx_word' id='word_1_560' title='bbox 998 3854 1062 3894; x_wconf 86' lang='lat' dir='ltr'><strong>eam</strong></span> <span class='ocrx_word' id='word_1_561' title='bbox 1073 3837 1138 3892; x_wconf 88' lang='lat' dir='ltr'><strong>ideo</strong></span> <span class='ocrx_word' id='word_1_562' title='bbox 1152 3853 1211 3892; x_wconf 78' lang='lat' dir='ltr'><strong>iren</strong></span> <span class='ocrx_word' id='word_1_563' title='bbox 1225 3853 1285 3891; x_wconf 88' lang='lat' dir='ltr'><strong>usse</strong></span> <span class='ocrx_word' id='word_1_564' title='bbox 1297 3835 1387 3902; x_wconf 91' lang='lat' dir='ltr'><strong>Pauli,</strong></span> <span class='ocrx_word' id='word_1_565' title='bbox 1402 3834 1470 3906; x_wconf 90' lang='lat' dir='ltr'><strong>quia</strong></span> <span class='ocrx_word' id='word_1_566' title='bbox 1482 3838 1599 3890; x_wconf 78' lang='lat' dir='ltr'><strong>ceteras</strong></span> <span class='ocrx_word' id='word_1_567' title='bbox 1608 3836 1748 3909; x_wconf 88' lang='lat' dir='ltr'><strong>Epistulas</strong></span> <span class='ocrx_word' id='word_1_568' title='bbox 1756 3854 1813 3893; x_wconf 92' lang='lat' dir='ltr'><strong>nun</strong></span> 
     </span>
     <span class='ocr_line' id='line_1_40' title="bbox 131 3924 1812 4000; baseline 0.001 -15"><span class='ocrx_word' id='word_1_569' title='bbox 131 3936 205 3985; x_wconf 82' lang='lat' dir='ltr'><strong>trum</strong></span> <span class='ocrx_word' id='word_1_570' title='bbox 225 3932 311 3998; x_wconf 72' lang='lat' dir='ltr'><strong>fnisse</strong></span> <span class='ocrx_word' id='word_1_571' title='bbox 331 3930 539 3983; x_wconf 83' lang='lat' dir='ltr'><strong>circumcisionis</strong></span> <span class='ocrx_word' id='word_1_572' title='bbox 555 3931 668 3997; x_wconf 83' lang='lat' dir='ltr'><strong>propter</strong></span> <span class='ocrx_word' id='word_1_573' title='bbox 686 3928 825 3981; x_wconf 72' lang='lat' dir='ltr'><strong>certunm</strong></span> <span class='ocrx_word' id='word_1_574' title='bbox 849 3926 896 3980; x_wconf 86' lang='lat' dir='ltr'><strong>Dei</strong></span> <span class='ocrx_word' id='word_1_575' title='bbox 910 3924 949 3978; x_wconf 81' lang='lat' dir='ltr'><strong>od</strong></span> <span class='ocrx_word' id='word_1_576' title='bbox 998 3929 1193 3986; x_wconf 87' lang='lat' dir='ltr'><strong>sicrhetorieu</strong></span> <span class='ocrx_word' id='word_1_577' title='bbox 1216 3945 1350 3983; x_wconf 88' lang='lat' dir='ltr'><strong>sermone</strong></span> <span class='ocrx_word' id='word_1_578' title='bbox 1370 3929 1539 4000; x_wconf 89' lang='lat' dir='ltr'><strong>composuit,</strong></span> <span class='ocrx_word' id='word_1_579' title='bbox 1554 3932 1584 3983; x_wconf 90' lang='lat' dir='ltr'><strong>et</strong></span> <span class='ocrx_word' id='word_1_580' title='bbox 1602 3946 1635 3984; x_wconf 82' lang='lat' dir='ltr'><strong>ex</strong></span> <span class='ocrx_word' id='word_1_581' title='bbox 1650 3930 1744 3986; x_wconf 89' lang='lat' dir='ltr'><strong>Veteri</strong></span> <span class='ocrx_word' id='word_1_582' title='bbox 1757 3932 1812 3987; x_wconf 90' lang='lat' dir='ltr'><strong>No·</strong></span> 
     </span>
     <span class='ocr_line' id='line_1_41' title="bbox 130 4016 1815 4096; baseline 0.002 -19"><span class='ocrx_word' id='word_1_583' title='bbox 130 4021 333 4092; x_wconf 73' lang='lat' dir='ltr'><strong>conprimendos</strong></span> <span class='ocrx_word' id='word_1_584' title='bbox 351 4024 540 4092; x_wconf 83' lang='lat' dir='ltr'><strong>promissiones</strong></span> <span class='ocrx_word' id='word_1_585' title='bbox 568 4025 688 4090; x_wconf 86' lang='lat' dir='ltr'><strong>potrum.</strong></span> <span class='ocrx_word' id='word_1_586' title='bbox 708 4018 798 4083; x_wconf 82' lang='lat' dir='ltr'><strong>Quom</strong></span> <span class='ocrx_word' id='word_1_587' title='bbox 820 4016 948 4071; x_wconf 77' lang='lat' dir='ltr'><strong>ridouics</strong></span> <span class='ocrx_word' id='word_1_588' title='bbox 997 4040 1089 4096; x_wconf 83' lang='lat' dir='ltr'><strong>voque</strong></span> <span class='ocrx_word' id='word_1_589' title='bbox 1103 4022 1419 4090; x_wconf 83' lang='lat' dir='ltr'><strong>Testamentuiulcivit,</strong></span> <span class='ocrx_word' id='word_1_590' title='bbox 1431 4022 1576 4093; x_wconf 90' lang='lat' dir='ltr'><strong>quomodo</strong></span> <span class='ocrx_word' id='word_1_591' title='bbox 1589 4022 1815 4095; x_wconf 87' lang='lat' dir='ltr'><strong>istacomposita</strong></span> 
     </span>
     <span class='ocr_line' id='line_1_42' title="bbox 132 4111 1813 4189; baseline -0.004 -19"><span class='ocrx_word' id='word_1_592' title='bbox 132 4132 192 4170; x_wconf 91' lang='lat' dir='ltr'><strong>non</strong></span> <span class='ocrx_word' id='word_1_593' title='bbox 205 4115 277 4169; x_wconf 90' lang='lat' dir='ltr'><strong>sicut</strong></span> <span class='ocrx_word' id='word_1_594' title='bbox 291 4115 453 4169; x_wconf 86' lang='lat' dir='ltr'><strong>debuerant</strong></span> <span class='ocrx_word' id='word_1_595' title='bbox 464 4115 644 4184; x_wconf 87' lang='lat' dir='ltr'><strong>receperunt,</strong></span> <span class='ocrx_word' id='word_1_596' title='bbox 656 4111 706 4167; x_wconf 88' lang='lat' dir='ltr'><strong>sed</strong></span> <span class='ocrx_word' id='word_1_597' title='bbox 718 4111 949 4182; x_wconf 87' lang='lat' dir='ltr'><strong>ejicientcsextra</strong></span> <span class='ocrx_word' id='word_1_598' title='bbox 999 4122 1042 4172; x_wconf 68' lang='lat' dir='ltr'><strong>est</strong></span> <span class='ocrx_word' id='word_1_599' title='bbox 1054 4134 1118 4189; x_wconf 81' lang='lat' dir='ltr'><strong>quae</strong></span> <span class='ocrx_word' id='word_1_600' title='bbox 1131 4116 1168 4171; x_wconf 79' lang='lat' dir='ltr'><strong>ad</strong></span> <span class='ocrx_word' id='word_1_601' title='bbox 1181 4116 1313 4171; x_wconf 60' lang='lat' dir='ltr'><strong>Hebraeus</strong></span> <span class='ocrx_word' id='word_1_602' title='bbox 1326 4114 1440 4186; x_wconf 79' lang='lat' dir='ltr'><strong>legitur,</strong></span> <span class='ocrx_word' id='word_1_603' title='bbox 1457 4115 1564 4180; x_wconf 83' lang='lat' dir='ltr'><strong>Quibus</strong></span> <span class='ocrx_word' id='word_1_604' title='bbox 1578 4115 1813 4186; x_wconf 77' lang='lat' dir='ltr'><strong>respondendum</strong></span> 
     </span>
     <span class='ocr_line' id='line_1_43' title="bbox 131 4203 1815 4277; baseline -0.001 -16"><span class='ocrx_word' id='word_1_605' title='bbox 131 4208 435 4264; x_wconf 86' lang='lat' dir='ltr'><strong>vineamoccideruni.</strong></span> <span class='ocrx_word' id='word_1_606' title='bbox 458 4208 520 4261; x_wconf 81' lang='lat' dir='ltr'><strong>uon</strong></span> <span class='ocrx_word' id='word_1_607' title='bbox 535 4206 570 4262; x_wconf 87' lang='lat' dir='ltr'><strong>de</strong></span> <span class='ocrx_word' id='word_1_608' title='bbox 587 4205 720 4260; x_wconf 91' lang='lat' dir='ltr'><strong>omnibus</strong></span> <span class='ocrx_word' id='word_1_609' title='bbox 739 4204 812 4272; x_wconf 90' lang='lat' dir='ltr'><strong>dico,</strong></span> <span class='ocrx_word' id='word_1_610' title='bbox 830 4203 896 4274; x_wconf 88' lang='lat' dir='ltr'><strong>quia</strong></span> <span class='ocrx_word' id='word_1_611' title='bbox 913 4219 948 4257; x_wconf 90' lang='lat' dir='ltr'><strong>ex</strong></span> <span class='ocrx_word' id='word_1_612' title='bbox 999 4210 1050 4273; x_wconf 89' lang='lat' dir='ltr'><strong>est,</strong></span> <span class='ocrx_word' id='word_1_613' title='bbox 1074 4204 1141 4277; x_wconf 89' lang='lat' dir='ltr'><strong>quia</strong></span> <span class='ocrx_word' id='word_1_614' title='bbox 1167 4209 1285 4260; x_wconf 73' lang='lat' dir='ltr'><strong>caeteras</strong></span> <span class='ocrx_word' id='word_1_615' title='bbox 1308 4203 1447 4274; x_wconf 85' lang='lat' dir='ltr'><strong>Epistulas</strong></span> <span class='ocrx_word' id='word_1_616' title='bbox 1469 4203 1499 4258; x_wconf 90' lang='lat' dir='ltr'><strong>in</strong></span> <span class='ocrx_word' id='word_1_617' title='bbox 1523 4203 1676 4274; x_wconf 79' lang='lat' dir='ltr'><strong>peregrina</strong></span> <span class='ocrx_word' id='word_1_618' title='bbox 1702 4205 1815 4275; x_wconf 87' lang='lat' dir='ltr'><strong>scripsit</strong></span> 
     </span>
     <span class='ocr_line' id='line_1_44' title="bbox 131 4295 1813 4373; baseline -0.003 -16"><span class='ocrx_word' id='word_1_619' title='bbox 131 4302 174 4357; x_wconf 82' lang='lat' dir='ltr'><strong>cie</strong></span> <span class='ocrx_word' id='word_1_620' title='bbox 188 4301 327 4373; x_wconf 88' lang='lat' dir='ltr'><strong>processit</strong></span> <span class='ocrx_word' id='word_1_621' title='bbox 343 4301 424 4355; x_wconf 82' lang='lat' dir='ltr'><strong>radix</strong></span> <span class='ocrx_word' id='word_1_622' title='bbox 445 4303 544 4354; x_wconf 90' lang='lat' dir='ltr'><strong>sancta</strong></span> <span class='ocrx_word' id='word_1_623' title='bbox 563 4303 591 4354; x_wconf 88' lang='lat' dir='ltr'><strong>et</strong></span> <span class='ocrx_word' id='word_1_624' title='bbox 609 4315 713 4361; x_wconf 88' lang='lat' dir='ltr'><strong>massa,</strong></span> <span class='ocrx_word' id='word_1_625' title='bbox 730 4298 784 4352; x_wconf 90' lang='lat' dir='ltr'><strong>hoc</strong></span> <span class='ocrx_word' id='word_1_626' title='bbox 799 4301 842 4351; x_wconf 88' lang='lat' dir='ltr'><strong>est</strong></span> <span class='ocrx_word' id='word_1_627' title='bbox 859 4295 948 4350; x_wconf 87' lang='lat' dir='ltr'><strong>sancti</strong></span> <span class='ocrx_word' id='word_1_628' title='bbox 998 4300 1106 4371; x_wconf 82' lang='lat' dir='ltr'><strong>lingua,</strong></span> <span class='ocrx_word' id='word_1_629' title='bbox 1126 4298 1201 4352; x_wconf 89' lang='lat' dir='ltr'><strong>hanc</strong></span> <span class='ocrx_word' id='word_1_630' title='bbox 1222 4313 1289 4352; x_wconf 88' lang='lat' dir='ltr'><strong>vero</strong></span> <span class='ocrx_word' id='word_1_631' title='bbox 1311 4295 1340 4349; x_wconf 93' lang='lat' dir='ltr'><strong>in</strong></span> <span class='ocrx_word' id='word_1_632' title='bbox 1364 4295 1491 4366; x_wconf 88' lang='lat' dir='ltr'><strong>propria,</strong></span> <span class='ocrx_word' id='word_1_633' title='bbox 1514 4297 1632 4349; x_wconf 79' lang='lat' dir='ltr'><strong>ceteras</strong></span> <span class='ocrx_word' id='word_1_634' title='bbox 1655 4295 1684 4349; x_wconf 93' lang='lat' dir='ltr'><strong>in</strong></span> <span class='ocrx_word' id='word_1_635' title='bbox 1706 4296 1813 4367; x_wconf 86' lang='lat' dir='ltr'><strong>Graeca,</strong></span> 
     </span>
     <span class='ocr_line' id='line_1_45' title="bbox 131 4387 1814 4466; baseline -0.002 -18"><span class='ocrx_word' id='word_1_636' title='bbox 131 4395 256 4466; x_wconf 88' lang='lat' dir='ltr'><strong>aposloli</strong></span> <span class='ocrx_word' id='word_1_637' title='bbox 270 4396 299 4448; x_wconf 89' lang='lat' dir='ltr'><strong>ct</strong></span> <span class='ocrx_word' id='word_1_638' title='bbox 310 4393 395 4464; x_wconf 92' lang='lat' dir='ltr'><strong>primi</strong></span> <span class='ocrx_word' id='word_1_639' title='bbox 409 4393 568 4459; x_wconf 88' lang='lat' dir='ltr'><strong>credentes,</strong></span> <span class='ocrx_word' id='word_1_640' title='bbox 583 4391 632 4446; x_wconf 88' lang='lat' dir='ltr'><strong>sed</strong></span> <span class='ocrx_word' id='word_1_641' title='bbox 648 4407 734 4462; x_wconf 91' lang='lat' dir='ltr'><strong>quam</strong></span> <span class='ocrx_word' id='word_1_642' title='bbox 751 4390 844 4460; x_wconf 90' lang='lat' dir='ltr'><strong>plures</strong></span> <span class='ocrx_word' id='word_1_643' title='bbox 855 4389 885 4443; x_wconf 94' lang='lat' dir='ltr'><strong>in</strong></span> <span class='ocrx_word' id='word_1_644' title='bbox 898 4403 949 4442; x_wconf 68' lang='grc' dir='ltr'><strong>(ιω-</strong></span> <span class='ocrx_word' id='word_1_645' title='bbox 999 4392 1074 4447; x_wconf 91' lang='lat' dir='ltr'><strong>hanc</strong></span> <span class='ocrx_word' id='word_1_646' title='bbox 1088 4391 1118 4445; x_wconf 92' lang='lat' dir='ltr'><strong>in</strong></span> <span class='ocrx_word' id='word_1_647' title='bbox 1134 4389 1262 4444; x_wconf 83' lang='lat' dir='ltr'><strong>Hebrraa.</strong></span> <span class='ocrx_word' id='word_1_648' title='bbox 1279 4389 1335 4442; x_wconf 88' lang='lat' dir='ltr'><strong>Nec</strong></span> <span class='ocrx_word' id='word_1_649' title='bbox 1347 4387 1454 4441; x_wconf 91' lang='lat' dir='ltr'><strong>mirum</strong></span> <span class='ocrx_word' id='word_1_650' title='bbox 1465 4387 1487 4441; x_wconf 88' lang='lat' dir='ltr'><strong>si</strong></span> <span class='ocrx_word' id='word_1_651' title='bbox 1499 4387 1689 4457; x_wconf 87' lang='lat' dir='ltr'><strong>eloquentior,</strong></span> <span class='ocrx_word' id='word_1_652' title='bbox 1704 4405 1768 4460; x_wconf 84' lang='lat' dir='ltr'><strong>quae</strong></span> <span class='ocrx_word' id='word_1_653' title='bbox 1783 4389 1814 4444; x_wconf 91' lang='lat' dir='ltr'><strong>in</strong></span> 
     </span>
     <span class='ocr_line' id='line_1_46' title="bbox 131 4480 1814 4557; baseline -0.003 -14"><span class='ocrx_word' id='word_1_654' title='bbox 131 4488 218 4543; x_wconf 84' lang='lat' dir='ltr'><strong>citata</strong></span> <span class='ocrx_word' id='word_1_655' title='bbox 232 4492 449 4553; x_wconf 81' lang='lat' dir='ltr'><strong>remanserunt3</strong></span> <span class='ocrx_word' id='word_1_656' title='bbox 467 4487 502 4540; x_wconf 85' lang='lat' dir='ltr'><strong>de</strong></span> <span class='ocrx_word' id='word_1_657' title='bbox 516 4485 618 4557; x_wconf 91' lang='lat' dir='ltr'><strong>quibus</strong></span> <span class='ocrx_word' id='word_1_658' title='bbox 631 4484 768 4554; x_wconf 91' lang='lat' dir='ltr'><strong>scriptum</strong></span> <span class='ocrx_word' id='word_1_659' title='bbox 782 4486 847 4536; x_wconf 90' lang='lat' dir='ltr'><strong>cst:</strong></span> <span class='ocrx_word' id='word_1_660' title='bbox 866 4483 947 4539; x_wconf 85' lang='lat' dir='ltr'><strong>Caeoi·</strong></span> <span class='ocrx_word' id='word_1_661' title='bbox 958 4482 987 4553; x_wconf 81' lang='lat'><strong>1)</strong></span> <span class='ocrx_word' id='word_1_662' title='bbox 998 4482 1114 4555; x_wconf 88' lang='lat' dir='ltr'><strong>propria</strong></span> <span class='ocrx_word' id='word_1_663' title='bbox 1135 4482 1234 4552; x_wconf 83' lang='lat' dir='ltr'><strong>lingua</strong></span> <span class='ocrx_word' id='word_1_664' title='bbox 1258 4480 1363 4550; x_wconf 90' lang='lat' dir='ltr'><strong>scripta</strong></span> <span class='ocrx_word' id='word_1_665' title='bbox 1387 4482 1439 4545; x_wconf 87' lang='lat' dir='ltr'><strong>cst,</strong></span> <span class='ocrx_word' id='word_1_666' title='bbox 1460 4495 1546 4549; x_wconf 89' lang='lat' dir='ltr'><strong>quam</strong></span> <span class='ocrx_word' id='word_1_667' title='bbox 1569 4495 1634 4550; x_wconf 74' lang='lat' dir='ltr'><strong>quaa</strong></span> <span class='ocrx_word' id='word_1_668' title='bbox 1653 4481 1683 4535; x_wconf 90' lang='lat' dir='ltr'><strong>in</strong></span> <span class='ocrx_word' id='word_1_669' title='bbox 1705 4481 1814 4539; x_wconf 78' lang='lat' dir='ltr'><strong>Gracc.</strong></span> 
     </span>
     <span class='ocr_line' id='line_1_47' title="bbox 133 4572 1816 4651; baseline -0.004 -14"><span class='ocrx_word' id='word_1_670' title='bbox 133 4587 177 4637; x_wconf 80' lang='lat' dir='ltr'><strong>tus</strong></span> <span class='ocrx_word' id='word_1_671' title='bbox 189 4597 223 4635; x_wconf 82' lang='lat' dir='ltr'><strong>cur</strong></span> <span class='ocrx_word' id='word_1_672' title='bbox 231 4586 309 4651; x_wconf 79' lang='lat' dir='ltr'><strong>pune</strong></span> <span class='ocrx_word' id='word_1_673' title='bbox 321 4582 433 4647; x_wconf 77' lang='lat' dir='ltr'><strong>concipit</strong></span> <span class='ocrx_word' id='word_1_674' title='bbox 445 4582 474 4634; x_wconf 87' lang='lat' dir='ltr'><strong>in</strong></span> <span class='ocrx_word' id='word_1_675' title='bbox 486 4580 570 4634; x_wconf 82' lang='lat' dir='ltr'><strong>lsrael</strong></span> <span class='ocrx_word' id='word_1_676' title='bbox 584 4579 666 4633; x_wconf 87' lang='lat' dir='ltr'><strong>donoc</strong></span> <span class='ocrx_word' id='word_1_677' title='bbox 678 4575 819 4647; x_wconf 83' lang='lat' dir='ltr'><strong>plenitudo</strong></span> <span class='ocrx_word' id='word_1_678' title='bbox 832 4575 950 4643; x_wconf 77' lang='lat' dir='ltr'><strong>pontium</strong></span> <span class='ocrx_word' id='word_1_679' title='bbox 998 4576 1123 4647; x_wconf 80' lang='lat' dir='ltr'><strong>Dignum</strong></span> <span class='ocrx_word' id='word_1_680' title='bbox 1137 4575 1214 4629; x_wconf 89' lang='lat' dir='ltr'><strong>enim</strong></span> <span class='ocrx_word' id='word_1_681' title='bbox 1228 4574 1266 4628; x_wconf 90' lang='lat' dir='ltr'><strong>sic</strong></span> <span class='ocrx_word' id='word_1_682' title='bbox 1282 4576 1344 4627; x_wconf 88' lang='lat' dir='ltr'><strong>crat</strong></span> <span class='ocrx_word' id='word_1_683' title='bbox 1357 4575 1388 4627; x_wconf 93' lang='lat' dir='ltr'><strong>ut</strong></span> <span class='ocrx_word' id='word_1_684' title='bbox 1398 4589 1432 4627; x_wconf 87' lang='lat' dir='ltr'><strong>aa</strong></span> <span class='ocrx_word' id='word_1_685' title='bbox 1442 4588 1530 4644; x_wconf 90' lang='lat' dir='ltr'><strong>quam</strong></span> <span class='ocrx_word' id='word_1_686' title='bbox 1546 4572 1576 4627; x_wconf 93' lang='lat' dir='ltr'><strong>in</strong></span> <span class='ocrx_word' id='word_1_687' title='bbox 1588 4573 1705 4645; x_wconf 91' lang='lat' dir='ltr'><strong>propria</strong></span> <span class='ocrx_word' id='word_1_688' title='bbox 1716 4575 1816 4647; x_wconf 81' lang='lat' dir='ltr'><strong>lingua</strong></span> 
     </span>
     <span class='ocr_line' id='line_1_48' title="bbox 133 4665 1817 4739; baseline -0.002 -11"><span class='ocrx_word' id='word_1_689' title='bbox 133 4678 262 4736; x_wconf 85' lang='lat' dir='ltr'><strong>introeat,</strong></span> <span class='ocrx_word' id='word_1_690' title='bbox 275 4678 300 4729; x_wconf 88' lang='lat' dir='ltr'><strong>et</strong></span> <span class='ocrx_word' id='word_1_691' title='bbox 312 4677 350 4728; x_wconf 89' lang='lat' dir='ltr'><strong>sio</strong></span> <span class='ocrx_word' id='word_1_692' title='bbox 361 4675 447 4728; x_wconf 87' lang='lat' dir='ltr'><strong>omnis</strong></span> <span class='ocrx_word' id='word_1_693' title='bbox 458 4673 543 4728; x_wconf 85' lang='lat' dir='ltr'><strong>lsrael</strong></span> <span class='ocrx_word' id='word_1_694' title='bbox 556 4672 647 4726; x_wconf 80' lang='lat' dir='ltr'><strong>sutoris</strong></span> <span class='ocrx_word' id='word_1_695' title='bbox 662 4672 720 4725; x_wconf 83' lang='lat' dir='ltr'><strong>erit.</strong></span> <span class='ocrx_word' id='word_1_696' title='bbox 738 4668 848 4722; x_wconf 89' lang='lat' dir='ltr'><strong>llivero</strong></span> <span class='ocrx_word' id='word_1_697' title='bbox 858 4666 906 4737; x_wconf 92' lang='lat' dir='ltr'><strong>qui</strong></span> <span class='ocrx_word' id='word_1_698' title='bbox 919 4665 949 4720; x_wconf 88' lang='lat' dir='ltr'><strong>in</strong></span> <span class='ocrx_word' id='word_1_699' title='bbox 1000 4669 1140 4725; x_wconf 89' lang='lat' dir='ltr'><strong>scribebat</strong></span> <span class='ocrx_word' id='word_1_700' title='bbox 1156 4668 1220 4739; x_wconf 92' lang='lat' dir='ltr'><strong>plus</strong></span> <span class='ocrx_word' id='word_1_701' title='bbox 1241 4667 1388 4721; x_wconf 88' lang='lat' dir='ltr'><strong>luculento</strong></span> <span class='ocrx_word' id='word_1_702' title='bbox 1413 4682 1548 4721; x_wconf 85' lang='lat' dir='ltr'><strong>sermone</strong></span> <span class='ocrx_word' id='word_1_703' title='bbox 1570 4673 1767 4739; x_wconf 88' lang='lat' dir='ltr'><strong>componeret,</strong></span> <span class='ocrx_word' id='word_1_704' title='bbox 1788 4673 1817 4724; x_wconf 89' lang='lat' dir='ltr'><strong>et</strong></span> 
     </span>
     <span class='ocr_line' id='line_1_49' title="bbox 134 4758 1816 4834; baseline -0.003 -12"><span class='ocrx_word' id='word_1_705' title='bbox 134 4767 304 4823; x_wconf 82' lang='lat' dir='ltr'><strong>infidelitate</strong></span> <span class='ocrx_word' id='word_1_706' title='bbox 325 4769 537 4832; x_wconf 88' lang='lat' dir='ltr'><strong>remanserunt,</strong></span> <span class='ocrx_word' id='word_1_707' title='bbox 555 4781 603 4819; x_wconf 87' lang='lat' dir='ltr'><strong>eos</strong></span> <span class='ocrx_word' id='word_1_708' title='bbox 624 4763 672 4834; x_wconf 91' lang='lat' dir='ltr'><strong>qui</strong></span> <span class='ocrx_word' id='word_1_709' title='bbox 691 4762 729 4817; x_wconf 91' lang='lat' dir='ltr'><strong>ad</strong></span> <span class='ocrx_word' id='word_1_710' title='bbox 747 4761 835 4815; x_wconf 88' lang='lat' dir='ltr'><strong>fidem</strong></span> <span class='ocrx_word' id='word_1_711' title='bbox 855 4758 949 4814; x_wconf 81' lang='lat' dir='ltr'><strong>venie·</strong></span> <span class='ocrx_word' id='word_1_712' title='bbox 999 4761 1092 4818; x_wconf 85' lang='lat' dir='ltr'><strong>Veteri</strong></span> <span class='ocrx_word' id='word_1_713' title='bbox 1106 4762 1241 4831; x_wconf 89' lang='lat' dir='ltr'><strong>Novoque</strong></span> <span class='ocrx_word' id='word_1_714' title='bbox 1257 4761 1437 4815; x_wconf 86' lang='lat' dir='ltr'><strong>Testamenta</strong></span> <span class='ocrx_word' id='word_1_715' title='bbox 1459 4760 1581 4815; x_wconf 83' lang='lat' dir='ltr'><strong>fulciret.</strong></span> <span class='ocrx_word' id='word_1_716' title='bbox 1600 4761 1686 4831; x_wconf 85' lang='lat' dir='ltr'><strong>Cujus</strong></span> <span class='ocrx_word' id='word_1_717' title='bbox 1699 4777 1816 4817; x_wconf 89' lang='lat' dir='ltr'><strong>sensum</strong></span> 
     </span>
     <span class='ocr_line' id='line_1_50' title="bbox 133 4852 1817 4927; baseline -0.004 -12"><span class='ocrx_word' id='word_1_718' title='bbox 133 4861 207 4915; x_wconf 87' lang='lat' dir='ltr'><strong>bant</strong></span> <span class='ocrx_word' id='word_1_719' title='bbox 224 4876 325 4914; x_wconf 91' lang='lat' dir='ltr'><strong>eurum</strong></span> <span class='ocrx_word' id='word_1_720' title='bbox 346 4859 535 4914; x_wconf 81' lang='lat' dir='ltr'><strong>substantiam</strong></span> <span class='ocrx_word' id='word_1_721' title='bbox 556 4855 740 4927; x_wconf 87' lang='lat' dir='ltr'><strong>diripiebant,</strong></span> <span class='ocrx_word' id='word_1_722' title='bbox 756 4854 806 4908; x_wconf 88' lang='lat' dir='ltr'><strong>sed</strong></span> <span class='ocrx_word' id='word_1_723' title='bbox 828 4852 882 4924; x_wconf 91' lang='lat' dir='ltr'><strong>ipsi</strong></span> <span class='ocrx_word' id='word_1_724' title='bbox 901 4868 949 4922; x_wconf 86' lang='lat' dir='ltr'><strong>pa·</strong></span> <span class='ocrx_word' id='word_1_725' title='bbox 1001 4860 1030 4911; x_wconf 87' lang='lat' dir='ltr'><strong>et</strong></span> <span class='ocrx_word' id='word_1_726' title='bbox 1042 4855 1172 4910; x_wconf 86' lang='lat' dir='ltr'><strong>ordinem</strong></span> <span class='ocrx_word' id='word_1_727' title='bbox 1186 4857 1288 4909; x_wconf 87' lang='lat' dir='ltr'><strong>tenens</strong></span> <span class='ocrx_word' id='word_1_728' title='bbox 1305 4853 1477 4924; x_wconf 79' lang='lat' dir='ltr'><strong>evangelista</strong></span> <span class='ocrx_word' id='word_1_729' title='bbox 1493 4855 1581 4907; x_wconf 91' lang='lat' dir='ltr'><strong>Lucas</strong></span> <span class='ocrx_word' id='word_1_730' title='bbox 1596 4857 1660 4924; x_wconf 89' lang='lat' dir='ltr'><strong>pusi</strong></span> <span class='ocrx_word' id='word_1_731' title='bbox 1672 4871 1817 4910; x_wconf 85' lang='lat' dir='ltr'><strong>excessum</strong></span> 
     </span>
     <span class='ocr_line' id='line_1_51' title="bbox 133 4938 1815 5020; baseline -0.004 -12"><span class='ocrx_word' id='word_1_732' title='bbox 133 4955 241 5008; x_wconf 88' lang='lat' dir='ltr'><strong>tienter</strong></span> <span class='ocrx_word' id='word_1_733' title='bbox 255 4953 461 5009; x_wconf 77' lang='lat' dir='ltr'><strong>substinebant.</strong></span> <span class='ocrx_word' id='word_1_734' title='bbox 478 4953 555 5016; x_wconf 86' lang='lat' dir='ltr'><strong>Quos</strong></span> <span class='ocrx_word' id='word_1_735' title='bbox 567 4949 711 5005; x_wconf 89' lang='lat' dir='ltr'><strong>collaudat</strong></span> <span class='ocrx_word' id='word_1_736' title='bbox 722 4946 865 5019; x_wconf 88' lang='lat' dir='ltr'><strong>apostolus</strong></span> <span class='ocrx_word' id='word_1_737' title='bbox 879 4938 950 5001; x_wconf 85' lang='lat' dir='ltr'><strong>Pau·</strong></span> <span class='ocrx_word' id='word_1_738' title='bbox 1000 4948 1119 5020; x_wconf 89' lang='lat' dir='ltr'><strong>apostoli</strong></span> <span class='ocrx_word' id='word_1_739' title='bbox 1133 4947 1212 5003; x_wconf 91' lang='lat' dir='ltr'><strong>Pauli</strong></span> <span class='ocrx_word' id='word_1_740' title='bbox 1227 4948 1325 5003; x_wconf 73' lang='lat' dir='ltr'><strong>Graeco</strong></span> <span class='ocrx_word' id='word_1_741' title='bbox 1344 4962 1476 5001; x_wconf 89' lang='lat' dir='ltr'><strong>sermone</strong></span> <span class='ocrx_word' id='word_1_742' title='bbox 1496 4947 1665 5017; x_wconf 87' lang='lat' dir='ltr'><strong>composuit.</strong></span> <span class='ocrx_word' id='word_1_743' title='bbox 1683 4948 1740 5004; x_wconf 89' lang='lat' dir='ltr'><strong>Sed</strong></span> <span class='ocrx_word' id='word_1_744' title='bbox 1750 4948 1815 5018; x_wconf 85' lang='lat' dir='ltr'><strong>jam</strong></span> 
     </span>
     <span class='ocr_line' id='line_1_52' title="bbox 134 5039 1819 5115; baseline -0.002 -14"><span class='ocrx_word' id='word_1_745' title='bbox 134 5048 201 5101; x_wconf 89' lang='lat' dir='ltr'><strong>lus:</strong></span> <span class='ocrx_word' id='word_1_746' title='bbox 217 5049 289 5103; x_wconf 86' lang='lat' dir='ltr'><strong>Num</strong></span> <span class='ocrx_word' id='word_1_747' title='bbox 306 5051 333 5101; x_wconf 85' lang='lat' dir='ltr'><strong>et</strong></span> <span class='ocrx_word' id='word_1_748' title='bbox 351 5048 437 5100; x_wconf 86' lang='lat' dir='ltr'><strong>uincti</strong></span> <span class='ocrx_word' id='word_1_749' title='bbox 449 5046 581 5115; x_wconf 86' lang='lat' dir='ltr'><strong>compassi</strong></span> <span class='ocrx_word' id='word_1_750' title='bbox 594 5045 666 5103; x_wconf 69' lang='lat' dir='ltr'><strong>estis</strong></span> <span class='ocrx_word' id='word_1_751' title='bbox 684 5046 710 5096; x_wconf 87' lang='lat' dir='ltr'><strong>ot</strong></span> <span class='ocrx_word' id='word_1_752' title='bbox 729 5044 856 5111; x_wconf 86' lang='lat' dir='ltr'><strong>rupinum</strong></span> <span class='ocrx_word' id='word_1_753' title='bbox 870 5039 951 5094; x_wconf 88' lang='lat' dir='ltr'><strong>bono·</strong></span> <span class='ocrx_word' id='word_1_754' title='bbox 1001 5059 1077 5097; x_wconf 89' lang='lat' dir='ltr'><strong>nunc</strong></span> <span class='ocrx_word' id='word_1_755' title='bbox 1093 5041 1185 5113; x_wconf 90' lang='lat' dir='ltr'><strong>ipsam</strong></span> <span class='ocrx_word' id='word_1_756' title='bbox 1202 5041 1388 5112; x_wconf 88' lang='lat' dir='ltr'><strong>apostolicam</strong></span> <span class='ocrx_word' id='word_1_757' title='bbox 1408 5039 1564 5112; x_wconf 84' lang='lat' dir='ltr'><strong>Epistulam</strong></span> <span class='ocrx_word' id='word_1_758' title='bbox 1579 5041 1736 5096; x_wconf 87' lang='lat' dir='ltr'><strong>tractemus</strong></span> <span class='ocrx_word' id='word_1_759' title='bbox 1754 5058 1819 5113; x_wconf 79' lang='lat' dir='ltr'><strong>qun</strong></span> 
     </span>
     <span class='ocr_line' id='line_1_53' title="bbox 132 5135 1313 5206; baseline -0.007 -9"><span class='ocrx_word' id='word_1_760' title='bbox 132 5144 353 5197; x_wconf 83' lang='lat' dir='ltr'><strong>rumuestrorum</strong></span> <span class='ocrx_word' id='word_1_761' title='bbox 365 5155 424 5195; x_wconf 86' lang='lat' dir='ltr'><strong>cum</strong></span> <span class='ocrx_word' id='word_1_762' title='bbox 442 5138 542 5206; x_wconf 80' lang='lat' dir='ltr'><strong>puudio</strong></span> <span class='ocrx_word' id='word_1_763' title='bbox 555 5136 716 5206; x_wconf 83' lang='lat' dir='ltr'><strong>suscepistis.</strong></span> <span class='ocrx_word' id='word_1_764' title='bbox 732 5135 838 5189; x_wconf 91' lang='lat' dir='ltr'><strong>Eurum</strong></span> <span class='ocrx_word' id='word_1_765' title='bbox 853 5147 952 5186; x_wconf 90' lang='lat' dir='ltr'><strong>curam</strong></span> <span class='ocrx_word' id='word_1_766' title='bbox 1002 5135 1042 5190; x_wconf 89' lang='lat' dir='ltr'><strong>ita</strong></span> <span class='ocrx_word' id='word_1_767' title='bbox 1056 5135 1203 5191; x_wconf 86' lang='lat' dir='ltr'><strong>exordium</strong></span> <span class='ocrx_word' id='word_1_768' title='bbox 1216 5135 1313 5190; x_wconf 84' lang='lat' dir='ltr'><strong>habet.</strong></span> 
     </span>
     <span class='ocr_line' id='line_1_54' title="bbox 134 5225 1820 5306; baseline -0.003 -17"><span class='ocrx_word' id='word_1_769' title='bbox 134 5250 242 5306; x_wconf 81' lang='lat' dir='ltr'><strong>gerens</strong></span> <span class='ocrx_word' id='word_1_770' title='bbox 254 5249 304 5304; x_wconf 89' lang='lat' dir='ltr'><strong>per</strong></span> <span class='ocrx_word' id='word_1_771' title='bbox 320 5233 447 5302; x_wconf 79' lang='lat' dir='ltr'><strong>singulos</strong></span> <span class='ocrx_word' id='word_1_772' title='bbox 464 5247 555 5286; x_wconf 85' lang='lat' dir='ltr'><strong>annos</strong></span> <span class='ocrx_word' id='word_1_773' title='bbox 563 5230 713 5284; x_wconf 88' lang='lat' dir='ltr'><strong>collectam</strong></span> <span class='ocrx_word' id='word_1_774' title='bbox 722 5227 845 5282; x_wconf 86' lang='lat' dir='ltr'><strong>faciebat</strong></span> <span class='ocrx_word' id='word_1_775' title='bbox 856 5225 953 5279; x_wconf 88' lang='lat' dir='ltr'><strong>dicens</strong></span> <span class='ocrx_word' id='word_1_776' title='bbox 1036 5230 1201 5286; x_wconf 79' lang='lat' dir='ltr'><strong>uurrrruun</strong></span> <span class='ocrx_word' id='word_1_777' title='bbox 1223 5242 1374 5290; x_wconf 81' lang='lat' dir='ltr'><strong>uunnsuuc</strong></span> <span class='ocrx_word' id='word_1_778' title='bbox 1400 5241 1481 5282; x_wconf 80' lang='lat' dir='ltr'><strong>uenis</strong></span> <span class='ocrx_word' id='word_1_779' title='bbox 1509 5241 1574 5284; x_wconf 81' lang='lat' dir='ltr'><strong>unu</strong></span> <span class='ocrx_word' id='word_1_780' title='bbox 1606 5244 1673 5284; x_wconf 84' lang='lat' dir='ltr'><strong>nnus</strong></span> <span class='ocrx_word' id='word_1_781' title='bbox 1697 5243 1820 5294; x_wconf 82' lang='lat' dir='ltr'><strong>nouunus</strong></span> 
     </span>
     <span class='ocr_line' id='line_1_55' title="bbox 135 5318 1819 5394; baseline -0.004 -12"><span class='ocrx_word' id='word_1_782' title='bbox 135 5328 273 5382; x_wconf 85' lang='lat' dir='ltr'><strong>iratribus</strong></span> <span class='ocrx_word' id='word_1_783' title='bbox 290 5326 498 5382; x_wconf 84' lang='lat' dir='ltr'><strong>:Recordomini</strong></span> <span class='ocrx_word' id='word_1_784' title='bbox 508 5328 630 5393; x_wconf 67' lang='lat' dir='ltr'><strong>fratrum</strong></span> <span class='ocrx_word' id='word_1_785' title='bbox 646 5322 732 5394; x_wconf 66' lang='lat' dir='ltr'><strong>iliud„</strong></span> <span class='ocrx_word' id='word_1_786' title='bbox 746 5318 889 5391; x_wconf 82' lang='lat' dir='ltr'><strong>iratribus]</strong></span> <span class='ocrx_word' id='word_1_787' title='bbox 906 5319 955 5388; x_wconf 85' lang='lat' dir='ltr'><strong>qui</strong></span> <span class='ocrx_word' id='word_1_788' title='bbox 1003 5340 1132 5379; x_wconf 71' lang='lat' dir='ltr'><strong>rururnus</strong></span> <span class='ocrx_word' id='word_1_789' title='bbox 1148 5339 1175 5378; x_wconf 81' lang='lat' dir='ltr'><strong>ru</strong></span> <span class='ocrx_word' id='word_1_790' title='bbox 1192 5336 1352 5377; x_wconf 81' lang='lat' dir='ltr'><strong>euornurrs.</strong></span> <span class='ocrx_word' id='word_1_791' title='bbox 1368 5318 1450 5383; x_wconf 85' lang='lat' dir='ltr'><strong>Quod</strong></span> <span class='ocrx_word' id='word_1_792' title='bbox 1461 5319 1529 5375; x_wconf 90' lang='lat' dir='ltr'><strong>dicit</strong></span> <span class='ocrx_word' id='word_1_793' title='bbox 1544 5322 1706 5389; x_wconf 67' lang='lat' dir='ltr'><strong>multifaria,</strong></span> <span class='ocrx_word' id='word_1_794' title='bbox 1723 5326 1819 5378; x_wconf 89' lang='lat' dir='ltr'><strong>osten-</strong></span> 
     </span>
     <span class='ocr_line' id='line_1_56' title="bbox 134 5412 1820 5487; baseline -0.005 -10"><span class='ocrx_word' id='word_1_795' title='bbox 134 5422 413 5486; x_wconf 63' lang='lat' dir='ltr'><strong>continenciam</strong></span> <span class='ocrx_word' id='word_1_796' title='bbox 432 5417 621 5487; x_wconf 88' lang='lat' dir='ltr'><strong>mittebatque</strong></span> <span class='ocrx_word' id='word_1_797' title='bbox 638 5415 688 5469; x_wconf 88' lang='lat' dir='ltr'><strong>eis.</strong></span> <span class='ocrx_word' id='word_1_798' title='bbox 1003 5416 1045 5472; x_wconf 93' lang='lat' dir='ltr'><strong>dit</strong></span> <span class='ocrx_word' id='word_1_799' title='bbox 1059 5415 1204 5487; x_wconf 86' lang='lat' dir='ltr'><strong>quoddam</strong></span> <span class='ocrx_word' id='word_1_800' title='bbox 1222 5412 1390 5469; x_wconf 85' lang='lat' dir='ltr'><strong>vaticinium</strong></span> <span class='ocrx_word' id='word_1_801' title='bbox 1415 5412 1500 5468; x_wconf 83' lang='lat' dir='ltr'><strong>fuisse</strong></span> <span class='ocrx_word' id='word_1_802' title='bbox 1517 5430 1549 5469; x_wconf 87' lang='lat' dir='ltr'><strong>ex</strong></span> <span class='ocrx_word' id='word_1_803' title='bbox 1567 5414 1635 5470; x_wconf 80' lang='lat' dir='ltr'><strong>Filio</strong></span> <span class='ocrx_word' id='word_1_804' title='bbox 1655 5415 1715 5468; x_wconf 89' lang='lat' dir='ltr'><strong>llai.</strong></span> <span class='ocrx_word' id='word_1_805' title='bbox 1734 5414 1820 5470; x_wconf 86' lang='lat' dir='ltr'><strong>Phari</strong></span> 
     </span>
     <span class='ocr_line' id='line_1_57' title="bbox 172 5503 1821 5582; baseline -0.006 -13"><span class='ocrx_word' id='word_1_806' title='bbox 172 5513 307 5570; x_wconf 89' lang='lat' dir='ltr'><strong>Scribens</strong></span> <span class='ocrx_word' id='word_1_807' title='bbox 321 5513 409 5567; x_wconf 89' lang='lat' dir='ltr'><strong>etiam</strong></span> <span class='ocrx_word' id='word_1_808' title='bbox 422 5511 579 5582; x_wconf 87' lang='lat' dir='ltr'><strong>Epistulam</strong></span> <span class='ocrx_word' id='word_1_809' title='bbox 594 5507 672 5562; x_wconf 92' lang='lat' dir='ltr'><strong>misit</strong></span> <span class='ocrx_word' id='word_1_810' title='bbox 685 5508 736 5571; x_wconf 84' lang='lat' dir='ltr'><strong>eis,</strong></span> <span class='ocrx_word' id='word_1_811' title='bbox 748 5506 777 5558; x_wconf 91' lang='lat' dir='ltr'><strong>in</strong></span> <span class='ocrx_word' id='word_1_812' title='bbox 793 5521 849 5576; x_wconf 89' lang='lat' dir='ltr'><strong>qua</strong></span> <span class='ocrx_word' id='word_1_813' title='bbox 864 5503 955 5557; x_wconf 80' lang='lat' dir='ltr'><strong>voluit</strong></span> <span class='ocrx_word' id='word_1_814' title='bbox 1004 5510 1109 5575; x_wconf 73' lang='lat' dir='ltr'><strong>Graece,</strong></span> <span class='ocrx_word' id='word_1_815' title='bbox 1127 5508 1226 5562; x_wconf 89' lang='lat' dir='ltr'><strong>Latina</strong></span> <span class='ocrx_word' id='word_1_816' title='bbox 1243 5506 1322 5578; x_wconf 93' lang='lat' dir='ltr'><strong>loqui</strong></span> <span class='ocrx_word' id='word_1_817' title='bbox 1340 5505 1454 5562; x_wconf 90' lang='lat' dir='ltr'><strong>dicitur.</strong></span> <span class='ocrx_word' id='word_1_818' title='bbox 1469 5507 1619 5562; x_wconf 85' lang='lat' dir='ltr'><strong>ldullisaric</strong></span> <span class='ocrx_word' id='word_1_819' title='bbox 1632 5506 1710 5571; x_wconf 88' lang='lat' dir='ltr'><strong>dicit,</strong></span> <span class='ocrx_word' id='word_1_820' title='bbox 1724 5506 1821 5560; x_wconf 73' lang='lat' dir='ltr'><strong>mullis·</strong></span> 
     </span>
     <span class='ocr_line' id='line_1_58' title="bbox 136 5596 1820 5677; baseline -0.007 -15"><span class='ocrx_word' id='word_1_821' title='bbox 136 5606 300 5674; x_wconf 85' lang='lat' dir='ltr'><strong>ostendere,</strong></span> <span class='ocrx_word' id='word_1_822' title='bbox 316 5605 414 5660; x_wconf 91' lang='lat' dir='ltr'><strong>omnia</strong></span> <span class='ocrx_word' id='word_1_823' title='bbox 427 5621 490 5677; x_wconf 86' lang='lat' dir='ltr'><strong>quae</strong></span> <span class='ocrx_word' id='word_1_824' title='bbox 501 5607 570 5657; x_wconf 90' lang='lat' dir='ltr'><strong>tunc</strong></span> <span class='ocrx_word' id='word_1_825' title='bbox 581 5602 618 5657; x_wconf 91' lang='lat' dir='ltr'><strong>ad</strong></span> <span class='ocrx_word' id='word_1_826' title='bbox 630 5601 754 5656; x_wconf 88' lang='lat' dir='ltr'><strong>litteram</strong></span> <span class='ocrx_word' id='word_1_827' title='bbox 769 5596 953 5668; x_wconf 80' lang='lat' dir='ltr'><strong>gerebantur,</strong></span> <span class='ocrx_word' id='word_1_828' title='bbox 1005 5599 1205 5656; x_wconf 89' lang='lat' dir='ltr'><strong>locutionibus.</strong></span> <span class='ocrx_word' id='word_1_829' title='bbox 1215 5599 1307 5655; x_wconf 82' lang='lat' dir='ltr'><strong>ldultis</strong></span> <span class='ocrx_word' id='word_1_830' title='bbox 1316 5599 1394 5654; x_wconf 90' lang='lat' dir='ltr'><strong>enim</strong></span> <span class='ocrx_word' id='word_1_831' title='bbox 1407 5599 1502 5656; x_wconf 90' lang='lat' dir='ltr'><strong>modis</strong></span> <span class='ocrx_word' id='word_1_832' title='bbox 1514 5602 1624 5656; x_wconf 88' lang='lat' dir='ltr'><strong>locutus</strong></span> <span class='ocrx_word' id='word_1_833' title='bbox 1634 5602 1675 5653; x_wconf 90' lang='lat' dir='ltr'><strong>cst</strong></span> <span class='ocrx_word' id='word_1_834' title='bbox 1684 5598 1820 5656; x_wconf 86' lang='lat' dir='ltr'><strong>Dominus</strong></span> 
     </span>
     <span class='ocr_line' id='line_1_59' title="bbox 136 5690 1819 5771; baseline -0.008 -10"><span class='ocrx_word' id='word_1_835' title='bbox 136 5705 293 5762; x_wconf 83' lang='lat' dir='ltr'><strong>sabbatum</strong></span> <span class='ocrx_word' id='word_1_836' title='bbox 311 5703 429 5771; x_wconf 84' lang='lat' dir='ltr'><strong>scilicet,</strong></span> <span class='ocrx_word' id='word_1_837' title='bbox 444 5699 702 5764; x_wconf 85' lang='lat' dir='ltr'><strong>circumcisionem,</strong></span> <span class='ocrx_word' id='word_1_838' title='bbox 720 5694 914 5761; x_wconf 89' lang='lat' dir='ltr'><strong>neomeniam,</strong></span> <span class='ocrx_word' id='word_1_839' title='bbox 928 5696 956 5749; x_wconf 90' lang='lat' dir='ltr'><strong>et</strong></span> <span class='ocrx_word' id='word_1_840' title='bbox 1006 5693 1197 5748; x_wconf 86' lang='lat' dir='ltr'><strong>anterioribus</strong></span> <span class='ocrx_word' id='word_1_841' title='bbox 1217 5694 1359 5762; x_wconf 87' lang='lat' dir='ltr'><strong>Patribus,</strong></span> <span class='ocrx_word' id='word_1_842' title='bbox 1373 5695 1422 5765; x_wconf 90' lang='lat' dir='ltr'><strong>qui</strong></span> <span class='ocrx_word' id='word_1_843' title='bbox 1436 5695 1550 5749; x_wconf 90' lang='lat' dir='ltr'><strong>luerunt</strong></span> <span class='ocrx_word' id='word_1_844' title='bbox 1568 5693 1598 5745; x_wconf 91' lang='lat' dir='ltr'><strong>in</strong></span> <span class='ocrx_word' id='word_1_845' title='bbox 1612 5690 1707 5769; x_wconf 83' lang='lat' dir='ltr'><strong>Veteri</strong></span> <span class='ocrx_word' id='word_1_846' title='bbox 1724 5694 1819 5747; x_wconf 86' lang='lat' dir='ltr'><strong>Testa-</strong></span> 
     </span>
     <span class='ocr_line' id='line_1_60' title="bbox 139 5784 1822 5872; baseline -0.007 -17"><span class='ocrx_word' id='word_1_847' title='bbox 139 5802 247 5855; x_wconf 78' lang='lat' dir='ltr'><strong>coetera</strong></span> <span class='ocrx_word' id='word_1_848' title='bbox 262 5814 326 5872; x_wconf 77' lang='lat' dir='ltr'><strong>quse</strong></span> <span class='ocrx_word' id='word_1_849' title='bbox 337 5798 382 5853; x_wconf 84' lang='lat' dir='ltr'><strong>lex</strong></span> <span class='ocrx_word' id='word_1_850' title='bbox 391 5795 585 5869; x_wconf 78' lang='lat' dir='ltr'><strong>precipiebat,</strong></span> <span class='ocrx_word' id='word_1_851' title='bbox 600 5792 700 5850; x_wconf 90' lang='lat' dir='ltr'><strong>omnia</strong></span> <span class='ocrx_word' id='word_1_852' title='bbox 711 5789 806 5862; x_wconf 81' lang='lat' dir='ltr'><strong>typica</strong></span> <span class='ocrx_word' id='word_1_853' title='bbox 817 5788 913 5858; x_wconf 85' lang='lat' dir='ltr'><strong>inisse,</strong></span> <span class='ocrx_word' id='word_1_854' title='bbox 928 5792 957 5845; x_wconf 87' lang='lat' dir='ltr'><strong>et</strong></span> <span class='ocrx_word' id='word_1_855' title='bbox 1007 5789 1106 5844; x_wconf 87' lang='lat' dir='ltr'><strong>mento</strong></span> <span class='ocrx_word' id='word_1_856' title='bbox 1119 5803 1125 5842; x_wconf 94' lang='lat'>:</span> <span class='ocrx_word' id='word_1_857' title='bbox 1138 5788 1291 5861; x_wconf 86' lang='lat' dir='ltr'><strong>aliquoties</strong></span> <span class='ocrx_word' id='word_1_858' title='bbox 1304 5804 1356 5860; x_wconf 91' lang='lat' dir='ltr'><strong>per</strong></span> <span class='ocrx_word' id='word_1_859' title='bbox 1367 5788 1501 5854; x_wconf 86' lang='lat' dir='ltr'><strong>visiones,</strong></span> <span class='ocrx_word' id='word_1_860' title='bbox 1517 5784 1668 5855; x_wconf 86' lang='lat' dir='ltr'><strong>aliquoties</strong></span> <span class='ocrx_word' id='word_1_861' title='bbox 1679 5800 1732 5856; x_wconf 82' lang='lat' dir='ltr'><strong>per</strong></span> <span class='ocrx_word' id='word_1_862' title='bbox 1745 5786 1822 5843; x_wconf 89' lang='lat' dir='ltr'><strong>simi·</strong></span> 
     </span>
    </p>
   </div>
   <div class='ocr_carea' id='block_1_5' title="bbox 0 0 1957 6148">
    <p class='ocr_par' dir='ltr' id='par_1_6' title="bbox 0 0 1957 6148">
     <span class='ocr_line' id='line_1_61' title="bbox 0 0 1957 6148; baseline 0 0"><span class='ocrx_word' id='word_1_863' title='bbox 0 0 1957 6148; x_wconf 95' lang='lat' dir='ltr'><strong> </strong></span> 
     </span>
    </p>
   </div>
  </div>
 </body>
</html>
