3878 6150
130 231 196 295 soso
588 285 597 299 .
696 229 822 295 sacnti
842 241 937 294 saxu
957 222 1233 296 sceraanmren.
1606 272 1613 287 .
1745 242 1813 296 roso

127 348 291 420 laribusque
311 340 539 420 magistratibus,
559 351 588 401 et
606 347 868 418 obtemperantibus
886 348 941 403 illis
952 348 1183 440 Aperfrunntor.
1198 349 1300 404 Omnia
1313 354 1408 404 autem
1429 346 1575 420 privilegia
1588 355 1617 402 et
1631 347 1734 402 solatia
1749 365 1813 420 qua

126 442 301 510 cohortibus,
322 457 414 512 neque
433 457 490 494 non
508 441 638 495 locurum
659 440 864 495 defensoribus.
879 443 940 496 Poe·
993 458 1027 496 ex
1040 442 1178 514 imperiali
1193 442 1380 509 liberalitate,
1396 447 1445 497 ant
1467 442 1553 496 ctiam
1569 457 1743 514 quocunqne
1755 442 1813 496 aliu

128 552 179 590 nas
198 536 320 607 denique
335 551 397 606 qnae
419 533 552 606 praesenti
573 534 629 604 legi
650 533 764 589 insertae
786 539 862 602 sunt,
877 551 941 607 quae
991 535 1074 589 modo
1100 534 1202 589 sanctis
1225 535 1351 590 ecclesiis
1374 539 1423 590 aut
1447 535 1510 589 aliis
1535 534 1749 589 venerabilibus
1772 535 1811 588 lo-

81 640 84 647 ·
127 629 242 700 quidem
261 628 403 699 prioribus
422 643 536 699 quoque
553 627 664 698 legibus
682 627 803 698 cognitas
815 627 940 695 luerunt,
991 627 1030 681 cis
1045 644 1174 682 concessa
1194 632 1271 695 sunt,
1291 628 1412 684 firmiter
1434 628 1501 699 ipsis
1515 643 1567 700 per
1586 627 1685 682 omnia
1703 643 1813 681 conser-

128 738 184 775 non
199 722 288 775 sulum
299 721 328 774 in
337 720 449 788 futuris,
461 720 511 774 sed
526 721 611 774 etiam
627 720 657 775 in
673 721 823 791 prateritis
835 722 942 776 casibus
991 724 1099 775 vantur.

127 812 184 869 sive
198 814 302 869 delictis
317 814 418 884 valere,
433 818 461 868 ct
483 814 615 868 omnihus
632 814 723 869 niudis
740 812 860 886 irrogari
879 832 942 869 san·
1027 815 1068 869 Ad
1082 814 1142 870 haec
1161 814 1302 869 sancimus
1314 830 1350 868 ue
1368 815 1489 869 ullarum
1510 818 1759 868 sacrosanctarum
1771 829 1812 866 ec·

128 909 227 962 cimus.
248 909 316 973 Quae
337 923 405 961 veru
431 923 482 978 per
508 908 789 979 p1·aesent‹›m1egem
813 912 941 963 recenter
991 907 1142 962 etesiarum
1159 912 1187 962 et
1199 907 1318 962 aliarum
1333 907 1538 962 venerabilium
1550 907 1692 962 domuum
1707 921 1814 976 posses·

126 1017 266 1073 expressa,
286 1006 314 1055 et
333 1001 368 1055 ad
389 1006 494 1055 certam
516 1001 668 1055 formulam
683 1001 795 1056 redacta
809 1007 884 1070 sunt,
900 1002 942 1056 ln·
991 1001 1083 1055 sioues
1092 1001 1206 1056 sordida
1216 1018 1339 1056 munera
1352 1003 1380 1056 et
1390 1000 1628 1055 extraordinarias
1642 998 1812 1069 descriptio·

126 1095 197 1149 turis
215 1094 392 1149 solummodo
417 1094 592 1166 temporibus
616 1095 775 1150 conservari
795 1095 939 1165 jubemus.
991 1093 1814 1162 nessustineantsitanrensternendaeviae,autexstmen-

126 1189 332 1244 Continuamus
345 1188 411 1243 item
427 1206 477 1258 per
493 1192 662 1258 praesentem
676 1189 768 1259 legem
784 1189 882 1242 omnia
895 1205 939 1243 re·
992 1186 1093 1242 dorum
1106 1190 1368 1243 renovandorumve
1384 1187 1513 1259 pontium
1531 1186 1684 1241 necessitas
1697 1183 1812 1250 incidat,

126 1282 204 1353 liqna
214 1298 278 1353 quae
288 1299 302 1334 a
314 1281 394 1335 nobis
404 1281 432 1334 in
448 1280 565 1335 diversis
579 1281 825 1336 constitutionibus
838 1281 942 1336 sancita
991 1285 1172 1335 sacrosanctas
1186 1281 1312 1336 ecclesiia
1328 1286 1413 1352 atque
1432 1280 1494 1335 aliae
1509 1278 1691 1334 venerabiles
1709 1276 1814 1331 dumus

126 1379 202 1444 suut,
227 1380 287 1430 tarn
306 1375 342 1429 de
363 1374 500 1445 episcopis
523 1380 551 1428 et
571 1374 744 1445 presbyteris
768 1391 800 1428 ac
825 1374 941 1445 reliquis
991 1372 1129 1444 ejusmodi
1155 1391 1226 1445 opus
1247 1374 1283 1428 ad
1307 1375 1397 1429 instar
1422 1362 1591 1429 caeterorum
1615 1387 1813 1442 possessurum

126 1468 245 1535 clericis,
260 1484 347 1538 quarn
359 1468 445 1521 etiam
459 1466 493 1520 de
507 1467 689 1534 xenodochis,
705 1468 939 1540 ptochotrophis,
991 1466 1137 1538 impleant,
1149 1484 1214 1523 curn
1228 1467 1296 1539 quid
1311 1467 1342 1521 in
1354 1484 1386 1522 ea
1400 1467 1514 1521 civitate
1524 1465 1707 1537 possederint
1717 1464 1748 1518 in
1759 1481 1814 1536 qua

127 1561 376 1632 orphanotrophis,
401 1565 429 1614 et
448 1561 556 1615 caeteris
579 1560 629 1631 qui
650 1560 859 1615 venerabilibus
869 1577 941 1632 prae·
991 1577 1061 1631 opus
1073 1561 1128 1615 talu
1138 1560 1295 1632 perficitur.
1309 1560 1388 1624 Quod
1402 1561 1424 1614 si
1439 1577 1483 1614 res
1493 1559 1595 1631 aliquae
1607 1574 1645 1613 ex
1658 1558 1814 1612 curialibus

127 1658 193 1709 sunt
206 1636 345 1708 domibus.
361 1654 430 1717 Quae
451 1653 540 1724 igitur
554 1653 636 1707 uobis
656 1654 831 1723 placuerunt,
846 1659 874 1708 et
890 1670 941 1724 per
991 1654 1167 1724 patrimoniis
1177 1653 1213 1707 ad
1223 1656 1641 1725 quamcunquesacrosanctam
1652 1651 1812 1718 ecclesiam,

128 1748 201 1802 hanc
216 1752 342 1802 nostram
362 1747 542 1801 declarantur
561 1747 663 1817 legem,
681 1763 713 1801 ea
726 1763 777 1818 per
791 1764 938 1819 program-
950 1734 978 1805 B
989 1751 1038 1801 aut
1050 1747 1135 1801 aliam
1148 1745 1337 1801 venerabilem
1350 1746 1468 1801 domum
1480 1745 1640 1800 secundnm
1655 1744 1736 1823 leges
1749 1760 1811 1814 per·

129 1845 204 1894 urata
217 1841 304 1894 solitis
322 1841 389 1895 locis
404 1841 433 1894 iu
451 1840 531 1910 regia
546 1839 615 1894 urbe
631 1841 785 1911 proposita,
800 1839 939 1895 excellen·
991 1840 1130 1909 venerint,
1153 1842 1204 1894 aut
1220 1839 1337 1911 posthae
1359 1839 1538 1911 pervenient,
1555 1839 1661 1893 liberas
1680 1837 1734 1891 has
1755 1853 1812 1891 esse

127 1934 166 1989 tia
183 1940 231 1989 tua
249 1933 285 1987 ad
302 1934 432 1988 omnium
454 1933 584 1987 notitiam
599 1932 769 2004 perducere,
785 1937 814 1989 et
830 1933 942 2005 provin·
991 1933 1132 1988 sancimus
1146 1950 1162 1987 a
1174 1933 1377 1988 lucrativorum
1386 1932 1589 2004 descriptione.

128 2028 236 2082 ciarum
262 2026 419 2081 rectoribus
444 2026 594 2081 manifesta
616 2026 707 2082 lacere
730 2027 853 2082 studeto.
879 2028 940 2082 nat.
1028 2029 1099 2082 ltem
1113 2043 1164 2098 pro
1180 2026 1381 2097 temporalibus
1400 2026 1509 2094 decem,
1534 2030 1564 2080 et
1581 2023 1702 2096 viginti,
1727 2023 1811 2078 attri-

127 2122 159 2175 ll.
175 2121 248 2189 Maii,
265 2121 373 2190 Const,
392 2122 462 2176 Just.
480 2122 532 2175 ΡΡ.
546 2123 631 2192 Aug„
648 2119 750 2174 basilio
762 2137 788 2175 v.
812 2138 836 2175 c.
851 2137 940 2191 cons,
993 2120 1072 2191 ginta
1080 2136 1221 2175 annorum
1231 2118 1488 2190 prascriptionibus
1501 2117 1697 2188 praecipimus,
1709 2122 1744 2172 ut
1754 2134 1812 2171 san·

129 2214 287 2286 κατεπέμφθη
302 2217 388 2287 Πέτρῳ
404 2212 512 2287 ἐπάρχῳ
526 2218 698 2288 πραιτωρίων.
992 2212 1043 2267 ctis
1056 2212 1178 2268 ecclesiis
1193 2218 1223 2268 et
1235 2213 1297 2267 aliis
1310 2212 1444 2267 omuibus
1455 2210 1669 2266 venerabilibus
1681 2210 1812 2265 domibus

394 2330 552 2384 NOVELLA
571 2330 676 2383 emp
993 2306 1181 2378 qnadraginta
1196 2306 1333 2361 duntaxat
1343 2321 1485 2360 annorum
1498 2303 1677 2375 prascriptio
1690 2320 1809 2375 oppone.

129 2427 165 2479 De
179 2425 363 2479 ecciesiasticis
377 2423 521 2477 aaronitas
534 2428 559 2476 ct
569 2423 722 2492 prioitepiis
733 2438 793 2492 qua
804 2438 944 2478 samusart·
992 2403 1049 2469 tur,
1072 2400 1171 2455 ⁹⁰d⁸¹¹¹
1192 2399 1245 2455 ¹¹⁰⁰
1259 2398 1443 2455 ⁰¹¹⁵i⁰ffi⁸⁰d⁰
1463 2401 1492 2452 ‘³‘
1510 2397 1541 2452 5¹¹
1555 2396 1697 2500 P⁰tifi⁰¹¹⁰
1712 2397 1812 2468 legat*

228 2563 231 2568 j
361 2499 418 2548 cius
428 2496 574 2563 respiciunt
588 2494 719 2548 ecclesias.
993 2509 1057 2548 rum
1072 2497 1101 2547 et
1114 2493 1311 2548 hereditatum
1326 2492 1361 2546 ad
1376 2492 1438 2564 pias
1451 2507 1549 2546 causas
1562 2491 1742 2545 relictarum.

163 2589 319 2658 Imperator
332 2587 504 2641 lastinianus
521 2588 665 2656 Augustus
677 2587 759 2641 Petro
773 2585 941 2657 gloriosissi·
1028 2589 1168 2642 Praeterea
1189 2585 1212 2640 si
1230 2587 1295 2657 quis
1311 2585 1432 2640 voluerit
1449 2583 1616 2639 venerabile
1635 2582 1811 2638 exedificara

127 2697 174 2736 mo
190 2681 323 2752 praelecto
338 2695 482 2735 sacrorum
495 2678 706 2751 praetoriorum.
992 2678 1490 2748 oratoriumautmonasterium‚uon
1499 2677 1583 2732 aliter
1593 2676 1811 2732 aedificationem

162 2776 333 2829 Praesentem
351 2774 443 2845 tegern
468 2772 503 2826 de
520 2771 713 2827 ecclesiasticis
729 2772 895 2841 canonibus,
915 2776 944 2827 et
992 2773 1119 2844 incipito,
1133 2772 1189 2827 nisi
1206 2773 1332 2828 locorum
1347 2771 1576 2842 religiosissimus
1586 2770 1739 2842 episcopus
1748 2786 1809 2841 pre-

128 2867 293 2938 privilegiis,
311 2883 406 2938 neque
427 2881 486 2919 uon
505 2865 567 2919 aliis
579 2865 708 2937 capitulis
723 2881 787 2936 quar
800 2880 943 2919 sacrosan·
993 2884 1038 2922 ces
1056 2866 1113 2921 illic
1139 2865 1306 2938 profuderit,
1334 2871 1363 2920 et
1387 2865 1543 2937 pretiosam
1567 2880 1686 2919 crucem
1710 2863 1808 2917 fixerit.

130 2966 188 3016 ctas
203 2961 334 3015 ecclesias
347 2964 376 3014 et
390 2959 511 3030 reliquas
529 2958 700 3013 venerabiles
717 2958 815 3012 domos
830 2974 943 3013 eoncer·
993 2961 1075 3016 Certe
1100 2960 1149 3032 qui
1170 2959 1257 3015 semel
1279 2959 1363 3031 erepit
1386 2959 1432 3013 vel
1453 2973 1561 3012 novum
1584 2957 1747 3013 oratorium
1768 2973 1809 3010 cx·

127 3060 210 3121 nunt,
227 3053 406 3124 proferimus.
420 3052 565 3108 Saucimus
574 3052 664 3123 igitur
674 3055 706 3105 nt
715 3051 803 3106 sancti
817 3050 943 3106 ecclesia·
992 3058 1112 3122 struere,
1126 3053 1170 3108 vel
1180 3056 1260 3108 vetus
1274 3051 1564 3122 renovare‚omnihus
1576 3051 1674 3106 modis
1686 3051 1809 3105 abeatis

128 3147 189 3202 stici
203 3162 339 3213 canones,
364 3145 414 3217 qui
435 3162 451 3199 a
473 3145 575 3199 sanctis
593 3148 716 3215 quatuor
737 3144 861 3199 conciliis
880 3100 980 3214 (hocC
992 3147 1066 3202 simo
1079 3147 1205 3202 locurum
1220 3147 1361 3218 episcopo,
1378 3150 1406 3200 et
1418 3142 1574 3201 aeconomis
1588 3145 1655 3215 ejus
1667 3144 1808 3215 magistra·

128 3245 171 3295 est
180 3239 292 3294 Nicaeuo
302 3239 400 3294 decem
413 3242 604 3292 trecentorum
620 3242 648 3292 et
662 3241 734 3306 octo,
746 3238 943 3294 Constantino
991 3245 1079 3312 tuque
1093 3241 1167 3295 civili
1178 3239 1363 3311 compellitur,
1382 3240 1426 3294 vel
1443 3239 1514 3311 ipse,
1531 3239 1554 3293 si
1569 3238 1709 3309 supersit,
1723 3237 1766 3293 vel
1778 3252 1806 3291 eo

128 3334 254 3405 politano
270 3338 385 3386 centnm
401 3331 612 3403 quinquaginta
629 3334 793 3386 sanctorum
810 3334 941 3402 patrum,
992 3340 1106 3390 mortuo
1116 3335 1243 3390 haeredes
1256 3334 1317 3404 ejus
1330 3339 1453 3405 creptum
1469 3344 1541 3404 opus
1554 3332 1706 3403 perlicere.

127 3427 269 3498 Ephesino
280 3425 383 3497 primo,
398 3424 427 3479 in
442 3441 498 3496 quo
510 3425 654 3479 Nestorius
672 3424 877 3479 condemnatus
890 3428 941 3494 est,
1028 3428 1055 3482 Si
1075 3428 1139 3499 quis
1165 3428 1244 3482 dauri
1268 3444 1337 3495 sna,
1361 3431 1410 3481 aut
1434 3426 1465 3480 in
1492 3425 1644 3494 suburbio,
1673 3425 1805 3496 predicis

129 3527 158 3575 et
171 3518 399 3588 Chalcedonensi,
415 3519 443 3572 iu
454 3535 510 3590 qno
521 3519 659 3590 Eutyches
669 3535 734 3573 cum
742 3517 869 3573 Nestorio
879 3533 944 3572 ana·
992 3521 1212 3576 ecclesiasticum
1224 3520 1366 3575 celebrare
1380 3518 1572 3575 ministerium
1587 3519 1804 3589 presumpserit,

128 3614 254 3669 themate
277 3629 428 3684 percussus
447 3614 497 3683 est]
522 3598 642 3682 expositi
656 3612 855 3666 etcunlirmati
876 3614 944 3666 sunt
992 3618 1042 3670 aut
1050 3613 1262 3671 aliiscelebrare
1270 3614 1330 3669 sine
1340 3612 1446 3668 clericis
1454 3611 1675 3683 religiosissimo
1685 3611 1805 3666 locurum

128 3708 220 3762 vicem
231 3707 328 3778 legum
339 3706 495 3761 obtineant.
506 3705 707 3760 Praedictorum
718 3705 826 3776 etenim
837 3710 944 3759 sancto-
992 3708 1122 3779 episcopo
1132 3707 1251 3762 subditis
1265 3706 1441 3774 concesserit,
1449 3705 1589 3775 jubemus
1598 3708 1634 3759 ut
1645 3721 1682 3760 aa
1696 3706 1804 3771 dumus,

128 3816 194 3856 rum
207 3800 390 3855 conciliorum
413 3799 525 3853 decreta
539 3798 655 3869 perinde
671 3801 702 3852 ut
714 3815 808 3853 sacras
821 3797 944 3870 Scriptu-
992 3800 1227 3867 autsnburbium,
1236 3803 1285 3855 aut
1293 3799 1442 3872 predium,
1453 3798 1502 3853 ubi
1511 3798 1565 3853 tale
1575 3798 1648 3869 quid
1658 3797 1805 3853 admissum

129 3909 175 3951 ras
187 3892 372 3963 suscipimus,
387 3895 416 3947 et
434 3907 554 3946 canones
569 3897 599 3945 ut
618 3892 694 3963 leges
706 3891 890 3946 custodimus.
904 3894 944 3946 Ac
992 3894 1086 3965 inerit,
1098 3899 1282 3950 sacrosanctae
1293 3894 1354 3964 ejus
1366 3892 1418 3947 luci
1434 3891 1559 3947 ecclesia
1580 3909 1635 3962 per
1650 3892 1702 3947 Dei
1721 3909 1806 3947 amau·

129 3990 279 4058 propterea
292 3984 435 4039 sancimus
448 3989 479 4038 nt
489 3984 644 4038 secundum
657 4001 755 4039 eorum
765 3984 944 4039 definitiones
992 3989 1134 4044 tissimum
1147 3988 1312 4060 episcopum
1325 3991 1353 4042 et
1362 4001 1541 4041 (economum
1553 3985 1629 4056 ejus,
1645 3986 1806 4056 civilemque

129 4079 320 4135 sanctissimus
340 4077 443 4133 veteris
461 4078 561 4132 Romae
582 4094 655 4148 papa
679 4077 788 4149 primns
815 4077 944 4133 omnium
994 4082 1203 4152 magistratum,
1216 4080 1383 4135 vindicetur.
1396 4079 1511 4144 Quodsi
1520 4078 1679 4150 ignorante
1690 4080 1806 4134 locorum

130 4173 308 4228 sacerdotum
334 4172 380 4240 sit,
413 4169 592 4226 beatissimus
622 4186 689 4224 veru
716 4170 944 4242 archiepiscopus
994 4176 1109 4231 domiuo
1119 4174 1317 4246 procuratores
1325 4174 1394 4244 ejus,
1406 4174 1456 4227 ant
1464 4171 1572 4239 coloni,
1586 4171 1758 4245 inquilinive
1767 4176 1807 4224 aut

131 4265 386 4335 Constantinopolis
401 4280 481 4318 novas
497 4266 592 4319 Romae
607 4263 764 4319 secundum
774 4264 870 4319 locum
881 4267 946 4336 post
994 4269 1187 4340 emphyteutae
1194 4265 1443 4323 huiceoutrarium
1452 4265 1560 4338 aliquid
1570 4266 1808 4335 feceriut,autlie

131 4365 255 4414 sanctam
268 4357 450 4430 apostolicam
464 4357 565 4412 icteris
586 4358 682 4411 Romae
696 4357 792 4412 sedem
806 4357 943 4426 obtineat,
994 4363 1019 4417 ri
1028 4362 1228 4431 concesserint,
1241 4361 1374 4416 dominus
1383 4359 1499 4432 quidem
1514 4359 1572 4414 loci
1581 4359 1701 4415 nullum
1712 4361 1807 4433 praeju-

131 4453 295 4524 caterisqua
310 4451 443 4506 omnibus
457 4451 637 4524 praeferatur.
650 4450 833 4507 -lleatissimns
848 4454 947 4506 autem
957 4466 986 4539 Ι)
998 4457 1103 4512 dicium
1115 4472 1164 4511 seu
1177 4456 1313 4511 damnum
1328 4455 1475 4509 sustineat.
1489 4453 1543 4517 Qui
1557 4469 1628 4509 vero
1643 4453 1676 4508 id
1691 4455 1736 4509 vel
1748 4454 1810 4508 lecc-

130 4552 321 4619 prutempore
331 4544 727 4621 archiepiscopusIustiniana
739 4544 838 4615 prirnae
848 4545 947 4617 patriae
997 4556 1074 4619 runt,
1087 4550 1130 4604 val
1145 4549 1206 4604 lieri
1218 4553 1425 4616 concesserunt,
1436 4563 1468 4602 ex
1483 4545 1632 4617 pruvincia
1647 4547 1700 4603 ubi
1714 4545 1812 4602 hocad-

131 4647 235 4696 nostrae
244 4643 357 4713 semper
366 4638 621 4710 subjurisdictione
631 4655 681 4693 sna
690 4637 795 4693 habeat
803 4638 948 4711 episeopus
996 4645 1114 4700 missum
1128 4644 1182 4699 luit
1196 4643 1354 4715 ejiciantur,
1374 4640 1459 4696 rebus
1477 4641 1612 4711 ipsorum
1633 4644 1812 4697 sacrosancta

130 4739 342 4811 provinciarum
359 4737 448 4793 llaciae
460 4737 687 4805 mediterraneae,
702 4743 729 4792 et
745 4736 834 4791 Daciae
848 4737 944 4809 ripen·
996 4739 1057 4809 ejus
1069 4737 1123 4792 loci
1138 4737 1262 4793 ecclesiae
1278 4735 1462 4792 vindicandis.

131 4833 179 4903 sis,
191 4835 260 4888 item
274 4831 430 4901 Triballeae,
446 4848 478 4885 ac
496 4831 658 4900 Dardaniae,
673 4835 702 4885 et
713 4831 807 4902 Mysiae
822 4831 948 4902 superiu-
1032 4831 1063 4886 Si
1078 4831 1141 4903 quis
1155 4830 1185 4885 ln
1201 4829 1316 4885 nomine
1333 4827 1431 4900 magni
1443 4826 1493 4884 nei
1506 4831 1536 4882 et
1552 4827 1721 4885 Servatoris
1735 4825 1813 4883 nostri

132 4927 182 4995 ris,
201 4932 230 4981 et
244 4926 406 4994 Pannoniae,
421 4929 449 4980 et
461 4924 496 4978 ab
512 4924 572 4995 ipso
585 4925 616 4979 hi
630 4924 814 4995 ordinentur,
829 4925 889 4996 ipse
903 4941 947 4981 ve·
996 4927 1061 4981 lesu
1086 4924 1190 4982 Christi
1211 4923 1407 4979 hereditatem
1432 4925 1482 4979 aut
1501 4921 1634 4991 legatum
1658 4921 1810 4995 reliquerit,

132 5035 164 5074 ro
179 5038 195 5073 a
208 5021 325 5092 propria
340 5018 488 5074 ordinetur
500 5018 605 5089 syuodo
618 5060 625 5087 ,
637 5022 667 5073 et
684 5017 712 5072 in
727 5018 878 5090 provinciis
893 5017 947 5092 ipsi
992 5019 1127 5090 jubemus
1143 5023 1173 5073 nt
1191 5018 1252 5089 ejus
1265 5016 1319 5072 luci
1332 5015 1464 5086 ecclesia,
1478 5014 1509 5069 in
1524 5031 1584 5087 quo
1600 5019 1724 5073 testator
1735 5014 1812 5071 domi·

132 5113 264 5183 subjectis
276 5113 369 5167 locum
384 5117 480 5168 teneat
489 5111 649 5183 apostolicae
663 5110 735 5166 sedis
747 5111 887 5166 Romanae
901 5128 945 5166 se·
996 5114 1093 5169 cilium
1099 5112 1208 5180 habuit,
1222 5113 1351 5167 relictum
1364 5110 1465 5182 capiat.
1476 5108 1504 5164 Si
1513 5108 1580 5180 quis
1589 5125 1686 5165 unum
1695 5110 1810 5182 aliquem

132 5206 258 5262 cundum
283 5223 316 5261 ea
335 5222 399 5278 qua
422 5212 534 5261 sanctus
556 5223 630 5277 papa
651 5204 771 5276 vigilius
793 5204 945 5260 constituit.
996 5224 1011 5263 e
1024 5206 1127 5262 sanctis
1141 5206 1284 5261 haeredem
1296 5203 1440 5275 scripserit
1452 5245 1459 5272 ‚
1480 5206 1530 5258 aut
1551 5204 1684 5276 legatum
1705 5203 1746 5258 illi
1758 5200 1810 5256 reli

133 5300 279 5357 Consimili
289 5299 410 5355 modoet
419 5299 660 5372 archiepiscopale
668 5315 784 5368 munus,
795 5298 872 5370 quod
883 5299 945 5372 epi·
996 5301 1099 5372 querit,
1116 5316 1208 5371 neque
1221 5298 1380 5370 specialiter
1394 5298 1488 5351 locum
1502 5297 1711 5368 nominaverit,
1725 5296 1809 5367 inquo

132 5412 215 5467 scopo
236 5393 416 5449 iustinianeae
436 5393 614 5465 Carthaginis
633 5392 771 5448 Africanae
793 5392 947 5448 diaeceseos
996 5394 1158 5450 venerande
1172 5393 1273 5448 domus
1291 5392 1336 5458 sit,
1357 5391 1540 5446 inveniantur
1555 5396 1659 5446 autem
1677 5392 1708 5446 iu
1721 5389 1808 5446 eodan

133 5490 271 5557 dedimus,
290 5505 323 5543 er
337 5504 393 5559 qno
408 5487 481 5541 neus
495 5488 575 5542 nohis
589 5488 660 5543 banc
676 5488 816 5556 restituit,
830 5503 945 5543 conser-
996 5489 1058 5543 luco
1071 5493 1121 5543 ant
1134 5487 1204 5542 urbe
1219 5487 1299 5559 plura
1315 5484 1437 5540 oraturia
1451 5483 1581 5555 ejusdem
1595 5485 1701 5553 santi,
1715 5483 1754 5539 illi
1765 5497 1807 5554 po·

73 5569 76 5574 ’
132 5583 192 5638 vari
215 5583 359 5654 jubemus.
389 5581 442 5636 Sed
469 5586 497 5634 et
519 5581 580 5634 alise
601 5581 822 5652 civitatesatque
843 5583 946 5637 hurum
996 5581 1268 5652 tiusiedicnluqnae
1285 5578 1436 5652 pauperior
1457 5578 1494 5632 sit
1514 5577 1651 5634 relictum
1664 5578 1806 5651 praebetor.

134 5677 268 5748 episcopi,
281 5676 385 5748 quibus
403 5674 507 5747 possim
524 5674 554 5727 iu
571 5673 687 5731 diversis
705 5676 771 5733 locis
782 5676 830 5746 jus
842 5681 949 5731 metru-
996 5675 1044 5730 Sin
1057 5676 1168 5730 veroin
1181 5691 1214 5730 aa
1226 5674 1298 5730 nrbe
1311 5673 1392 5728 nulla
1404 5671 1479 5728 ades
1493 5670 1642 5728 nominati
1662 5669 1807 5731 sanctini,

116 5770 272 5849 politicum
283 5773 510 5841 concessumest,
518 5768 547 5825 in
556 5772 727 5847 perpetuum
737 5770 791 5825 huc
799 5769 947 5847 privilegio
996 5769 1159 5827 inveniatur
1169 5774 1265 5826 autern
1277 5767 1372 5852 aliurn
1388 5766 1419 5822 in
1432 5764 1581 5823 territmio
1594 5765 1672 5843 ejus,
1685 5765 1726 5822 illi
1738 5763 1809 5821 dator
