3884 6150
75 285 128 342 {on
509 276 545 335 ΙΝ
564 276 682 336 LIBROS
700 274 743 332 DE
762 271 919 333 LITURGIA
936 274 1123 332 GALLIGANA
1142 276 1325 336 PRAEFATIO.
1709 287 1758 345 llo

73 391 173 464 licet)
165 390 276 447 incuria
288 389 394 459 1ιιίι,ιιι
407 388 444 444 ad
455 391 568 443 exteros
577 391 637 441 tam
649 385 786 457 praeclara
795 400 893 439 rerum
905 387 1067 440 nostrarum
1075 389 1250 441 monument
1251 404 1267 441 a
1278 387 1521 446 transferrentur
1533 394 1685 466 actumque
1696 399 1760 455 erat

75 483 112 537 de
126 481 262 553 Liturgiae
278 479 431 536 Gallicanae
447 475 598 543 momoria,
610 475 664 530 nisr
657 474 739 530 h'oec
753 473 895 529 ltlissalia
888 492 919 529 ιιι
931 473 1072 529 doctas
1043 492 1058 529 ι
1060 475 1212 531 teruditas
1224 493 1276 531 nec
1287 477 1407 533 minime
1418 478 1572 537 rnndrosas
1580 485 1767 557 manusrncq

75 571 196 626 dissent.
213 570 276 634 Quo
289 572 372 640 pacto
389 570 450 624 haec
467 566 655 638 migraverint
672 565 825 620 Romam
797 581 878 635 ,Jam
897 563 1028 619 diximus.
1046 565 1154 636 Nempe
1173 565 1229 621 duo
1249 583 1282 621 ιι
1296 567 1340 621 his
1357 585 1410 639 per
1423 571 1636 628 serenissimam
1651 566 1773 632 Suscita
1788 566 1791 571 ’

73 660 211 732 reginam
225 676 259 715 eo
275 659 385 725 delata;
397 658 514 712 tertium
528 673 562 711 ex
575 655 750 710 bibliotheca
759 654 889 709 Palatina
898 653 928 709 in
939 654 1116 708 Vaticanam
1128 656 1163 708 Et
1152 655 1221 710 tilla
1233 656 1350 726 quidem
1361 658 1418 713 duo
1429 675 1463 713 ιι
1472 661 1633 718 Alexandro
1643 664 1759 719 Petavio

73 753 247 821 comparata
259 749 375 804 fucrant
388 767 393 803 :
407 749 461 803 hoc
473 763 540 802 voro
551 745 668 800 tertium
681 761 714 799 ιι
726 745 824 801 lacobi
836 744 984 816 Bongarsii
995 744 1147 799 hoereditat
1135 747 1163 798 te
1175 744 1203 799 in
1215 745 1350 817 principis
1359 748 1480 803 Palatini
1493 754 1666 821 potestatem
1676 769 1760 809 vene·

74 843 132 892 rat.
147 839 230 894 [inde
244 842 341 893 autern
357 839 417 893 haec
429 838 553 910 supellex
565 836 621 890 sive
632 833 756 901 Petavio,
769 834 826 888 sive
837 834 994 906 Dongarsio
1004 834 1179 906 provenerit,
1190 835 1278 890 modo
1289 838 1500 907 exponendum.
1513 841 1575 895 Uno
1585 840 1673 913 verbo
1684 842 1758 911 dico,

75 929 139 983 sere
153 927 248 983 omnis
262 945 296 983 ιι
310 928 484 983 bibliotheca
497 925 679 981 Floriacensi.
696 924 767 978 Rern
783 924 908 979 breviter
923 940 1019 979 narro.
1034 925 1104 979 Cum
1117 940 1194 978 anno
1216 927 1284 979 1562
1300 925 1437 994 haeretici,
1453 930 1671 987 Aurelianorum
1689 932 1759 986 urbo

74 1020 245 1089 expugnata
255 1020 284 1071 et
294 1017 426 1089 expilata,
435 1017 522 1070 etiam
533 1014 656 1069 finitima
667 1013 729 1068 loca
740 1012 906 1084 diriperent,
916 1013 1022 1085 praedae
1031 1012 1105 1068 avidi
1114 1013 1201 1067 etiam
1210 1015 1399 1068 convolarunt
1408 1016 1663 1092 Florianum,cnjus
1671 1020 1760 1076 abbas

75 1106 224 1161 saecularis
237 1110 304 1160 tunc
317 1108 380 1161 erat
392 1106 544 1161 cardinalis
557 1104 765 1170 Castillionens,
778 1106 808 1156 ιι
816 1102 877 1174 ipse
888 1103 1060 1157 accerrimus
1071 1102 1272 1157 haereticorum
1283 1104 1387 1159 fautor.
1401 1105 1468 1159 Huic
1480 1106 1508 1160 in
1519 1109 1617 1178 primis
1627 1113 1760 1180 acceptus

76 1199 141 1251 erat
149 1198 252 1250 Petrus
262 1195 372 1264 Daniel,
384 1196 549 1252 causidicus
560 1194 636 1265 apud
645 1194 815 1249 Aurelianos
826 1192 963 1260 eruditus,
976 1195 1005 1247 et
1016 1192 1201 1248 Floriacensis
1211 1193 1359 1249 Ballivius:
1372 1195 1419 1265 qui
1431 1196 1583 1252 cardinalis
1594 1200 1686 1270 gratia
1696 1199 1761 1254 dex-

75 1288 139 1341 tere
153 1303 231 1353 usus,
243 1284 429 1341 Floriacensis
440 1285 622 1340 Bibliothocae
633 1282 751 1340 Codices
764 1299 831 1337 mss.
845 1282 1089 1353 apraedatoribus,
1102 1282 1204 1353 quibus
1215 1283 1319 1337 nullius
1331 1284 1421 1339 ferme
1434 1285 1515 1355 pensi
1527 1291 1619 1355 erant,
1632 1306 1688 1360 qua
1699 1291 1759 1344 arte

77 1391 136 1445 quo
152 1375 246 1445 pretio
258 1375 342 1429 facile
356 1375 528 1445 impetrarit.
545 1374 593 1428 llis
608 1388 685 1428 anno
704 1374 772 1427 1564
785 1389 818 1426 ιι
831 1387 888 1426 uno
902 1370 1006 1427 horum
1021 1371 1112 1426 Plauti
1123 1372 1315 1440 Aululariam3
1328 1388 1361 1426 ιι
1372 1373 1428 1428 alio
1439 1374 1527 1429 Servii
1539 1378 1761 1436 commentarios

75 1464 108 1517 in
120 1463 272 1534 Virgilium
288 1481 365 1518 anno
380 1467 448 1519 icoo
463 1463 596 1534 vulgavit.
616 1461 684 1534 Lupi
701 1460 890 1517 Ferrariensis
905 1462 1032 1533 epistolae
1047 1461 1173 1532 primum
1187 1478 1221 1515 ιι
1234 1461 1337 1516 ιοιιιιιι
1350 1479 1438 1534 penu,
1456 1467 1541 1536 atque
1555 1467 1657 1521 tustini
1673 1468 1760 1524 editio

76 1554 237 1609 correctior
248 1552 426 1624 prodierunt.
438 1556 521 1607 Anno
539 1555 616 1619 1603,
629 1553 743 1606 mortno
757 1551 884 1618 Daniele,
896 1552 1000 1606 Paulus
1010 1551 1139 1605 Petavius
1151 1555 1267 1607 senator
1276 1552 1452 1622 Parisiensis,
1464 1557 1493 1607 ιι
1501 1556 1623 1610 lacobus
1633 1558 1760 1629 Bongar-

76 1643 146 1711 sius,
161 1643 287 1698 Danielis
302 1643 388 1697 ambo
400 1642 485 1697 amici
502 1645 531 1696 et
544 1642 655 1708 affines,
668 1644 753 1713 pacto
764 1658 829 1695 cum
845 1641 907 1710 eJ'us
916 1641 1080 1695 heredibus
1092 1640 1171 1695 mille
1182 1641 1407 1712 quingentorum
1417 1644 1583 1700 francorum
1593 1646 1697 1717 pretio,
1709 1649 1762 1703 hos

76 1733 168 1788 dhros
181 1732 258 1787 inter
271 1749 300 1787 se
315 1732 412 1804 partiti
426 1734 500 1786 sunt.
518 1730 597 1785 Pauli
612 1731 705 1801 portio
722 1730 884 1785 Alexandro
897 1730 956 1784 filio
972 1730 1073 1784 cessit:
1086 1730 1134 1800 qui
1146 1747 1179 1784 ιιι
1192 1729 1232 1784 ιιι
1241 1731 1364 1786 Andreae
1377 1731 1499 1787 Chesnio
1514 1736 1658 1806 suppetias
1671 1737 1708 1791 ed
1721 1739 1762 1793 in·

77 1821 249 1877 struendam
265 1824 394 1876 veterum
408 1820 506 1876 Gallice
526 1820 697 1891 scriptorum
716 1819 914 1875 collectionem
935 1819 1169 1887 subministravit,
1184 1836 1322 1890 suamque
1343 1820 1460 1875 demum
1477 1826 1606 1878 veterum
1625 1826 1762 1883 Codicum

77 1915 193 1983 partem
207 1912 397 1966 serenissima
407 1910 558 1967 Christinae
568 1908 706 1964 vendidit.
720 1909 891 1980 Dongarsius
901 1909 1021 1981 publicis
1032 1909 1067 1964 ab
1078 1909 1199 1964 Henrioo
1209 1910 1242 1965 lV
1254 1910 1428 1966 Francorum
1437 1927 1506 1982 rege
1517 1912 1593 1983 apud
1604 1914 1762 1972 Germanos

78 2000 205 2072 negotiis
220 2000 364 2069 admotus,
378 2017 442 2054 earn
457 2016 521 2072 quea
536 1999 589 2053 sibi
605 1999 767 2070 contigerat
778 1999 942 2070 portionem
958 2001 1192 2069 Argentoratum,
1205 1999 1253 2053 ubi
1268 1999 1394 2054 residere
1410 2000 1508 2055 solitus
1519 2006 1589 2071 erat,
1603 2005 1762 2060 convehen-

78 2089 146 2145 dam
158 2090 283 2156 curavit;
296 2106 418 2160 eamque
431 2089 549 2144 demum
559 2089 680 2160 hospitae
691 2105 748 2144 suae
760 2088 835 2160 (quae
846 2088 1053 2160 Lugdunensis,
1063 2092 1092 2142 et
1102 2088 1253 2159 gemmarii
1265 2089 1390 2143 hominis
1399 2106 1470 2145 uxor
1480 2091 1551 2162 erat)
1562 2092 1631 2161 lilio,
1643 2094 1761 2150 nomine
1872 2154 1878 2159 ,

78 2179 244 2245 Graniccto,
261 2182 434 2235 testamento
455 2178 569 2250 legavit.
586 2181 685 2251 ltaque
706 2195 771 2233 cum
791 2179 911 2234 Lutetiae
926 2178 1099 2234 Parisiorum
1121 2194 1198 2233 anno
1221 2181 1288 2233 1612
1309 2179 1480 2250 Bongarsius
1501 2196 1534 2234 ex
1554 2181 1656 2237 morbo
1674 2182 1761 2239 decu·
1853 2196 1856 2208 ’

78 2268 197 2336 buisset,
214 2268 348 2340 princeps
366 2268 521 2336 Palatinus,
540 2267 604 2324 lani
622 2268 736 2323 Gruteri
754 2268 963 2325 bibliothecarii
985 2267 1026 2322 sui
1049 2284 1196 2339 persuasu,
1215 2268 1362 2339 Bongarsii
1381 2269 1527 2324 librariam
1545 2272 1761 2342 supellectilem,

78 2359 266 2430 Argentorsti
278 2359 417 2427 relictam,
428 2361 580 2413 numerata
590 2359 713 2430 pecunia
723 2359 909 2431 comparavit,
921 2357 989 2413 etin
999 2358 1203 2413 bibliothecam
1214 2374 1294 2413 suam
1306 2357 1577 2431 heidelbergensem
1587 2361 1763 2433 comportari

79 2448 198 2503 curarit.
214 2448 343 2520 Denique
358 2449 433 2503 bello
449 2448 526 2502 inter
539 2448 753 2503 Ferdinandum
768 2448 974 2521 imperatorem
986 2451 1015 2502 et
1027 2447 1209 2503 Fredericum
1219 2450 1372 2503 electorem
1383 2448 1553 2519 palatinum,
1565 2450 1615 2523 qui
1625 2450 1661 2505 de
1670 2467 1761 2523 regno

81 2538 226 2593 Dohemioe
246 2538 444 2605 decertabant,
463 2540 577 2606 exort03
592 2539 742 2593 Davaricus
759 2540 901 2610 princeps,
918 2539 994 2594 facto
1013 2537 1042 2592 in
1055 2537 1249 2593 Palatinatum
1268 2537 1387 2609 impetu,
1407 2554 1545 2610 magnam
1567 2539 1629 2610 ejus
1649 2544 1762 2612 partem

80 2627 239 2699 occupavit,
256 2627 477 2699 Heidelbergem
492 2645 568 2682 anno
585 2630 653 2684 1622
666 2629 695 2682 in
710 2645 791 2683 snam
804 2630 977 2699 potestatem
991 2627 1114 2698 redegit,
1130 2627 1218 2682 libros
1233 2626 1349 2682 abstulit
1361 2644 1395 2681 ex
1409 2627 1593 2698 bibliotheca,
1609 2630 1761 2702 plerosque
1870 2644 1872 2649 ·

80 2733 195 2772 summo
209 2716 338 2788 pontifici
352 2716 489 2788 Gregorio
504 2718 547 2771 AV
567 2717 643 2772 dono
661 2716 750 2785 dedit,
766 2716 796 2771 in
816 2717 983 2772 Vaticanam
1005 2716 1210 2771 bibliothecam
1229 2715 1349 2770 taudem
1371 2716 1474 2770 illatos.
1496 2718 1561 2772 Haec
1579 2718 1762 2775 bibliothecas

79 2805 268 2861 Floriacensis
280 2807 407 2873 fortuna,
423 2807 539 2877 qualem
552 2806 704 2861 didicimus
719 2823 751 2860 ιι
765 2789 955 2877 iuteg'errimo
970 2804 1030 2859 viro
1045 2804 1151 2859 laoobo
1164 2805 1197 2860 de
1210 2806 1296 2869 Giuet,
1311 2804 1387 2875 apud
1398 2805 1567 2860 Aurelianos
1580 2805 1660 2878 regio
1674 2806 1761 2862 advo·

80 2897 155 2949 cato.
171 2894 243 2949 Hinc
256 2895 398 2965 conjicere
411 2895 486 2962 licet,
501 2894 556 2950 tria
571 2896 632 2951 haec
645 2895 771 2950 missalia
787 2911 820 2949 ιιι
834 2894 1021 2950 Floriacensis
1037 2893 1218 2949 bibliotheca
1235 2893 1419 2950 distractione
1437 2895 1560 2951 Romam
1578 2894 1698 2952 tandem
1710 2912 1761 2969 ap·

80 2984 197 3055 pulisse,
211 2987 296 3057 atque
312 2984 417 3056 duplici
430 2985 475 3039 via
489 2984 561 3039 istuc
571 2985 777 3057 commigrasse
793 3001 858 3040 cum
873 2983 935 3040 aliis
950 2984 1081 3056 ejusdem
1095 2983 1277 3039 bibliothece
1289 2983 1377 3040 libris.

113 3245 169 3302 ΧΠ.
185 3245 250 3300 llaec
263 3244 389 3301 missalia
404 3262 470 3302 cum
483 3244 661 3302 Lectionario
675 3249 773 3301 nostro
788 3245 940 3317 conjuncta
953 3248 1045 3302 totam
1058 3244 1270 3318 propemodum
1279 3243 1383 3300 veteris
1393 3242 1486 3302 missae
1496 3244 1648 3302 GaDicanae
1658 3243 1763 3306 seriem

81 3335 167 3390 nobis
177 3338 398 3407 representant.
409 3337 471 3391 Duo
486 3339 600 3391 tantum
612 3336 822 3405 desiderantur,
835 3353 938 3408 nempe
951 3335 1075 3408 capitula
1086 3337 1134 3390 illa
1144 3337 1332 3404 Psalmorum,
1345 3335 1501 3391 aliarumve
1511 3352 1599 3391 sacrae
1609 3337 1763 3410 Scripturae

78 3424 233 3493 librorum,
249 3442 313 3497 quae
329 3429 389 3480 tum
403 3425 441 3480 ad
455 3426 549 3481 missae
562 3425 686 3496 initium,
698 3431 761 3482 tum
775 3429 841 3498 post
854 3426 1036 3498 propheticas
1047 3429 1076 3481 et
1085 3424 1255 3497 apostolicas
1265 3424 1411 3494 lectiones,
1424 3442 1457 3479 ac
1470 3429 1599 3496 tempore
1610 3426 1763 3482 oblationis

79 3514 148 3569 cani
162 3531 227 3570 mos
237 3518 299 3569 erat
310 3532 317 3570 :
329 3518 359 3569 et
368 3516 462 3571 forma
472 3516 634 3585 verborum,
647 3515 749 3588 quibus
761 3516 939 3571 consecratio
949 3516 1049 3588 peragi
1062 3519 1203 3570 censetur.
1216 3517 1364 3570 Ganonem
1374 3513 1491 3586 quidem
1502 3513 1595 3569 missae
1605 3532 1657 3586 pro
1669 3515 1763 3588 singu·

79 3604 115 3658 lis
128 3603 223 3659 missis
236 3603 389 3675 diversum,
406 3605 457 3660 sed
472 3606 671 3661 brevissimum
686 3606 801 3661 exhibet
812 3605 920 3662 Dissale
935 3605 1244 3676 Gothico-gallicanum
1261 3621 1268 3659 :
1283 3606 1312 3658 at
1324 3619 1390 3658 cum
1406 3603 1442 3658 ad
1454 3602 1515 3658 haeo
1529 3604 1625 3673 verba,
1640 3607 1693 3673 Qui
1700 3609 1762 3677 pri·

79 3694 127 3748 die
140 3709 223 3763 quum
232 3699 382 3764 poteretur,
396 3699 515 3750 ventum
529 3699 582 3764 est,
594 3696 753 3767 sequentia,
768 3713 832 3768 quae
847 3694 1094 3750 consecrationem
1107 3694 1254 3750 continere
1269 3693 1423 3761 debebant,
1436 3695 1575 3765 tanquam
1586 3709 1620 3748 eo
1631 3696 1763 3766 tempore

78 3782 222 3852 vulgaria,
237 3799 295 3838 uno
310 3788 358 3839 ιιι.
372 3785 667 3856 comprehenduntur.
684 3788 785 3841 Morem
797 3786 956 3841 catholicum
969 3785 1022 3840 bac
1037 3784 1110 3839 inre
1125 3801 1142 3838 a
1156 3783 1260 3839 nostris
1279 3782 1461 3838 observatum
1475 3784 1597 3838 testatur
1611 3783 1763 3856 Gregorius

76 3870 110 3926 in
127 3887 192 3942 cap.
209 3874 241 3926 lii
254 3870 290 3926 de
303 3872 372 3927 Vitis
385 3875 511 3929 Patrum.
529 3876 663 3930 Formam
674 3875 895 3932 Ambrosianum
913 3875 944 3930 in
958 3875 1040 3947 panis
1055 3873 1269 3929 consecratione
1291 3858 1452 3927 ιιιιιιιιίιιιιι
1468 3872 1555 3927 fuisse
1573 3889 1632 3929 non
1650 3873 1761 3929 dubita·

75 3976 159 4014 mus.
175 3960 223 4013 Est
234 3963 331 4017 autom
344 3962 509 4034 hujusmodi
524 3981 530 4019 :
544 3968 599 4021 Hoc
611 3968 649 4021 est
663 3968 733 4020 enim
745 3981 841 4037 corpus
854 3981 951 4032 meum,
966 3964 1038 4035 quod
1049 3980 1099 4034 pro
1112 3964 1186 4019 uobis
1198 3965 1393 4032 confringetur.
1410 3962 1539 4027 Quatuor
1555 3966 1702 4034 postrema
1713 3979 1762 4019 ro·

76 4047 188 4104 cabula
200 4047 279 4119 (narn
297 4050 332 4104 de
345 4051 487 4122 prioribus
503 4054 581 4107 nulla
599 4053 761 4126 difficultas)
776 4054 891 4109 aGallis
907 4053 1011 4109 nostris
1025 4052 1123 4108 addita
1135 4052 1222 4107 fuisse
1238 4051 1305 4106 inde
1318 4051 1487 4122 colligimus,
1505 4050 1583 4123 quod
1600 4051 1630 4106 in
1653 4051 1763 4108 duabus

73 4139 150 4210 post
162 4152 273 4193 sacram
285 4139 429 4194 actionem
443 4141 629 4211 orationibus,
642 4143 672 4198 in
681 4143 783 4215 quibus
796 4160 862 4198 mox
875 4144 958 4199 iactae
972 4142 1194 4197 consecrationis
1205 4142 1237 4196 nt
1246 4141 1376 4212 specialis
1387 4144 1416 4195 et
1429 4143 1540 4195 attenta
1552 4156 1762 4195 commemora-

73 4228 135 4294 tio,
152 4227 262 4281 mentio
276 4227 403 4299 injicitur
418 4229 453 4284 de
465 4233 603 4299 confracto
616 4233 718 4288 Christi
732 4250 862 4305 corpore,
876 4234 916 4288 uti
932 4236 961 4287 et
976 4232 1011 4287 de
1027 4231 1168 4304 sanguine
1179 4233 1272 4302 effluo.
1287 4230 1370 4295 Quod
1383 4229 1490 4284 indicio
1504 4232 1556 4296 ost,
1567 4230 1686 4283 verbum
1700 4244 1762 4285 con-

71 4318 222 4386 {riarum
234 4315 264 4370 in
278 4320 493 4376 consecratione
508 4323 591 4394 panis
604 4324 783 4394 praemissum
796 4323 893 4392 fuisse,
911 4322 951 4377 uti
964 4325 992 4377 et
1003 4323 1155 4393 emendetur
1164 4321 1194 4376 in
1207 4319 1423 4376 consecratione
1433 4318 1537 4372 calicis.
1549 4318 1674 4389 Uterque
1685 4319 1763 4374 locus

74 4407 124 4460 est
141 4403 172 4458 in
183 4403 286 4461 ldissali
301 4408 420 4465 Gothico
438 4428 444 4467 :
462 4415 491 4467 et
505 4413 615 4483 primus
631 4414 748 4484 quidem
761 4413 791 4468 in
810 4414 898 4468 missa
914 4413 948 4467 de
966 4413 1118 4467 Nativitate
1134 4411 1248 4466 Domini
1262 4413 1326 4465 Post
1341 4412 1443 4464 secreto
1456 4424 1464 4462 ι
1479 4408 1628 4472 Credimus,
1643 4411 1763 4473 Domine,

73 4494 232 4550 moenium
247 4501 338 4567 tuum3
353 4501 492 4557 recolimus
502 4506 655 4573 passionem
670 4509 755 4559 tuam.
771 4507 872 4575 Corpus
888 4509 963 4560 tuum
982 4506 1012 4558 in
1023 4506 1193 4574 peccatorum
1211 4505 1362 4557 nostrorum
1375 4500 1557 4553 remissionem
1574 4500 1762 4566 matronium:

72 4586 197 4653 unguis
213 4591 319 4642 sanctus
337 4592 399 4644 tuus
417 4592 447 4644 in
457 4595 577 4662 pretium
594 4598 691 4650 nostre
704 4594 895 4665 redemptionis
908 4593 1005 4664 effusus
1018 4597 1066 4648 est.
1079 4593 1143 4645 llaec
1157 4590 1255 4646 omnia
1268 4588 1356 4643 rerba
1368 4587 1405 4643 ad
1421 4587 1599 4660 praemissam
1614 4603 1763 4644 consecra·

76 4671 175 4728 tionis
189 4672 314 4730 sormam
327 4678 493 4735 referuntur
509 4698 515 4736 :
529 4681 560 4737 in
576 4699 633 4753 qua
645 4683 706 4737 haec
718 4683 834 4738 recitari
846 4683 977 4738 solebant
990 4681 1027 4737 ad
1040 4680 1187 4752 utriusque
1201 4679 1324 4752 symboli
1339 4677 1585 4733 consecrationem
1601 4695 1608 4733 ι
1622 4681 1684 4734 Haec
1697 4693 1763 4748 quo-

77 4766 239 4834 tioecquue
250 4768 377 4833 feceritis,
391 4772 421 4825 in
439 4773 494 4827 mei
503 4776 660 4828 memorium
674 4776 791 4840 focutis.
805 4773 886 4829 Unde
899 4772 1032 4828 sacerdos
1042 4771 1083 4825 ait
1096 4788 1102 4826 :
1116 4772 1254 4827 recolimus
1264 4771 1417 4841 passionem
1426 4773 1512 4824 tuom.
1523 4768 1648 4823 Verbum
1660 4768 1765 4833 confra-

76 4859 159 4910 ctum
171 4854 213 4923 (ut
227 4872 294 4911 mox
309 4857 484 4933 dicebamus)
497 4861 534 4918 ad
548 4864 749 4933 confringetur,¹
763 4864 861 4934 effusus
876 4861 912 4918 ad
926 4862 1079 4933 effundetur
1091 4863 1210 4932 spectat.
1220 4860 1265 4916 Sic
1279 4875 1344 4914 cum
1359 4858 1463 4913 affectu
1475 4857 1608 4912 sacerdos
1619 4856 1706 4911 verba
1716 4871 1764 4927 ge-

78 4943 219 4999 minabat
231 4950 296 5017 post
308 4950 432 5014 Sanctus,
447 4952 572 5007 subdens
584 4969 591 5007 :
605 4955 672 5010 Vere
680 4959 797 5018 sanctus,
812 4969 871 5010 vers
884 4954 1044 5016 benedictus,
1055 4955 1109 5006 etc.
1121 4952 1201 5006 Alter
1210 4951 1288 5006 locus
1299 4952 1341 5003 est
1352 4948 1382 5003 in
1392 4948 1479 5002 missa
1490 4945 1666 5014 dominicali,
1676 4962 1705 4999 n.
1718 4947 1762 5016 78,

81 5031 137 5088 uhi
146 5035 211 5090 Post
222 5042 332 5103 ιιιιιιι,
347 5040 479 5096 sacerdos
492 5041 533 5095 ita
545 5045 678 5113 precatur
692 5061 698 5099 :
716 5044 865 5108 credimus,
878 5046 998 5106 Domine,
1014 5043 1145 5098 credimus
1157 5044 1187 5096 in
1199 5042 1249 5096 boc
1265 5040 1445 5107 confractione
1458 5039 1585 5107 corporis,
1600 5040 1626 5091 et
1638 5035 1764 5104 effusione

80 5125 128 5177 Μ’
137 5128 281 5195 numnis
292 5143 340 5185 nos
352 5144 405 5186 esse
418 5130 578 5202 redemptos.
591 5133 755 5189 Pronomeu
771 5135 821 5189 boc
835 5132 954 5188 denotet
969 5132 1047 5203 prius
1065 5133 1172 5187 iactam
1188 5147 1249 5186 esse
1267 5130 1457 5197 confractionis
1471 5125 1661 5181 mentionem.
1677 5123 1761 5181 Simi-

80 5211 151 5266 liter
164 5213 195 5267 in
208 5219 425 5274 consecratione
438 5220 533 5276 calicis
548 5227 734 5293 precesserat
746 5223 855 5279 mentio
871 5222 1020 5294 sanguinis
1031 5222 1111 5293 efflui
1122 5239 1129 5278 :
1141 5221 1199 5277 sive
1216 5218 1318 5275 eadem
1332 5217 1419 5273 fuerit
1433 5218 1527 5273 forma
1542 5231 1607 5271 cum
1621 5214 1762 5282 Romane,

82 5301 145 5356 sive
158 5303 255 5375 potius
268 5305 371 5362 eadem
383 5325 449 5365 cum
463 5311 647 5382 llozarabica,
664 5330 728 5385 que
741 5313 781 5369 sic
793 5313 966 5368 efferebatur
983 5328 989 5367 :
1004 5315 1053 5370 Hic
1067 5317 1106 5369 est
1117 5312 1191 5367 cotis
1201 5313 1265 5366 noui
1276 5310 1438 5366 Testamenti
1449 5310 1479 5362 in
1491 5308 1623 5377 sanquine
1634 5321 1702 5369 meo,
1717 5305 1767 5375 qui

80 5393 220 5464 prosodia
232 5399 258 5450 et
268 5412 321 5468 pro
334 5399 427 5455 multu
439 5401 591 5471 effundetur
603 5405 633 5458 in
647 5406 826 5460 remissionem
836 5407 1016 5475 peccatorum.
1031 5402 1103 5459 Cum
1114 5399 1306 5457 Ambrosiana
1318 5399 1379 5454 haec
1393 5400 1508 5452 tantum
1521 5396 1651 5463 haberet,
1665 5396 1714 5451 Dic
1726 5395 1765 5448 est

83 5483 155 5539 enim
166 5487 281 5556 tongum
298 5489 458 5546 menalion
478 5491 539 5548 brec
559 5495 621 5548 erat
635 5493 696 5548 sino
712 5492 799 5549 dubio
815 5492 892 5565 apud
910 5493 1004 5549 Gallos
1023 5493 1118 5547 forma
1136 5491 1289 5546 verborum
1303 5489 1333 5545 in
1348 5487 1444 5544 calicis
1455 5484 1681 5553 consecratione,
1698 5495 1761 5554 quse

85 5572 206 5631 verbum
220 5574 374 5648 emendetur
387 5580 563 5653 continebat,
579 5584 610 5639 ut
624 5599 658 5639 ιι
672 5583 814 5657 superiori
824 5583 998 5658 repetitione
1013 5582 1193 5654 intelligitur.

120 5818 188 5881 ml.
201 5818 269 5882 Dore
282 5824 349 5883 sunt
361 5837 425 5899 que
439 5820 556 5901 pretori
565 5826 656 5886 risum
673 5832 716 5885 est
734 5823 772 5886 ad
790 5827 989 5905 exponendam
1005 5827 1128 5890 instituti
1142 5827 1234 5887 nostri
1250 5827 1394 5886 rationem
1414 5824 1450 5882 ds
1462 5821 1593 5894 Litargia
1604 5815 1773 5883 ostrum,
