3878 6150
137 218 189 272 asi
388 288 391 293 ¹
565 187 754 266 'sineri
772 203 995 273 ammanitis,
1014 204 1138 262 anani
1156 204 1320 263 rancia.
1491 190 1495 197 ’
1770 208 1824 263 isa

139 318 437 395 sanctissimajejaaii,
450 317 590 391 obsequii,
603 315 783 385 hamilitatis,
794 315 952 384 charitatis,
964 313 1124 399 Asarcina.
1134 315 1248 386 Aquam
1256 313 1292 370 de
1302 316 1391 386 pateo
1398 312 1533 372 hahebat
1542 311 1825 388 atdispeniahatpar

138 410 845 483 laborisetcruciatusiarvanterindeptasil,siquis
853 412 955 486 cancta
1003 409 1126 465 vascula.
1141 407 1209 465 Olus
1218 423 1356 481 purgans,
1369 409 1507 481 legumen
1519 408 1629 478 lavans,
1640 407 1711 465 flatu
1723 409 1824 467 iocum

138 505 953 586 percurreret,ipsampraedicarettamcont'essoremquam
1003 502 1164 572 vivificans;
1188 505 1218 557 at
1233 505 1266 558 ut
1281 501 1456 575 decoqueret
1469 519 1558 571 escas,
1577 502 1729 575 satagebat
1747 518 1823 561 axia·

136 610 309 678 martyrem.
318 603 392 674 Ergo
402 600 598 656 venerabilem
614 601 719 671 praeter
731 598 809 654 diem
824 598 953 654 Domini·
1004 599 1111 652 stuans.
1126 597 1199 652 Vasa
1213 596 1250 652 de
1262 597 1327 653 foco
1339 595 1730 668 ipsalsvans,discas1avani
1742 598 1825 656 etin·

138 694 474 757 aumtaitsacratissimae
485 693 580 750 omnis
593 693 654 748 dies
668 691 735 765 [Al.,
747 693 881 749 amnibus
896 693 954 749 dis·
1003 691 1110 747 terens.
1124 691 1195 747 llinc
1209 689 1420 749 consummatis
1435 690 1571 747 conviviis
1582 691 1646 763 ipsa
1659 691 1824 749 vmcuhdi·

138 791 348 865 bustejuniam
360 788 566 845 :lenticulaevel
575 785 756 859 alerispropa
767 786 869 859 jejuna
880 787 954 841 rete-
1004 787 1095 853 luens,
1106 801 1233 856 purgans
1249 784 1511 856 nitidecoquinam,
1522 784 1662 858 quidquid
1671 786 1823 842 eratlutu·

137 887 208 954 ctio;
220 901 279 941 non
288 899 381 950 avem,
392 883 501 955 piscem
509 883 554 938 vel
563 880 954 954 pomum‚velovumhabens
1003 880 1114 936 lentiam
1124 879 1322 935 larebattoras
1331 877 1361 933 in
1372 878 1467 935 lacum
1477 877 1662 951 designatum
1674 879 1747 951 [At.
1761 879 1824 937 inia

137 980 274 1037 edulium.
292 977 377 1035 Panis
390 993 457 1032 vero
468 976 638 1031 deliciarum
653 974 825 1048 segalatium
835 974 890 1030 luit
904 976 954 1031 aut
1002 972 1198 1046 purgaminal.
1209 972 1513 1046 lndeperoegrotantes
1522 971 1823 1030 inserensnecassaria

137 1070 614 1144 hordeaceum,quemabscansnm
625 1068 799 1126 subiladone
809 1068 952 1137 sumebat,
1002 1065 1131 1122 ibatnon
1144 1065 1244 1137 tepida
1258 1069 1287 1121 et
1295 1065 1463 1137 priusquam
1471 1065 1614 1137 exciperet
1621 1066 1822 1124 melanciam

136 1183 174 1224 na
187 1166 250 1240 quis
262 1165 432 1239 perciperet.
440 1166 503 1220 llaec
515 1163 569 1219 fuit
579 1161 752 1234 etiampotio
762 1178 838 1234 aqua
848 1163 951 1230 mulsa,
1002 1160 1143 1231 regulam,
1162 1158 1347 1216 hebdomada
1363 1158 1563 1214 subtransacta
1578 1158 1758 1215 sufficienter
1784 1159 1823 1217 ad

32 1320 36 1329 ,
135 1261 286 1333 piracium,
303 1258 353 1314 sed
366 1257 479 1314 modice
493 1258 583 1314 libata
597 1256 743 1313 sitibunda
757 1255 880 1328 potatio.
1003 1252 1540 1321 omnescalidamiaciebat,humilitate
1546 1251 1822 1325 sanctissimapedcs

170 1358 215 1410 22.
228 1353 325 1409 Prima
334 1368 449 1424 quoque
464 1351 702 1424 Quadragesima,
720 1366 778 1422 qua
790 1366 821 1405 se
837 1348 954 1405 reclusit
1002 1352 1100 1408 lavans
1113 1353 1141 1405 el
1151 1351 1282 1406 osculans
1297 1349 1429 1405 etadhua
1442 1365 1545 1406 omnes
1557 1341 1703 1421 prostrata
1717 1349 1820 1422 depra-

135 1449 166 1505 in
177 1447 289 1516 cellula,
300 1445 501 1502 danectuisset
510 1448 666 1512 transacta,
678 1443 954 1516 panisnansumpsit
1002 1443 1245 1501 cabaturveniam
1255 1443 1433 1515 negligentia
1444 1459 1496 1516 pra
1511 1443 1674 1500 commissa.

136 1539 254 1607 cibaria,
269 1538 324 1594 nisi
337 1538 383 1594 die
398 1537 559 1606 Dominica,
574 1537 626 1592 sed
635 1540 749 1592 tanturn
762 1536 874 1592 radicas
885 1536 951 1590 her·
1038 1542 1082 1595 25.
1097 1541 1196 1611 ltaque
1209 1541 1274 1610 post
1284 1540 1329 1595 tat
1341 1537 1453 1594 labores
1465 1553 1537 1610 quas
1551 1536 1606 1593 sibi
1625 1554 1727 1609 paenas
1743 1539 1820 1595 into·

133 1634 247 1702 barum,
265 1635 316 1689 aiit
331 1634 410 1688 olera
424 1631 460 1687 de
484 1631 587 1686 malvis
610 1630 671 1686 sina
695 1630 752 1686 olei
780 1633 871 1702 gutta,
891 1630 953 1685 sine
1002 1632 1078 1701 larit,
1096 1634 1125 1687 et
1138 1631 1201 1705 ipsa
1215 1647 1280 1704 ques
1289 1647 1358 1686 voce
1368 1631 1458 1687 refert
1470 1631 1672 1703 perhorrescit.
1687 1631 1821 1697 Quadam

135 1729 193 1784 sale
205 1725 375 1798 composita.
384 1727 579 1797 Verumaquae
591 1727 651 1780 tato
660 1696 991 1795 jejunionecsumensB
1003 1726 1063 1782 vice
1079 1726 1148 1781 dum
1158 1725 1211 1781 sibi
1224 1726 1298 1781 latas
1311 1727 1370 1780 tres
1384 1725 1505 1781 circulos
1514 1725 1625 1781 terreos
1638 1725 1822 1792 diebusoua·

132 1822 193 1878 duo
208 1818 339 1887 sextaria,
354 1819 421 1874 hinc
433 1821 515 1873 tanta
528 1816 574 1873 siti
586 1817 747 1886 laborabat,
772 1821 803 1872 ut
824 1817 954 1873 faucibus
1004 1819 1173 1892 dragesima
1186 1820 1260 1875 collo
1274 1820 1318 1873 vel
1328 1818 1452 1874 brachiis
1465 1817 1572 1887 nexuit,
1585 1822 1615 1874 et
1628 1821 1688 1874 tres
1702 1821 1822 1876 catenas

135 1913 298 1981 desiccatis,
325 1912 371 1968 rix
392 1913 536 1985 psalmum
562 1911 671 1967 diceret
693 1909 784 1966 aride.
822 1910 952 1967 Ciliciam
1002 1913 1133 1969 inserens
1147 1913 1223 1968 circa
1236 1929 1320 1968 suuni
1335 1928 1438 1984 corpus
1452 1912 1521 1968 dum
1535 1912 1684 1985 alligasset
1692 1913 1819 1982 eahicts,

132 2007 221 2064 etiarn
235 2006 346 2063 habeus
357 2005 395 2062 ad
409 2022 512 2078 corpus
523 2021 576 2077 pro
590 2005 680 2060 linteo
696 2003 821 2075 jugiter:
837 2019 952 2060 cursum
1001 2007 1116 2063 inclusit
1132 2007 1238 2063 durum
1257 2007 1367 2061 ferrum
1387 2022 1454 2062 caro
1473 2008 1575 2061 tenera
1589 2022 1818 2078 supercrescens.

133 2102 291 2158 decantans
315 2099 475 2172 peragebat
496 2098 626 2171 vigilias:
664 2100 730 2152 anta
762 2114 792 2152 se
822 2097 952 2152 cinerem
1002 2102 1036 2156 El
1054 2103 1199 2156 transacto
1213 2099 1819 2171 jejuniocumroluissetcatenassubcuta

133 2197 256 2250 suatum
277 2193 439 2265 superjecta
460 2191 562 2261 cilicio,
578 2192 633 2247 hoc
644 2191 779 2246 utebatur
792 2207 845 2262 pro
863 2191 952 2246 lectu·
1001 2195 1113 2250 clausas
1129 2193 1280 2249 extrahere
1297 2209 1351 2248 nac
1365 2194 1483 2262 valeret,
1496 2208 1563 2248 caro
1576 2209 1631 2265 per
1641 2191 1763 2250 domam
1777 2198 1819 2251 at·

131 2289 160 2343 lo
172 2303 179 2342 :
193 2287 256 2359 ipsa
265 2286 380 2359 requies
393 2286 545 2359 fatigabat,
560 2285 605 2341 cui
621 2300 723 2357 parum
734 2283 885 2339 videbatur
897 2283 952 2339 hoc
1002 2304 1058 2360 qua
1069 2289 1169 2360 pectus
1184 2303 1269 2360 super
1285 2287 1395 2342 terrum
1411 2289 1580 2343 catenarum
1596 2289 1642 2342 est
1656 2287 1751 2344 incisa
1769 2304 1820 2361 per

132 2380 273 2436 sorbuere
288 2380 488 2452 corpusculum
501 2378 549 2452 (a).
1000 2380 1139 2436 circulum
1154 2382 1188 2435 ut
1200 2379 1317 2452 sanguis
1328 2380 1408 2435 fusus
1429 2378 1467 2435 ad
1481 2381 1641 2435 extremum
1658 2380 1820 2438 exinaniret

166 2476 211 2530 2³.
226 2473 328 2529 Adhuc
337 2472 534 2528 monachabus
544 2471 678 2529 omnibus
687 2470 889 2544 soporantibus
897 2472 951 2527 cal·
1000 2473 1211 2546 corpusculum.

130 2569 284 2623 caementa
304 2568 422 2639 tergens
440 2570 470 2621 at
490 2581 612 2637 ungens,
633 2564 885 2620 retransmittebat
899 2580 952 2636 per
1036 2571 1081 2623 26.
1101 2565 1170 2622 lude
1186 2565 1247 2621 vice
1267 2566 1319 2621 sub
1335 2567 1434 2634 altera,
1442 2565 1528 2637 jussit
1539 2566 1605 2622 fieri
1627 2567 1772 2625 laminam
1789 2569 1818 2626 in

130 2661 267 2734 singulas.
281 2659 351 2716 Aliis
364 2658 594 2732 quadragesimis
611 2658 648 2731 (b)
670 2658 779 2730 aliquid
796 2657 951 2714 relaxatius
1000 2659 1083 2733 signa
1093 2659 1196 2716 Christi
1207 2658 1663 2733 aurichalcam,quamaceensam
1675 2662 1708 2718 in
1719 2662 1818 2719 cellula

128 2751 949 2827 [Al.relaxans]quintateriasumebat,deindeDaminica.
1000 2753 1725 2827 lacisduobuscorporiselliussibiimpressit,tata
1733 2772 1817 2813 carna

130 2849 203 2903 Nam
210 2847 354 2919 etreliqua
361 2850 491 2918 tempora
497 2845 671 2918 priaterdies
679 2846 949 2918 paschalasacsum·
1001 2847 1128 2904 decocta.
1141 2847 1187 2904 Sic
1203 2847 1304 2919 spiritu
1315 2846 1484 2903 flammante
1495 2849 1816 2907 membrafaciebatar·

131 2957 188 2995 mia
201 2940 370 3008 festivitatis,
388 2940 481 2996 donec
492 2939 646 2995 infirmitas
658 2938 799 3011 permisit,
809 2938 839 2992 iii
853 2938 950 2993 cinere
1000 2940 1079 2996 dere.
1093 2940 1193 2996 Adhuc
1211 2939 1321 3011 aliquid
1331 2939 1445 3013 gravius
1462 2941 1492 3004 in
1502 2958 1533 2997 sa
1546 2941 1608 3014 ipsa
1620 2943 1726 2999 tortrix
1737 2960 1816 3000 exco-

129 3031 951 3104 etciliciosempervitamduxiteusteram.Priuaselevans
1000 3034 1105 3106 gitans,
1119 3051 1178 3089 ana
1188 3033 1487 3105 quadragesimarum,
1496 3052 1582 3108 super
1591 3039 1816 3110 austerumjeja·

131 3130 162 3181 ut
176 3126 312 3198 psalleret
327 3142 414 3197 quam
429 3124 619 3197 congregatio
632 3125 809 3180 surrexisset.
825 3124 898 3179 Nem
913 3123 950 3180 de
1000 3128 1083 3182 nium
1095 3126 1195 3182 etsitis
1211 3126 1328 3182 torridis
1347 3127 1513 3197 cruciatum,
1534 3129 1628 3185 adhuc
1645 3130 1719 3187 lima
1736 3131 1815 3187 cilicii

130 3218 233 3275 officiis
244 3218 505 3286 monasterialibus,
518 3217 589 3273 nihil
602 3216 655 3273 sibi
665 3217 780 3289 placuit,
792 3217 846 3272 nisi
855 3217 950 3289 prima
999 3220 1132 3276 membra
1146 3224 1248 3276 tenera
1257 3221 1437 3293 setisasperis
1443 3221 1610 3295 dissipante,
1617 3223 1814 3297 jubatpartari

130 3311 258 3378 serviret,
271 3315 300 3367 et
312 3312 374 3384 ipsa
384 3329 414 3367 se
429 3311 588 3384 castigabat
598 3311 621 3367 si
635 3311 744 3367 bonam
754 3313 819 3382 post
829 3312 950 3367 alteram
1000 3313 1183 3386 aquamanile
1194 3313 1233 3386 (d)
1248 3314 1415 3370 ardentibus
1426 3317 1543 3388 plenum
1551 3316 1739 3374 carbonibus.
1750 3318 1814 3374 llinc

129 3409 240 3478 egeret.
251 3407 327 3478 Ergo
338 3405 395 3462 suis
404 3405 513 3461 vicibus
523 3421 645 3478 scopans
656 3404 825 3460 monasterii
839 3406 950 3476 plateas
1000 3406 1212 3463 discedentibus
1224 3407 1344 3480 reliquis
1360 3408 1498 3465 membris
1510 3409 1738 3483 trepidantibus,
1756 3410 1812 3468 ani·

130 3499 215 3554 simul
231 3504 260 3554 et
270 3500 401 3572 angulos,
417 3498 558 3571 quidquid
569 3501 632 3553 erat
643 3498 753 3554 laedam
767 3514 904 3570 purgans,
921 3502 952 3554 et
1000 3517 1066 3556 mus
1082 3503 1213 3556 armatur
1226 3501 1263 3557 ad
1277 3517 1404 3573 poenani,
1421 3505 1545 3558 nactam
1564 3504 1633 3576 quia
1648 3521 1710 3561 non
1724 3509 1813 3562 essent

129 3592 256 3650 sarcinas
275 3609 347 3665 quas
360 3593 406 3648 alii
428 3593 549 3648 horrent
566 3590 673 3660 videre,
695 3608 754 3647 non
776 3591 951 3647 abhorrebat
999 3593 1207 3666 persecutionis
1225 3597 1365 3668 tempora,
1386 3612 1404 3650 a
1425 3612 1454 3650 se
1466 3599 1497 3651 ut
1509 3597 1593 3652 lieret
1604 3601 1729 3671 martyr.
1742 3600 1812 3655 Inter

129 3685 420 3741 eveheresecretum
431 3686 520 3740 etiarn
529 3701 655 3757 purgare
666 3702 739 3757 opus
750 3702 809 3740 non
819 3685 947 3754 tardans,
999 3687 1061 3743 haec
1080 3691 1110 3742 ut
1131 3687 1319 3759 refrigeraret
1341 3692 1402 3744 tam
1422 3690 1582 3745 ferventem
1604 3691 1750 3760 animum,
1773 3693 1811 3748 ia·

128 3778 334 3849 sedoccupans
347 3777 567 3852 [At.,scopans];
577 3780 674 3834 terens
682 3778 798 3834 faetores
805 3779 948 3849 stercoris,
999 3782 1123 3837 candere
1137 3797 1241 3854 corpas
1257 3781 1406 3850 deliberat,
1432 3784 1552 3856 apponit
1569 3784 1629 3840 iera
1650 3785 1811 3855 madentia,

127 3870 264 3926 credebat
278 3888 308 3926 se
324 3870 467 3927 minorem
480 3871 543 3938 sibi,
557 3871 581 3926 si
594 3888 701 3927 sanan
719 3872 886 3929 nobilitarat
905 3874 948 3928 vi·
999 3875 1128 3932 Strident
1149 3875 1282 3931 membra
1304 3876 1472 3945 cremantia,
1492 3877 1674 3934 consumitur
1696 3881 1813 3948 cutiaat

129 3964 210 4019 litate
223 3963 339 4019 servitii.
355 3963 446 4037 Ligna
458 3967 631 4037 supportans
640 3964 774 4034 brachiis,
788 3966 885 4022 locum
900 3967 950 4023 tla-
998 3969 1110 4037 intima,
1127 3985 1184 4042 quo
1199 3969 1296 4041 attigit
1307 3969 1403 4038 ardor,
1414 3970 1447 4024 fit
1457 3970 1544 4026 fassa.
1558 3970 1670 4028 Tacans
1682 3974 1758 4046 tegit
1772 3974 1810 4030 to·

130 4057 206 4113 tibus
219 4059 248 4112 et
257 4057 413 4130 forcipibus
427 4057 593 4127 admovens,
605 4058 702 4113 calens
714 4075 768 4114 nac
781 4059 850 4114 lasa
862 4076 891 4114 sa
901 4076 947 4116 ra·
998 4063 1124 4118 ramina:
1144 4063 1194 4118 sed
1216 4065 1448 4134 computrescens
1467 4064 1584 4136 sanguis
1608 4066 1812 4123 manifestabat

129 4152 257 4219 trahens,
269 4154 349 4207 extra
359 4151 882 4208 suainhebdomadaminfirmantibus
892 4169 949 4209 sar·
998 4156 1076 4228 qaod
1098 4173 1151 4212 vox
1177 4173 1235 4212 non
1260 4156 1402 4230 prodebat
1416 4157 1444 4212 in
1460 4174 1556 4229 poene.
1572 4157 1620 4215 Sic
1636 4160 1751 4217 femina
1764 4175 1810 4234 pro

128 4244 217 4301 viena.
230 4246 380 4318 lpsacibos
391 4246 565 4318 decoquens,
577 4244 693 4318 aegrotis
715 4246 803 4302 iacies
816 4246 947 4317 abluens,
996 4250 1100 4307 Christi
1113 4250 1275 4319 dulcedine,
1285 4252 1330 4306 tot
1346 4267 1447 4306 amara
1464 4251 1588 4307 libenter
1603 4254 1728 4327 accepit.
1747 4254 1811 4310 llinc

128 4337 190 4410 ipsa
199 4340 325 4395 calidum
340 4340 503 4413 porrigens,
517 4339 652 4396 visitabat
665 4356 737 4412 quos
759 4340 884 4409 lavabat,
901 4340 946 4413 je·
997 4347 1092 4400 actum
1107 4347 1159 4413 est,
1174 4349 1205 4400 ut
1214 4342 1362 4417 quodipsa
1371 4344 1523 4414 abdiderit,
1537 4345 1592 4402 hoc
1603 4347 1809 4404 miraciilauaa

125 4432 198 4503 juna
213 4434 485 4491 redienscellulam.
955 4437 1135 4510 Dtacarent.

164 4528 208 4581 24.
221 4527 293 4582 lllud
303 4544 418 4600 quoque
434 4528 498 4600 quis
516 4528 647 4601 explicet,
659 4531 766 4601 quanta
777 4527 890 4584 terrore
903 4544 948 4583 ex·
1034 4530 1452 4603 27.ltaquematronaGislaadi
1460 4531 1811 4604 precarianomineltella,

127 4618 215 4674 citata
226 4620 263 4675 ad
273 4622 428 4693 coquinam
437 4622 650 4678 concursitabat
658 4621 854 4678 suainiaciens
864 4621 949 4695 septi·
997 4624 1048 4681 sed
1061 4626 1149 4698 longa
1159 4626 1286 4682 cecitate
1296 4625 1468 4695 miserrima,
1481 4625 1594 4698 rogavit
1603 4642 1635 4696 aa
1648 4627 1687 4684 de
1699 4629 1813 4686 Fraude

127 4714 949 4789 manain?Deniquenullamonacharumnisiipsadepos·
996 4719 1118 4774 Pietatis
1130 4719 1167 4775 ad
1182 4722 1288 4775 sanctae
1304 4719 1369 4775 duci
1384 4719 1486 4775 devote
1498 4719 1698 4791 presentiam.
1712 4724 1810 4790 Quam,

128 4807 195 4863 ticio
211 4808 256 4880 (c),
278 4812 419 4880 quautam
437 4809 509 4881 ligni
522 4826 595 4881 opus
610 4812 683 4879 erat,
706 4810 767 4865 sola
785 4809 899 4866 ferebat
916 4809 947 4866 in
997 4813 1064 4868 licet
1076 4811 1292 4882 tardeexorata,
1305 4813 1359 4868 sibi
1370 4813 1558 4869 fecitoccurri
1567 4815 1811 4886 pertetrienoclis

162 4927 473 5000 talitpadSuriamista
482 4929 638 4985 addantur:
646 4930 947 5002 Nonttlamati‘qaando
966 4968 968 4971 -
997 4928 1107 5000 Saepius
1120 4929 1150 4983 in
1160 4929 1318 5000 posteriore
1327 4929 1432 4986 adium
1444 4933 1525 5002 parte
1533 4930 1675 4988 locatum.
1683 4932 1811 4991 Porticia·

124 4999 213 5054 mattis
219 5002 317 5070 pluma
325 5003 446 5070 nitrimt,
455 5017 541 5072 neque
556 5003 721 5058 linteaminis
731 5003 803 5056 nitor
813 5003 948 5057 instriiai't
996 5000 1039 5056 ria
1053 5004 1096 5055 est
1106 5016 1170 5072 quae
1179 5017 1278 5056 curam
1288 5000 1540 5073 habetrecipiandi
1550 5018 1585 5056 ea
1595 5018 1661 5074 quaa
1671 5003 1703 5060 in
1713 5020 1809 5062 mona·

126 5071 264 5126 dionisam
278 5088 333 5142 qua
353 5074 491 5129 traebiam
509 5073 644 5137 indonet,
667 5089 722 5128 noa
742 5073 868 5135 babebat,
892 5074 948 5128 atsi
996 5070 1114 5127 sterium
1126 5071 1325 5143 deportantur,
1337 5071 1664 5146 attransmittendiquie
1671 5075 1811 5133 transmit

126 5141 200 5211 qnod
212 5142 245 5196 da
264 5145 353 5211 ealtqa
366 5160 416 5199 saa
430 5145 484 5199 sibi
496 5144 565 5199 duas
577 5146 641 5213 fecit
656 5145 788 5200 manicas.
800 5143 854 5201 Sed
866 5145 907 5198 ita
918 5159 946 5200 se
995 5145 1104 5210 tantur,
1122 5144 1207 5215 vulgo
1221 5144 1249 5198 la
1257 5147 1373 5200 tonridre
1387 5147 1419 5199 ut
1432 5143 1584 5199 btenardus
1598 5150 1701 5202 noster
1712 5147 1810 5220 probat

126 5213 273 5276 tractabat,
296 5220 328 5269 ut
343 5215 398 5270 liaec
410 5231 458 5270 nec
471 5216 610 5271 abbatissa
621 5217 744 5271 sentiret.
756 5213 826 5279 Qua
839 5213 944 5270 desunt
995 5213 1025 5268 in
1039 5214 1179 5296 Concord.
1196 5214 1432 5297 Regul.,cap.61,
1445 5214 1461 5298 5
1477 5216 1519 5269 14.

126 5281 155 5335 in
168 5282 260 5336 [lodd.
274 5300 342 5339 insa.
359 5287 431 5340 etex
441 5286 490 5341 lib.
501 5302 532 5355 ii,
547 5303 626 5342 nuni.
643 5289 669 5355 8,
690 5286 888 5341 desumuntur.
1030 5284 1070 5356 (d)
1084 5284 1158 5351 Quid
1169 5285 1206 5340 sit
1215 5287 1411 5357 aquamanile,
1428 5285 1564 5341 discimus
1579 5303 1614 5341 ex
1633 5287 1738 5344 ordine
1756 5290 1808 5346 llo·

161 5352 943 5438 (blhliasquadragesimasdequadragesimaadventus
995 5371 1093 5437 mano,
1108 5355 1157 5411 ubi
1169 5356 1238 5427 agit,
1261 5357 1386 5481 qualiter
1404 5356 1612 5413 celebrandum
1631 5359 1670 5414 sit
1684 5360 1807 5417 citimam

125 5423 241 5480 Domini
252 5425 371 5499 aliisque
382 5429 559 5500 explicarunt
569 5429 740 5500 quiSurium
751 5443 942 5484 recensuere:
993 5443 1103 5483 missac:
1118 5430 1268 5498 aqnamam'
1280 5443 1302 5491 a,
1319 5430 1366 5484 boc
1381 5433 1420 5485 est
1436 5443 1485 5484 aas
1499 5430 1639 5494 manicata
1663 5431 1753 5503 pelvis
1765 5431 1805 5487 ai·

125 5497 155 5550 at
165 5496 201 5551 de
214 5486 277 5552 aliis
288 5499 518 5572 quadragesimis
527 5517 597 5627 ques
608 5503 675 5556 ante
685 5501 792 5556 Pascha
805 5500 871 5571 post
881 5498 939 5570 pri-
994 5498 1100 5579 mirum
1116 5501 1198 5624 aptus
1214 5498 1389 5624 exequendis
1402 5498 1483 5572 aquis
1493 5516 1528 5554 ex
1537 5516 1681 5586 manarum
1691 5502 1805 5560 lotione.

123 5584 202 5622 mam
213 5568 244 5624 in
254 5571 528 5643 claustroexegitlta
549 5572 682 5641 agundis,
693 5571 869 5627 hunclocum
882 5586 943 5626 esse
993 5569 1126 5637 Isidorus,
1152 5569 1189 5625 ib.
1205 5586 1225 5626 ii
1239 5571 1271 5626 ot
1280 5587 1327 5639 ιο,
1341 5587 1401 5643 cap.
1418 5574 1468 5627 l0:
1484 5570 1528 5626 Ab
1548 5572 1740 5630 ambidtaeono
1755 5590 1809 5644 sm-

123 5639 375 5712 interpretandum
392 5646 484 5699 textus
497 5643 660 5698 consecutio
677 5642 769 5698 docet.
990 5641 1075 5713 plinm
1088 5656 1167 5711 aqua
1186 5658 1245 5697 aim
1256 5643 1428 5713 aquamanili
1441 5648 1467 5698 et
1487 5645 1691 5714 momontum
1710 5661 1807 5774 Ἥ

1705 5734 1746 5781 nn

158 5711 191 5778 (ο)
210 5713 367 5777 ranorum,
390 5713 486 5786 inquit
503 5713 605 5785 Papias
625 5713 654 5768 in
677 5713 822 5781 Vacabat,
839 5718 878 5770 est
904 5714 942 5768 la·
992 5726 1062 5766 mas.
1075 5711 1144 5766 liele
1158 5728 1227 5785 erga
1239 5713 1423 5786 aquamanile
1434 5730 1500 5770 cum
1509 5713 1652 5776 urceolos
1665 5732 1704 5777 no

122 5785 180 5836 tens
197 5785 295 5842 ostiam
314 5788 354 5844 stc
367 5785 468 5843 dietam
489 5785 563 5856 quoa
583 5788 714 5842 remam
729 5786 766 5842 stt
787 5785 941 5857 apntlr'ao,
992 5782 1186 5840 contunditur.
