3884 6150
158 281 211 342 όῖῖ

574 284 756 340 JUSTlelNl
777 284 941 343 noveles:
960 283 1126 339 SELECTAE.
1147 284 1301 341 NOVELLA
1321 280 1397 338 xliii.

1791 280 1843 344 ott

200 403 311 472 Πρᾱγμοι
328 395 373 448 ούκ
386 397 458 459 ἄηθες
472 395 592 470 βασιλείᾳ
606 401 648 448 καί
663 399 731 469 ἡμεῖς
748 401 914 472 πράττοντες,
932 395 973 450 tar
985 403 1014 477 Α
1059 393 1148 448 Carta
1167 407 1279 449 Phineu.
1293 423 1328 434 ·-
1341 394 1411 448 llum
1432 409 1488 449 non
1508 392 1652 448 insolitam
1672 387 1791 464 imperio
1813 395 1843 450 el

157 497 204 546 τόν
220 494 337 564 παρόντα
353 487 504 562 ίληλύθαμεν
516 494 602 562 νόμον.
617 493 719 551 Ὁσάκις
729 493 779 565 γὰρ
794 493 809 549 ό
824 499 873 544 τῶν
890 492 973 566 ἱερέων

157 582 238 656 ψῆφος
259 602 330 643 τινας
351 590 400 634 τῶν
420 583 465 635 ούκ
485 581 560 646 ἀξίων
586 591 629 643 της
650 586 785 658 ἱερωσύνης
806 591 855 637 τῶν
879 584 975 660 ἱερατι-

157 687 209 730 κῶν
233 674 384 729 κατεόίόασε
405 677 514 751 θρόνων,
539 678 624 730 όποῑον
649 673 680 736 δὴ
705 683 844 752 Νεστόριόν
867 697 904 744 τε,
931 683 974 731 καί

159 772 277 841 Εὐτυχῆ.
294 774 387 844 Ἀρειόν
407 788 443 834 τε,
466 773 509 822 καί
527 765 695 836 Μακεδόνιον,
712 775 756 822 καί
780 771 913 844 Εὐνόμιον,
931 776 974 824 καί

158 863 251 923 ἄλλους
267 858 298 921 δὴ
313 882 383 922 τινας
401 863 434 923 εἰς
451 867 541 915 κακίαν
562 862 735 924 ούεοέλάττους
754 862 864 929 ἐκείνων,
879 884 976 920 τοσαυ-

158 959 231 1016 τάκις
249 958 263 1014 ἡ
281 954 402 1028 βασιλεία
427 953 560 1028 σύμψηφος
581 959 668 1029 γέγονε
689 964 720 1029 τῇ
744 965 793 1009 τῶν
818 959 902 1033 ἱερέων
930 957 974 1010 αύ-

158 1050 256 1119 θεντίορ,
279 1048 345 1100 ὥστε
367 1049 400 1100 τὰ
424 1048 537 1122 θειότερα
559 1066 597 1112 τε,
619 1053 662 1100 καί
684 1046 832 1123 ἀνθρώπινα
855 1045 973 1124 συνδρα-

157 1145 242 1214 μόντα
259 1145 320 1213 μίαν
341 1143 488 1212 σύμφωνίαν
507 1149 562 1201 ταῖς
583 1140 666 1216 ὀρθαῖς
685 1143 842 1201 ποιήσασθαι
863 1139 970 1214 ψόφοις·

159 1239 260 1291 'onnia-r
282 1229 313 1291 δή
334 1253 360 1285 τι
382 1238 424 1284 καί
445 1234 554 1305 ἔναγχος
572 1238 704 1307 γενόμενον
723 1239 782 1309 περί
797 1241 917 1311 Ἀντηίου
934 1237 975 1286 ἴσ-

156 1344 215 1397 μεν,
242 1324 400 1379 ἀπελαθέντα
420 1329 465 1403 μὲν
483 1333 528 1379 τοῦ
547 1336 590 1389 τῆς
610 1323 744 1401 βασιλίδος
766 1331 860 1388 ταύτης
880 1326 974 1387 πόλεως

158 1418 250 1492 θρόνου
264 1422 335 1493 παρά
352 1424 494 1491 Ἀγαπητοῡ
509 1426 554 1471 τού
569 1428 612 1481 τῆς
627 1421 698 1480 ὁσίας
712 1425 755 1472 καί
769 1416 886 1492 ἀοιδίμου
904 1425 974 1492 μνή-

157 1530 207 1582 μης
220 1507 346 1586 προέδρου
367 1518 498 1584 γεγονότος
513 1521 557 1574 τῆς
571 1514 637 1566 κατὰ
651 1519 696 1574 τὴν
719 1512 893 1588 πρεσόυτίραν
909 1518 974 1567 Ῥώ-

156 1623 208 1677 μην
231 1601 373 1676 ἁγιωτάτης
389 1606 546 1672 Ἐκκλησίας,
568 1608 610 1659 οἷα
631 1625 658 1660 τε
677 1608 744 1660 κατὰ
763 1604 860 1680 μηδένα
879 1613 973 1683 τρόπον

157 1695 229 1766 αύτῷ
255 1702 412 1771 προσήκοντι
439 1700 510 1773 παρὰ
535 1702 634 1760 πάντας
662 1703 720 1760 τούς
744 1699 840 1770 εύαγείς
867 1705 974 1761 κανόνας

1024 507 1074 545 nos
1087 490 1275 555 iacientes‚ad
1288 497 1459 562 prensantem
1472 490 1601 544 venimus
1612 491 1714 561 legem.
1726 490 1841 555 Quoties

1024 585 1101 639 enim
1117 585 1295 641 sacerdotum
1310 584 1449 639 sententia
1457 584 1597 655 quosdam
1607 585 1742 655 indignos
1755 602 1844 640 sacer

1024 679 1102 733 dotio
1112 679 1239 734 demeris
1248 678 1362 733 sedibus
1375 678 1506 749 deposuit
1521 678 1772 749 (irrremadrnodum
1787 679 1841 734 Ne-

1024 772 1152 842 storium,
1168 772 1333 844 Eutychem,
1349 773 1462 840 Arium,
1478 772 1682 837 llacedoninm,
1700 777 1729 826 et
1749 774 1841 829 linito·

1024 867 1125 933 mium,
1140 883 1172 920 ae
1184 866 1322 937 quosdam
1339 865 1407 921 alios
1425 865 1461 920 nd
1477 865 1658 936 iniquitatem
1675 882 1731 938 uon
1746 866 1840 922 mino·

1024 978 1070 1016 res
1083 961 1156 1029 illisi,
1172 960 1255 1016 toties
1275 960 1428 1031 imperinm
1444 960 1569 1030 ejusdem
1591 960 1739 1014 sententia.
1753 965 1779 1014 et
1794 976 1840 1016 01·-

1024 1054 1177 1109 dinationis
1189 1070 1255 1107 cnm
1276 1053 1458 1109 sacerdotum
1478 1053 1646 1108 auctoritate
1660 1053 1723 1107 luit.
1740 1053 1842 1124 Sicqno

1025 1148 1118 1202 divina
1132 1152 1160 1202 et
1173 1148 1299 1202 humana
1308 1147 1417 1218 pariter
1430 1147 1628 1201 concurrentia
1639 1162 1727 1201 uuam
1741 1164 1841 1202 conso-

1024 1241 1152 1296 nantiam
1168 1241 1252 1295 rectis
1267 1241 1415 1295 sententiis
1429 1240 1519 1295 secere
1537 1257 1543 1294 :
1560 1240 1802 1311 quemadmodum
1815 1243 1843 1296 et

1024 1352 1118 1408 nuper
1131 1335 1235 1389 iactum
1249 1351 1309 1389 esse
1322 1333 1579 1402 eircahutbimom
1594 1334 1707 1400 seimus,
1718 1334 1767 1405 qui
1778 1333 1842 1407 qui·

1024 1430 1089 1484 dem
1106 1429 1231 1499 dejectus
1246 1433 1288 1483 est
1302 1428 1337 1482 de
1359 1427 1426 1482 sede
1439 1427 1524 1497 hujus
1545 1427 1633 1498 regiae
1647 1427 1724 1482 urbis
1737 1434 1842 1483 sanetae

1025 1529 1052 1579 et
1073 1523 1202 1594 gloriosae
1224 1521 1368 1576 aremorica
1383 1520 1503 1591 Apapito
1524 1520 1706 1575 sanctissima
1721 1522 1842 1577 ecclesia

1024 1617 1149 1688 antiqua
1163 1617 1261 1670 Romae
1275 1614 1425 1687 pontifice3
1441 1631 1475 1669 eo
1489 1613 1565 1684 quod
1584 1614 1664 1668 nullo
1679 1613 1766 1668 modo
1789 1613 1842 1669 sihi

1025 1710 1079 1782 ipsi
1102 1709 1281 1765 convenienti
1304 1708 1410 1780 (contra
1434 1723 1534 1762 omnes
1559 1707 1798 1778 sacroscanones)
1813 1722 1842 1762 se

157 1784 387 1847 3²³“⁶⁷‘¹i3l'⁶“‘³“
413 1791 504 1865 θρόνῳ,
528 1799 598 1864 κοῑίέ
625 1786 651 1843 δέ
675 1789 749 1945 lm
776 1798 822 1844 τοῦ
843 1810 871 1844 ‘⁸
895 1777 1177 1858 airrissinuuserat
1198 1803 1267 1868 sedi,
1294 1803 1343 1857 sed
1370 1806 1398 1857 et
1418 1800 1565 1856 communi
1591 1801 1732 1854 sententia
1755 1801 1842 1870 ipsius

157 1887 203 1939 τῆς
225 1879 300 1952 ἀγίοες
320 1879 422 1954 μνήμης
443 1878 535 1957 ἀνδρὸς
548 1887 682 1958 πρότερον,
692 1884 974 1962 ηαζγρόν-καίγτηςέν-

158 1972 602 2114 welcumeston-aidan,
612 1972 863 2049 ιιαταδεδικασμένον
872 1996 917 2044 ιε,
924 1983 974 2041 ,καί
980 2036 983 2040 ,

158 2064 499 2164 ”Qfflifflffltttma‘n
515 2069 602 2142 ephon
624 2065 914 2143 ἀπεφοίταδογμάτων,
930 2075 974 2124 καί

158 2157 194 2216 οῖς
208 2162 332 2232 πρότερον
351 2160 510 2230 πολλαχόθεν
529 2160 641 2232 ἐφαίνετο
658 2163 782 2236 στέργων,
798 2169 881 2215 ταῦτα
899 2162 973 2216 ύστε-

157 2266 201 2320 ρον
227 2245 354 2325 διαφόροις
378 2250 501 2326 ἀπέφευγε
523 2257 671 2328 περινοίαις,
690 2259 906 2327 προσποιούμενος
927 2258 972 2327 μὲν

158 2348 214 2401 ταῖς
236 2346 377 2418 τέσσαρσιν
401 2344 486 2417 ἁγίαις
509 2342 624 2406 συνόδοις
642 2343 797 2412 ἀκολουθεῖν,
820 2355 851 2418 τῇ
875 2365 901 2398 τε
922 2355 972 2399 τῶν

158 2428 209 2491 τιν’
227 2439 346 2510 Πατέρων
366 2446 414 2489 των
435 2439 460 2489 ἐν
480 2444 586 2509 Nisaia,
609 2447 640 2511 τῇ
662 2457 689 2491 τε
712 2447 761 2491 τῶν
784 2459 799 2514 ρ
818 2443 860 2491 καί
882 2445 905 2489 ν’
922 2445 972 2491 τῶν

160 2522 184 2574 ἐν
208 2531 290 2601 ταύτῃ
314 2537 345 2610 τῇ
367 2525 498 2602 εὐδαίμονι
521 2530 602 2604 πόλει,
620 2539 651 2603 τῇ
670 2549 697 2582 τε
718 2538 767 2582 τῶν
785 2528 810 2582 ἐν
832 2534 928 2601 Ἐφέσῳ
943 2535 973 2582 τό

158 2625 259 2689 πρῶτον
284 2623 464 2691 συναχθέντων
486 2619 523 2688 τ’,
542 2631 572 2696 τῇ
597 2642 625 2675 τε
645 2631 694 2674 τῶν
716 2622 831 2693 θεοφιλῶν
853 2627 971 2696 Πατίρων

1008 2101 1057 2167 eo
1075 2083 1181 2154 quoda
1205 2082 1290 2138 rectis
1324 2100 1340 2136 o
1363 2099 1407 2136 ma
1422 2099 1429 2135 1

1024 1901 1127 1952 saneta
1150 1895 1297 1952 memoria.
1320 1895 1370 1950 riri
1396 1896 1531 1967 primum,
1553 1894 1842 1979 wemma

1023 2009 1036 2045 s
1056 1990 1122 2045 nodi
1134 1990 1180 2045 hic
1193 1980 1342 2045 celebrata
1358 1986 1847 2071 ⁰⁰¹¹deffl¹1f¹lfflfflfll93llflffllh

1443 2061 1522 2083 ’Μ’
1582 2079 1842 2151 sit·,etquaeprius

1024 2156 1298 2246 nushffligere
1319 2175 1476 2241 videbatur,
1501 2174 1561 2228 haee
1585 2173 1700 2227 demum
1725 2171 1843 2227 dirersis

1022 2269 1236 2324 lustrationibus
1270 2266 1434 2339 [fraudibus]
1471 2266 1561 2337 lugit;
1596 2265 1732 2320 simulans
1763 2264 1842 2335 sequi

1024 2368 1134 2418 sanctas
1148 2366 1271 2434 quatuor
1285 2361 1408 2432 synodos
1421 2360 1626 2429 (trecentorum
1641 2358 1770 2412 videlicet
1791 2358 1838 2412 de·

1023 2473 1085 2511 eem
1100 2462 1129 2512 ct
1143 2461 1204 2510 octo
1224 2456 1338 2510 Patrunr
1353 2454 1382 2508 in
1396 2454 1507 2521 Nicaea,
1524 2459 1552 2508 et
1570 2457 1684 2534 eentum
1698 2452 1841 2522 quinqua-

1024 2551 1101 2622 ginta
1115 2550 1144 2604 in
1158 2550 1211 2603 hac
1223 2548 1297 2603 felici
1310 2548 1422 2603 civitate
1430 2566 1439 2616 ς
1456 2552 1484 2602 et
1496 2547 1525 2601 in
1542 2547 1652 2617 Epheso
1666 2545 1759 2615 primo
1773 2560 1841 2599 cou-

1024 2647 1207 2714 gregatornm
1217 2643 1417 2708 ducentorum,
1425 2647 1452 2696 ct
1463 2647 1661 2696 sexcentorum
1671 2638 1788 2709 triginta
1798 2653 1842 2693 re·

158 2716 207 2758 “²³''
224 2707 249 2760 θ
263 2708 407 2770 Χαλκηδόνι
420 2709 476 2783 ai’·
496 2714 533 2767 0¹³
547 2719 596 2787 rii
610 2722 662 2773 aa
676 2717 771 2766 τούτων
786 2709 898 2786 δίεισι
912 2734 974 2766 ²²⁷·
1023 2735 1329 2790 neustrianorum
1350 2734 1379 2788 in
1394 2733 1590 2800 charcedone).
1606 2735 1641 2786 aa
1660 2731 1775 2802 qurum
1789 2746 1841 2785 nec

158 2800 312 2910 “Mlm‘f’l’
336 2806 392 2912 ⁰32}
418 2810 462 2913 {ll
489 2804 835 2879 ίόίῖίθαίίίίαίθίωπίαίν
859 2808 901 2856 καί
926 2808 971 2863 τὴν
1022 2829 1143 2882 istorum
1157 2827 1292 2898 dogmata
1307 2826 1397 2896 sequi,
1414 2842 1466 2881 nec
1480 2831 1606 2883 nostram
1620 2824 1803 2878 elementiam
1813 2825 1843 2877 et

158 2894 364 3001 ff'Jmssm’
377 2917 406 2955 ην
419 2899 463 2949 σιὰ
477 2904 522 2956 τὴν
538 2898 616 2950 αὐτοῦ
631 2901 759 2971 “mim
773 2898 877 2968 ἔχομεν’
891 2915 973 2970 πίω·
1022 2922 1254 2987 condescensum,
1270 2936 1354 2990 quem
1369 2923 1486 2991 propter
1504 2918 1592 2990 ipsius
1610 2918 1730 2971 salntem
1752 2915 1840 2970 habc-

158 2989 280 3095 ῗξςπῗθαι
294 2987 433 3097 βουλῗθιὶῦ
451 2985 507 3095 ffb&
527 2989 745 3094 &receptiorem
763 2989 837 3050 αὐτοί
851 2994 909 3050 τοὺς
922 2998 972 3043 “³’'
1021 3015 1132 3080 bamus,
1146 3014 1289 3084 suscipere
1303 3012 1391 3067 voluit
1398 3030 1407 3080 ς
1421 3028 1515 3082 neque
1528 3011 1587 3082 ipse
1599 3009 1729 3064 abdicare
1742 3014 1840 3063 aueto-

157 3078 269 3186 ΨΜ,
283 3076 417 3152 &ww
445 3087 576 3157 “?Z”7⁰'³‘
603 3085 660 3141 τοὺς
688 3086 738 3134 υπὸ
766 3089 815 3132 τῶν
843 3082 971 3154 προτέρων
1022 3125 1067 3163 res
1080 3107 1235 3178 impiorum
1247 3105 1486 3177 dogmatum,qni
1496 3102 1715 3177 priusasanctis
1727 3101 1842 3172 synodis

157 3176 238 3243 α’ίίων
260 3170 448 3246 εκςῖςλημὲνουῗ
470 3171 584 3227 Μήδων
602 3194 608 3205 ’
625 3169 915 3247 ἀλγοῖόίῑπςχίῆναι
930 3176 972 3223 ²⁰¹²
1022 3201 1129 3272 expulsi
1153 3201 1281 3268 lucrant3
1310 3200 1357 3254 sed
1384 3199 1494 3270 putarit
1527 3202 1657 3268 oportere
1683 3195 1840 3250 secundum

157 3271 208 3368 “³3
231 3267 297 3316 κατὰ
312 3269 404 3318 ταυτὸν
423 3271 465 3318 ”²²
484 3266 509 3319 5⁹
530 3270 594 3337 ἴστῳ
618 3270 675 3326 τοὺς
698 3260 969 3370 καταὼδαασίάῖὀυῦ
1021 3294 1115 3366 ipsum
1137 3298 1165 3348 et
1178 3293 1209 3347 in
1223 3293 1327 3363 aequali
1341 3292 1442 3346 ducere
1456 3295 1485 3345 et
1498 3290 1713 3355 condemnatos,
1730 3292 1758 3340 ct
1772 3302 1839 3341 con·

156 3375 216 3417 ‘w‘
238 3375 265 3410 τ’
289 3353 511 3420 καταδικάσαντας
535 3360 616 3430 57²²*
643 3357 726 3420 'Anat
746 3358 796 3430 ίὰί
817 3364 872 3416 ταῖς
893 3355 971 3408 ὥθ’
1022 3388 1210 3442 damnatores.
1223 3386 1293 3440 Nam
1310 3385 1395 3438 semel
1407 3383 1534 3437 alienisa
1554 3381 1729 3436 sanctissima
1743 3377 1838 3435 Eccle-

111 3487 120 3505 “
157 3454 242 3523 ‘pm‘
265 3458 309 3510 τῆς
331 3449 476 3522 ἁίιωτάτης
498 3449 629 3510 ἐκκλησίας
656 3448 761 3508 mim
788 3442 971 3521 ²²³“”3l'““⁰'
1023 3481 1065 3535 sia
1088 3478 1274 3534 intellectibus
1287 3476 1472 3548 mancipatus,
1487 3479 1542 3530 eta
1558 3474 1640 3528 rectis
1660 3471 1841 3544 dogmatibus

156 3536 263 3608 δισθείς,
281 3546 387 3595 καὶτῶν
404 3542 481 3617 όρθὼν
501 3542 696 3617 ἠλλοτριωμένος
711 3536 856 3612 δογμάτων,
874 3539 972 3600 εἰκότως

157 3634 191 3695 εἰς
207 3638 254 3692 τὴν
281 3633 364 3687 αύτῶν
393 3636 437 3688 ούκ
461 3639 570 3705 ἴσχυσεν
596 3632 738 3686 ἐπανελθεῖν
758 3632 899 3707 ὀρθότητα,
930 3635 973 3683 καί

155 3733 241 3782 ταῦτα
264 3724 326 3803 παρ’
347 3731 416 3801 ἡμῶν
436 3734 478 3781 καί
498 3731 653 3803 προτραπεὶς
674 3730 718 3778 καί
742 3721 881 3797 ὁδηγηθείς,
907 3730 972 3779 πᾶσι

154 3824 330 3896 χρησαμένων
343 3817 453 3894 σπουδῇ,
468 3825 530 3895 πρὸς
544 3825 590 3877 τὴν
605 3823 733 3893 σωτηρίαν
748 3821 794 3877 τὴν
808 3816 899 3873 αύτού.

198 3976 247 4027 Διὰ
271 3980 354 4026 ταῦτα
376 3979 461 4027 τοίνυν
484 3971 598 4037 ἅπαντα,
622 3975 668 4031 τὴν
690 3973 823 4043 γενομένην
849 3963 889 4022 ἐπ’
903 3968 973 4039 αύτῷ

154 4077 201 4129 τῆς
224 4068 390 4142 καθαιρέσεως
411 4066 491 4140 ψῆφον
513 4068 586 4140 παροὶ
609 4074 653 4126 τῆς
672 4064 746 4136 ἁγίας
763 4058 882 4129 συνοδου,
905 4081 972 4136 προ-

154 4164 233 4232 φάσει
253 4168 297 4220 της
319 4179 347 4212 τε
366 4159 394 4213 ού
416 4161 526 4232 θεμιτῆς,
544 4153 602 4211 oete
620 4158 669 4211 ὑπὸ
692 4164 742 4209 τῶν
761 4154 840 4227 ἁγίων
862 4158 972 4206 κανόνων

154 4255 363 4327 μαρτυρουμένης
397 4252 446 4305 τῶν
477 4259 521 4311 τός
555 4246 688 4324 βασιλίδος
718 4251 811 4306 ταύτης
842 4248 972 4320 ίερατικῶν

154 4346 252 4418 θρόνων
267 4342 394 4417 ἁρπαγῆς,
412 4350 455 4396 καί
476 4353 520 4403 τῆς
536 4341 588 4396 ἀπό
607 4351 656 4394 τῶν
673 4341 750 4415 ὀρθῶν
770 4357 798 4391 τε
818 4342 862 4390 καί
875 4333 972 4394 ἀληθῶν

155 4433 293 4507 δογμάτων
309 4434 440 4510 ἐκτροπῆς,
458 4441 546 4510 κυρίαν
567 4437 582 4494 ἡ
604 4436 713 4506 ἡμετέρα
730 4431 826 4484 τίθεται
840 4426 969 4501 βασιλεία,

1022 3572 1166 3641 alienatus,
1181 3571 1282 3625 merito
1302 3570 1338 3624 ad
1358 3569 1485 3640 ipsorum
1509 3565 1707 3622 rectitudinem
1737 3562 1841 3620 reverti

1023 3683 1080 3720 non
1096 3665 1191 3732 valuit,
1207 3663 1340 3719 etiamad
1354 3663 1415 3717 haec
1429 3660 1561 3716 invitatus
1581 3677 1597 3714 a
1617 3658 1697 3714 nobis
1712 3661 1742 3712 et
1760 3654 1838 3712 dire·

1023 3768 1093 3831 ctus,
1114 3762 1163 3835 qni
1183 3761 1261 3816 omni
1282 3760 1376 3816 studio
1389 3759 1433 3814 usi
1448 3775 1546 3815 sumus
1558 3757 1593 3814 ad
1604 3755 1693 3829 ipsius
1707 3756 1839 3811 salutem.

1057 3953 1177 4024 Propter
1186 3949 1247 4004 hac
1256 3948 1344 4020 igitur
1354 3947 1460 4013 omnia,
1472 3945 1643 4001 sententiam
1658 3944 1841 4017 depositionis

1022 4046 1053 4100 iu
1066 4045 1160 4116 ipsum
1176 4060 1192 4097 a
1211 4048 1311 4097 saneta
1325 4040 1433 4112 synodo
1455 4039 1557 4095 laetam
1580 4039 1759 4094 occasionem
1781 4054 1840 4093 nou

1022 4139 1101 4205 liciti,
1119 4153 1212 4209 neque
1235 4153 1252 4190 a
1275 4135 1377 4190 sanctis
1399 4133 1555 4188 canonibus
1572 4130 1719 4202 approbati
1743 4135 1842 4200 raptus

1023 4247 1166 4285 sacrarum
1180 4228 1290 4284 sedium
1305 4226 1389 4296 hujus
1411 4225 1498 4296 regiae
1513 4223 1600 4289 urbis,
1617 4228 1645 4276 et
1659 4221 1811 4275 aversionis
1824 4238 1842 4275 a

1023 4323 1105 4379 rectis
1118 4329 1146 4377 et
1161 4322 1234 4376 reris
1248 4319 1440 4390 dogmatibus,
1464 4318 1576 4371 firmam
1596 4321 1726 4369 nostrum
1750 4313 1842 4368 reddit

1024 4416 1185 4488 imperium,
1195 4417 1224 4466 et
1233 4417 1331 4466 contra
1345 4411 1430 4465 istum
1445 4413 1612 4481 praesentem
1626 4406 1722 4462 scribit
1734 4408 1840 4479 legem.

154 4531 200 4579 καί
215 4524 256 4579 ἐπὶ
277 4531 374 4588 τούτοις
388 4533 431 4581 τὸν
451 4532 569 4601 παρόντα
586 4529 676 4601 γράφει
698 4529 784 4596 νόμον.
803 4508 1012 4594 Ἀπαγορεύο-Ῑ)
1025 4507 1218 4565 lutertlicimus
1231 4509 1327 4559 autem
1343 4507 1372 4558 el
1387 4503 1411 4559 ei
1433 4501 1604 4574 contuleram
1630 4501 1660 4555 in
1687 4500 1741 4555 hac
1767 4499 1841 4556 felici

152 4638 203 4692 μεν
217 4614 245 4671 δέ
268 4619 337 4689 αὐτῷ
352 4625 394 4672 καί
409 4628 453 4681 της
473 4622 538 4672 κατὰ
552 4624 597 4678 τὴν
618 4614 757 4688 εὐδαίμονα
777 4616 872 4671 ταύτην
886 4610 971 4678 πόλιν,

154 4717 201 4765 καὶ
221 4720 265 4772 τῆς
286 4709 437 4787 περιοικίδος
461 4713 538 4773 αύτῆς
557 4707 700 4785 δεοιτριόῆς,
723 4712 766 4759 καὶ
785 4709 869 4765 πάσης
890 4705 975 4778 ἑτέρας

154 4813 208 4857 τῶν
234 4802 363 4877 ἐπισήμων
388 4804 496 4878 πόλεων,
521 4805 680 4865 θεσπίζοντες
706 4795 742 4871 ίφ’
762 4801 874 4868 ἡσυχίας
897 4790 971 4860 εἶναι,

155 4900 202 4949 καί
231 4901 328 4958 τούτοις
355 4901 482 4972 στέργειν,
509 4899 545 4958 οἷς
571 4898 675 4948 ἑαυτὸν,
689 4891 763 4957 ἀξίως
790 4892 904 4955 ὑπέθηκε,
933 4894 976 4942 καὶ

155 4997 222 5065 μήτε
236 4996 305 5043 τισίν
321 4990 499 5055 ἐπικοινωνεῖν,
518 4995 581 5063 μήτε
600 4986 739 5051 ίκόιόάζειν
755 4985 845 5046 αύτούς
865 4989 975 5043 τὴντῶν

155 5081 370 5157 ἀπηγορευμένων
395 5079 530 5156 δογμάτων
554 5079 693 5136 ἀπώλειαν.
717 5079 755 5132 Ού
779 5082 828 5150 μὴν
850 5071 906 5128 οὐδὲ
930 5079 975 5132 τόν

151 5172 263 5236 δικαίως
283 5174 456 5247 ἑξενεχθεῑσαν
472 5177 539 5229 κατὰ
561 5180 669 5249 Σευηρον
688 5170 780 5244 ψῆφον,
797 5174 842 5228 τὴν
864 5167 890 5219 ἐκ
907 5170 976 5221 ποίν-

158 5288 221 5332 των,
239 5272 271 5329 ὡς
283 5269 373 5336 εἰπεῖν,
388 5278 437 5323 τῶν
452 5267 641 5344 ἀρχιερατικῶν
656 5284 693 5329 τε,
709 5268 752 5316 καί
767 5269 973 5337 πατριαρχικων,

156 5364 225 5436 μετὰ
248 5371 291 5422 τῆς
316 5371 458 5435 μοναχικὴς
484 5365 650 5420 συναινέσεως
673 5356 846 5433 προελθοῦσαν
870 5354 974 5427 θρόνων,

156 5459 206 5513 τὴν
227 5459 271 5507 τόν
293 5451 499 5527 ἀναθέματισμὸν
520 5452 666 5525 ἐπάγουσαν
686 5449 766 5520 αύτῷ,
785 5445 918 5522 βασιλικῆς
931 5444 977 5508 ε’ξω

157 5546 384 5620 καταλιμπάνομιν
412 5545 589 5621 ίπικνροσεως,
617 5541 642 5604 ὃς
668 5545 791 5616 πρότερον
820 5539 892 5613 παρὰ
920 5541 978 5599 τούς

158 5643 240 5716 ἱερούς
259 5641 366 5713 θεσμοὺς
389 5637 538 5693 καταλαβὼν
557 5641 600 5690 τόν
624 5637 711 5711 θρόνον
735 5642 779 5695 τῆς
802 5632 977 5687 Θεονπολιτῶν

160 5732 305 5804 ἁγιωτάτης
328 5729 471 5796 ἐκκλησίας,
498 5728 564 5782 ούτω
581 5724 751 5801 συνετάραξεν
776 5721 891 5790 ἅπαντα,
913 5720 979 5775 ούτω

161 5826 350 5900 μεταπεποίηκε
374 5830 502 5901 ταραχῆς,
526 5824 557 5886 ὡς
582 5824 663 5875 κοινόν
685 5837 745 5875 τινα
768 5820 811 5871 καὶ
837 5811 978 5894 ἀκήρυκτον

1024 4602 1135 4659 civitate
1150 4605 1178 4655 et
1190 4599 1250 4670 ejus
1263 4596 1412 4663 districtu,
1428 4614 1460 4651 ac
1482 4596 1511 4649 in
1533 4610 1701 4666 quacunque
1718 4594 1774 4648 alia
1796 4593 1841 4649 in·

1025 4695 1099 4768 signi
1114 4693 1225 4749 civitate
1240 4691 1399 4747 sancientes
1414 4689 1443 4744 in
1464 4688 1560 4761 quiete
1585 4704 1654 4754 esse,
1674 4691 1702 4740 rt
1722 4687 1756 4741 iis
1778 4703 1843 4742 con·

1025 4793 1137 4844 tentum
1147 4803 1216 4852 esse,
1232 4785 1335 4858 quibus
1348 4783 1471 4856 seipsum
1485 4781 1587 4836 merito
1609 4780 1763 4836 obnoxium
1778 4780 1841 4835 red·

1026 4881 1097 4939 didit
1103 4899 1110 4950 ;
1129 4883 1157 4935 et
1171 4896 1229 4934 uon
1243 4878 1384 4950 aliquibus
1397 4875 1617 4943 communicare,
1630 4890 1721 4944 neque
1734 4889 1782 4929 cos
1792 4874 1843 4928 inr-

1025 4976 1112 5031 buere
1123 4974 1152 5027 in
1167 4971 1355 5044 perditionem
1365 4969 1580 5025 interdictorum
1599 4966 1774 5037 dogmatum.
1787 4967 1842 5022 Nec

1026 5064 1392 5140 utiqueextraimperialem
1401 5059 1844 5132 confirmationemrelinquimus

1027 5160 1198 5216 seutentiam
1207 5160 1283 5231 juste
1296 5161 1395 5212 contra
1407 5156 1540 5210 Severum
1558 5153 1656 5224 latam,
1670 5170 1701 5208 ae
1722 5171 1756 5210 ex
1780 5171 1842 5209 om-

1027 5256 1109 5311 nihus
1124 5255 1165 5326 (ut
1182 5254 1222 5309 ita
1236 5251 1370 5319 dieamus)
1387 5246 1597 5320 pontificalibus
1620 5253 1648 5302 et
1669 5249 1843 5320 patriarcha-

1028 5350 1101 5404 libus
1114 5349 1178 5419 (una
1197 5363 1262 5401 eum
1282 5341 1455 5398 monachicis
1466 5341 1659 5413 consensibus)
1675 5341 1843 5413 provenien-

1029 5447 1086 5498 tem
1099 5441 1229 5507 sedibus,
1245 5441 1273 5493 et
1288 5436 1559 5492 anathematismum
1581 5434 1634 5508 ipsi
1654 5435 1842 5490 inferentem:

1029 5536 1078 5607 qui
1090 5534 1168 5606 prius
1181 5537 1279 5588 eontra
1292 5547 1385 5586 sacras
1403 5530 1558 5585 sanctiones
1570 5527 1734 5602 accipiendo
1748 5524 1844 5579 sedem

1028 5628 1211 5684 sanctissimae
1225 5624 1350 5681 ecclesiae
1362 5623 1648 5696 Theopolitanorum,
1664 5620 1703 5674 sic
1715 5617 1845 5674 universa

1028 5719 1215 5788 conturbavit,
1227 5719 1323 5792 sicque
1333 5719 1525 5774 accumulatas
1539 5701 1713 5769 turbationes
1724 5711 1798 5780 lecit,
1813 5718 1846 5766 ut

1028 5831 1178 5874 commuue
1193 5814 1342 5894 qnondam
1353 5806 1596 5869 ecabordmntihe
1607 5804 1729 5861 baham
1738 5803 1864 5855 metax-
