3884 6150
123 251 175 306 aas
516 246 683 304 APPEb'Dlll
701 246 745 301 ΑΙ)
763 244 875 301 otium
893 242 1011 300 satvcvl
1029 242 1179 315 osanam
1197 241 1411 301 PthSlENSlS.
1753 251 1813 305 lit)

124 355 256 430 regione,
279 355 342 414 nati
362 360 449 428 atque
470 354 562 412 edocti
580 342 749 427 probantur,
770 350 982 438 DioclitianoA
1028 348 1187 407 Beatissimi
1197 366 1265 406 reru
1275 355 1417 424 martyres
1430 368 1548 410 ascemo
1558 355 1595 426 (o)
1606 353 1737 411 vehiculo
1747 355 1817 427 jun·

125 453 225 510 Romae
247 452 420 525 imperante,
443 454 473 505 et
488 441 658 506 ldaiimiano
679 445 807 520 partibus
826 445 940 519 lllyrici,
993 445 1045 501 ctis
1058 444 1200 513 mulabus,
1213 461 1279 500 cum
1290 446 1426 502 secedere
1437 446 1604 518 voluissent,
1615 449 1644 503 et
1654 464 1714 505 non
1725 449 1816 523 longe

125 545 228 603 Carino
239 562 355 618 quoque
368 544 445 598 intra
459 541 562 598 Gallias
574 541 649 597 bene
664 544 770 613 agente
784 556 854 612 erge
866 539 944 596 Chri·
994 539 1029 595 ab
1045 538 1123 596 urbis
1136 539 1280 594 moenibus
1292 539 1348 596 iter
1363 545 1493 612 agerent,
1507 544 1536 596 et
1548 558 1639 598 unum
1651 542 1764 598 animal
1776 543 1816 600 de

127 641 245 708 stiones,
259 638 375 711 quinon
386 638 451 708 post
463 637 588 691 multum
601 639 718 707 tempus
727 635 879 690 defunctus
890 635 941 689 est.
994 633 1153 704 subjunctis
1162 632 1256 689 subito
1268 633 1421 690 corruisset
1429 633 1458 690 in
1469 635 1533 691 loco
1544 634 1592 707 qni
1601 637 1820 708 appellaturltd

126 737 193 790 Post
218 733 297 804 cujus
327 730 438 787 obitum
467 729 678 785 sceleratissimi
703 728 889 784 Dioclitianus
916 730 944 783 et
993 730 1089 799 Aquas
1100 727 1820 802 Gradatas,itaillincsuntapersecutoribuscom-

125 826 310 887 Maximianus
328 841 381 896 per
402 840 504 879 omnes
523 822 684 895 provincias
706 824 822 879 decreta
843 839 944 894 posue·
994 820 1139 893 prehensi.
1154 821 1236 887 Quod
1249 820 1358 877 lactum
1377 838 1466 894 quam
1479 823 1638 894 gloriosum
1652 823 1688 879 sit
1699 826 1730 878 et
1744 824 1818 880 adi·

127 924 203 990 runt,
222 923 254 973 ut
270 918 317 973 ubi
337 917 492 974 Christiani
513 917 721 985 invenirentur,
741 917 764 971 si
784 915 943 971 sacrificare
994 914 1112 970 vinitate
1137 914 1323 987 dispositum,
1349 915 1488 971 debemus
1513 916 1672 972 advertere.
1693 918 1820 991 Semper

126 1015 357 1081 contemnerent,
365 1011 580 1083 diversispoenis
588 1011 805 1083 adfligerentur.
813 1010 944 1081 Cumque
996 1008 1073 1065 enim
1089 1009 1164 1064 Deus
1182 1025 1253 1080 quos
1274 1009 1372 1081 elegit,
1390 1009 1472 1081 quasi
1488 1008 1608 1065 victores
1625 1026 1692 1066 cum
1713 1011 1816 1068 subva-

126 1108 170 1164 his
179 1105 429 1162 diotisbeatissimi
437 1107 580 1177 martyros
588 1105 723 1161 Cantiani
731 1103 761 1160 io
769 1105 841 1160 urbe
852 1105 945 1159 Roma
995 1103 1090 1158 ctione
1105 1100 1219 1158 sublimi
1231 1102 1261 1158 in
1275 1105 1371 1159 aulam
1381 1103 1466 1176 regni
1479 1103 1599 1159 caelestis
1609 1103 1731 1160 inducit.
1743 1106 1816 1161 Nam

126 1201 248 1257 luissent
261 1200 361 1273 positi,
377 1198 496 1255 consilio
510 1198 608 1255 habito
623 1215 688 1254 cum
702 1198 788 1254 beato
802 1200 899 1265 Proto,
914 1200 946 1252 ut
995 1196 1067 1252 sient
1079 1195 1173 1252 llelias
1186 1213 1252 1252 cum
1267 1197 1411 1269 adplicata
1426 1197 1568 1269 quadriga
1580 1197 1712 1254 ascendit
1719 1197 1750 1254 in
1760 1216 1818 1255 ces-

126 1295 257 1368 iniquam
265 1294 390 1350 vitarent
400 1292 585 1361 sententiam,
597 1292 707 1366 prredia
718 1310 769 1348 sua
779 1292 944 1348 suburbano
995 1292 1065 1359 lum,
1082 1289 1124 1346 ita
1137 1294 1167 1345 et
1179 1291 1226 1346 isti
1235 1291 1365 1347 vehiculo
1377 1294 1476 1348 amoto
1487 1291 1524 1347 ad
1533 1291 1707 1365 martyrium
1718 1310 1819 1364 perre-

126 1389 220 1462 posita
235 1389 288 1443 sub
309 1387 403 1460 specie
418 1386 589 1442 visitationis
607 1386 727 1442 circuire
744 1386 943 1451 decreverunt.
996 1387 1117 1454 nerunt;
1134 1389 1163 1440 et
1178 1384 1320 1457 quadriga
1334 1385 1408 1440 sieut
1420 1385 1503 1440 illum
1516 1385 1607 1441 evexit
1618 1386 1656 1441 ad
1669 1387 1816 1459 requiem,

163 1488 189 1539 3.
199 1480 253 1547 Qui
262 1481 367 1537 eodem
378 1484 511 1553 tempore
519 1479 550 1536 in
560 1480 662 1536 urbem
669 1480 894 1552 Aquilegensem
903 1495 946 1533 ro·
995 1478 1035 1535 ita
1048 1483 1077 1534 et
1088 1479 1142 1535 hos
1150 1478 1276 1550 portavit
1286 1479 1323 1534 ad
1335 1479 1470 1551 gloriam.
1481 1480 1516 1534 Et
1526 1479 1657 1551 quamvis
1666 1480 1720 1535 illa
1729 1481 1817 1552 ignea

125 1577 270 1649 pedarnnt
281 1591 288 1631 :
299 1574 330 1630 in
341 1591 398 1647 qna
408 1574 627 1648 tunctemporis
637 1591 696 1630 non
706 1590 872 1646 parvarum
882 1589 945 1645 pos·
996 1572 1137 1644 quadriga
1155 1573 1251 1641 fuerit,
1272 1574 1333 1628 haec
1354 1575 1453 1629 tamen
1468 1588 1528 1628 non
1544 1573 1665 1630 interior
1679 1574 1817 1630 habenda

127 1670 269 1727 sidebant.
284 1669 341 1725 Sed
352 1669 529 1741 quialumen
540 1668 709 1724 intenebris
721 1669 812 1723 latere
823 1684 943 1739 nonpo-
995 1670 1051 1733 est;
1072 1666 1141 1738 quia
1160 1665 1208 1722 illa
1229 1683 1319 1721 unum
1340 1667 1463 1738 gestavit
1478 1667 1662 1738 prophetam,
1679 1667 1744 1722 hac
1758 1671 1818 1723 tres

127 1766 211 1833 terat,
221 1779 337 1819 necesse
348 1766 411 1818 erat
422 1765 453 1817 ut
463 1779 512 1819 eos
523 1761 662 1818 Dominus
673 1762 710 1817 ad
721 1760 843 1833 gloriam
854 1760 945 1816 nomi·
955 1740 983 1812 Β
995 1761 1138 1831 martyres
1157 1760 1335 1815 sustentavit.
1353 1760 1410 1817 Sed
1430 1759 1499 1816 dicit
1514 1760 1617 1833 aliquis
1635 1777 1642 1817 :
1658 1761 1818 1817 Gloriosius

128 1857 172 1912 nis
188 1857 232 1912 sui
247 1859 409 1912 coronaret.
419 1856 549 1928 Cumque
563 1856 593 1910 in
608 1854 832 1927 Aquilegensem
841 1855 943 1910 urbem
994 1853 1116 1926 gestavit
1138 1853 1280 1926 quadriga
1299 1854 1395 1925 ignea,
1421 1871 1510 1926 quam
1533 1857 1657 1910 terrena.
1679 1856 1740 1911 Nec
1762 1855 1817 1911 hoc

126 1950 217 2007 sancti
238 1949 360 2007 luissent
380 1949 522 2021 ingressi,
547 1948 693 2004 duriorem
715 1949 855 2004 saevitiam
876 1965 945 2020 erga
994 1948 1080 2019 plane
1096 1948 1188 2004 detuit
1206 1947 1312 2003 sanctis
1327 1947 1402 2002 viris.
1419 1949 1491 2003 Nam
1506 1947 1579 2003 sicut
1597 1947 1712 2004 Heliam
1730 1948 1817 2020 ignca

127 2043 303 2101 Christianos
313 2042 492 2116 repperiunt,
503 2059 592 2115 quam
600 2042 779 2114 reliquerant
787 2044 946 2099 Romae.lta
995 2042 1136 2115 quadriga
1150 2041 1284 2115 portavit,
1299 2041 1340 2096 ita
1355 2043 1384 2097 et
1400 2043 1541 2114 martyres
1555 2041 1628 2097 fldes
1643 2042 1735 2114 ignea
1751 2042 1816 2114 jam

124 2137 203 2193 enim
218 2153 321 2192 omnes
333 2139 500 2193 sanctorum
509 2137 554 2191 vel
566 2136 827 2208 consessorumpro
838 2134 945 2192 Christi
995 2135 1115 2192 ferebat.
1130 2136 1252 2191 Ferebat
1264 2135 1340 2203 illos,
1354 2135 1486 2207 inquam,
1500 2135 1638 2205 Christus,
1650 2137 1703 2208 qui
1717 2138 1818 2192 lumen

126 2230 244 2288 nomine
256 2230 411 2289 multitudo
421 2230 452 2284 in
466 2229 586 2285 vinculis
599 2246 749 2285 carcerum
763 2229 893 2284 custodia
906 2232 947 2284 te·
996 2233 1048 2298 est,
1066 2228 1116 2300 qui
1129 2228 1205 2300 ignis
1220 2231 1272 2298 est,
1285 2229 1321 2285 de
1336 2245 1393 2300 quo
1407 2229 1544 2301 scriptmn
1559 2233 1602 2285 est
1616 2247 1623 2285 :
1637 2233 1712 2287 Deus
1727 2234 1820 2288 aestu

21 2386 25 2391 ,
128 2325 281 2392 nebantur,
295 2327 327 2378 ut
342 2322 509 2379 enumerari
523 2340 581 2379 non
593 2323 766 2395 potuissent,
780 2325 885 2394 agente
896 2321 947 2377 sci·
995 2325 1066 2392 ipris
1080 2338 1238 2379 consumens
1253 2327 1301 2379 est.
1316 2324 1392 2394 Ergo
1407 2339 1472 2378 cum
1487 2323 1588 2379 beatos
1603 2323 1639 2379 de
1655 2323 1763 2396 quibus
1776 2324 1817 2381 lo·

125 2417 194 2473 licet
207 2416 337 2474 Dulcidio
351 2417 485 2488 praeside,
498 2434 557 2472 nna
568 2433 636 2472 cum
651 2416 776 2472 Sisinnio
792 2416 908 2471 comite.
996 2417 1113 2488 quimur
1125 2418 1291 2488 persecutor
1306 2419 1452 2487 urgueret,
1465 2416 1628 2472 vehiculum
1638 2417 1819 2473 conscende-

163 2512 190 2566 i.
203 2509 361 2566 audientes
374 2511 473 2584 itaque
489 2514 603 2567 sanctos
613 2510 665 2566 Dei
676 2509 837 2578 advenisse,
849 2509 947 2566 statim
995 2513 1072 2565 runt.
1089 2510 1151 2574 Qua
1163 2509 1271 2565 causa?
1284 2513 1315 2564 ut
1333 2509 1490 2581 sugerent?
1508 2509 1597 2579 absit;
1612 2527 1674 2566 non
1689 2514 1724 2566 ut
1734 2512 1819 2583 fuge-

126 2604 251 2661 inveniri
263 2604 299 2660 ab
310 2604 522 2677 apparitoribus
535 2603 787 2677 praecipiuntur,ut
796 2603 851 2659 diis
861 2604 948 2659 thura
996 2607 1071 2672 rent,
1088 2603 1140 2658 scd
1155 2606 1186 2657 ut
1202 2602 1238 2658 ad
1253 2601 1426 2675 martyrium
1440 2603 1523 2658 citius
1537 2603 1742 2674 pervenirent;
1759 2621 1820 2660 non

126 2700 279 2772 ponerent.
294 2700 371 2761 lunc
389 2698 551 2755 beatissimi
567 2701 709 2769 martyres
728 2696 900 2769 aspicientes
917 2697 946 2752 in
998 2700 1029 2753 ut
1046 2698 1203 2765 latitarent,
1226 2695 1324 2770 470
1342 2696 1393 2751 sed
1411 2699 1442 2751 ut
1462 2713 1492 2752 se
1511 2695 1690 2754 Christianos
1709 2698 1821 2754 cunctis

127 2792 230 2848 calum
245 2791 479 2863 responderunt:
495 2793 552 2847 Nos
568 2790 719 2846 daemoniis
730 2806 790 2846 non
806 2789 947 2845 sacriilca-
996 2789 1212 2846 transeuntibus
1226 2789 1458 2845 manifestarent.
1471 2791 1606 2846 Ceterum
1623 2791 1766 2847 occultius
1780 2792 1821 2847 in·

127 2902 202 2955 mus,
215 2885 283 2957 quia
293 2885 432 2956 scriptum
443 2887 486 2940 est
497 2902 503 2940 :
514 2885 610 2941 Omnes
622 2886 792 2954 diluentium
803 2884 946 2948 demonio,
997 2887 1042 2939 ter
1058 2885 1155 2956 plures
1167 2883 1198 2939 in
1212 2882 1325 2940 civitate
1344 2884 1434 2939 latere
1451 2886 1600 2955 poterant;
1614 2883 1665 2940 sed
1679 2885 1736 2941 hoc
1751 2901 1818 2958 ege·

127 2981 257 3036 Dominus
273 2983 364 3034 autem
383 2980 458 3037 calos
474 2979 550 3048 fecit.
567 2979 602 3032 Et
619 2978 725 3033 iterum
742 2995 748 3032 :
766 2977 873 3033 Similes
890 2978 947 3032 iltis
997 2981 1074 3045 runt,
1092 2980 1123 3034 ut
1141 2976 1228 3033 totius
1244 2977 1344 3050 populi
1364 2977 1461 3045 corda,
1483 2977 1552 3034 dum
1568 2995 1622 3050 per
1640 2978 1758 3036 diversa
1776 2980 1819 3036 tn·

126 3075 196 3142 fiant
208 3072 257 3140 qm·
268 3073 376 3139 socium
389 3087 430 3134 ec,
447 3075 473 3127 ct
486 3087 576 3126 omues
589 3073 638 3141 qui
649 3071 788 3141 confidunt
800 3072 830 3126 iu
843 3073 890 3125 cis.
905 3072 946 3125 lte
997 3072 1089 3144 giunt,
1106 3071 1210 3127 Christi
1225 3088 1323 3127 amore
1341 3071 1539 3127 flammentur.
1556 3072 1592 3127 nt
1605 3089 1675 3129 vero
1691 3073 1743 3129 ubi
1758 3074 1821 3146 quis

128 3180 198 3235 ergo
212 3164 344 3219 nuntiate
357 3163 456 3245 iniquo
468 3164 585 3235 prasidi
598 3166 702 3231 vestro,
712 3179 765 3218 nos
775 3180 827 3235 pro
842 3163 946 3221 Christi
956 3114 984 3188 C
996 3165 1120 3221 vehiculi
1133 3165 1274 3237 adparato
1288 3164 1436 3236 disposito,
1448 3182 1500 3236 per
1514 3181 1653 3238 aggerem
1667 3167 1820 3238 publicum

127 3257 246 3313 xiomino
259 3260 358 3329 optare
374 3257 459 3326 mori,
472 3274 560 3330 quam
573 3257 609 3312 ab
623 3258 685 3328 ojus
694 3257 840 3313 mandatis
851 3258 947 3312 absce-
997 3258 1144 3331 graditur,
1159 3258 1217 3314 illic
1234 3275 1293 3315 non
1308 3260 1379 3330 luga
1392 3257 1514 3315 dicenda
1527 3262 1579 3328 est,
1596 3259 1646 3314 sed
1659 3261 1818 3332 profectus

129 3351 207 3420 dere,
220 3350 288 3423 quia
302 3351 337 3406 ab
350 3350 418 3422 ipsis
432 3350 583 3406 cunabulis
593 3350 749 3407 Dominum
759 3353 856 3407 lesum
869 3350 947 3408 Chri·
996 3352 1092 3409 Sancti
1102 3352 1181 3407 enim
1191 3351 1245 3407 viri
1257 3353 1312 3408 hoc
1322 3353 1408 3420 lacto,
1419 3353 1497 3408 velut
1508 3353 1538 3407 in
1549 3352 1720 3425 triumphati
1730 3371 1817 3411 curra

127 3449 204 3500 stum
224 3445 458 3500 conmemorat
477 3445 519 3499 illi
537 3444 692 3501 redeuntes
706 3444 823 3516 prasidi
837 3446 881 3500 vel
896 3461 945 3500 co·
997 3446 1092 3518 positi,
1115 3447 1351 3503 contestabantur
1369 3446 1497 3501 dicentes
1514 3448 1617 3516 :Ecce,
1638 3452 1818 3520 persecutor,

127 3538 192 3593 miti
207 3539 369 3594 retulerunt
383 3537 484 3594 omnia
498 3555 563 3610 quae
578 3541 661 3609 gesta
673 3538 798 3594 lucrant.
997 3557 1061 3596 ecce
1074 3540 1292 3612 proficiscimur,
1305 3556 1370 3595 ecce
1385 3539 1583 3612 procedimus.
1596 3540 1674 3606 Quid
1689 3541 1819 3598 resides?

164 3630 261 3704 469
279 3634 356 3688 Tunc
375 3632 521 3687 Dxrlcidius
536 3649 641 3703 praeses
655 3643 717 3688 'una
736 3648 802 3688 cum
821 3631 947 3687 Sisinnio
998 3634 1066 3707 quid
1081 3634 1223 3690 moraris?
1236 3634 1411 3706 subsequere
1425 3633 1664 3707 nostravestigia.
1677 3636 1816 3691 Nolumus

127 3724 234 3780 comite
244 3725 327 3779 valde
338 3725 487 3794 commoti,
499 3726 588 3780 talem
598 3725 840 3798 dederuntimpio
848 3725 948 3781 Diocli·
998 3728 1076 3783 enim
1093 3727 1184 3783 videri
1198 3728 1280 3782 inviti
1300 3728 1367 3783 duci
1385 3728 1422 3783 ad
1440 3744 1567 3800 poenam,
1582 3727 1631 3801 qui
1651 3729 1816 3801 praecedere

128 3818 209 3875 tiano
226 3818 443 3889 suggestionem
461 3835 468 3874 :
485 3818 622 3887 Piissimi,
643 3819 790 3874 subvenite
811 3819 948 3875 Romanis
997 3838 1050 3876 nos
1064 3821 1235 3893 profitemur
1247 3821 1284 3876 ad
1299 3821 1433 3893 gloriam.

128 3911 251 3983 legibus,
267 3927 319 3982 pro
338 3911 442 3982 quibus
462 3910 560 3966 victrix
577 3911 695 3967 dextera
711 3915 806 3968 vestra
820 3913 948 3968 hostium
1032 3916 1109 3970 Tunc
1125 3915 1266 3971 Sisinnius
1281 3915 1371 3970 comis
1388 3915 1448 3970 hac
1467 3915 1597 3983 audiens,
1610 3914 1700 3987 jussit
1716 3915 1819 3973 beatos

129 4004 253 4060 cervices
282 4003 411 4071 inclinet,
440 4007 469 4059 et
497 4003 551 4059 diis
575 4005 830 4076 omnipotentibus,
856 4006 905 4078 qni
931 4023 948 4061 a
997 4011 1138 4080 martyres
1153 4008 1375 4080 comprehendi;
1390 4009 1440 4080 qui
1456 4006 1545 4079 judex
1562 4009 1699 4065 hortatur
1712 4026 1774 4079 eos,
1790 4012 1822 4066 ut

130 4096 298 4154 Christianis
316 4099 552 4165 contemnuntur,
564 4097 716 4169 juvamina
733 4099 869 4170 prebete.
889 4100 946 4155 ad·
996 4102 1058 4158 lovi
1070 4101 1156 4158 thura
1168 4102 1316 4157 otlerrent.
1332 4101 1493 4157 Beatissimi
1507 4118 1573 4158 vero
1585 4102 1693 4160 famuli
1705 4103 1761 4159 Dei
1773 4121 1821 4160 ex-

129 4195 271 4249 venerunt
290 4191 369 4247 enim
390 4194 448 4246 trcs
468 4191 601 4263 germani
623 4208 658 4247 ex
677 4192 747 4247 urbe
768 4193 869 4259 Roma,
890 4209 947 4248 uno
998 4199 1142 4251 secrantes
1156 4195 1290 4251 dixerunt
1302 4213 1332 4250 se
1346 4212 1507 4267 numquam
1521 4195 1676 4252 daemoniis
1688 4196 1823 4254 immola·

129 4287 229 4344 animo
244 4287 358 4342 sortiter
367 4287 552 4354 reluctantes,
562 4284 695 4341 etnescio
707 4302 793 4358 quem
804 4285 948 4342 Christum
998 4292 1087 4357 turos,
1099 4289 1150 4344 sed
1161 4288 1355 4360 omnipotenti
1364 4288 1486 4346 Domino
1499 4289 1548 4361 qni
1557 4288 1627 4345 lecit
1638 4291 1758 4360 culum,
1768 4295 1823 4348 ter·

128 4384 309 4450 confitentes,
317 4385 346 4438 et
356 4383 578 4443 contemnentes
587 4381 704 4437 decreta
713 4381 946 4453 pietatisvestree.
997 4399 1070 4450 ram,
1090 4399 1170 4438 mare
1189 4385 1218 4437 et
1232 4381 1332 4437 omnia
1346 4398 1410 4453 quoe
1429 4382 1459 4437 in
1477 4381 1518 4437 eis
1535 4385 1611 4437 sunt.
1627 4383 1705 4439 Nam
1723 4384 1823 4440 omnia

129 4478 210 4532 Unde
230 4476 299 4549 quid
314 4475 444 4548 jussione
461 4478 556 4532 vestra
576 4474 769 4543 decreveritis,
790 4475 947 4530 decernite.
959 4488 989 4561 D
999 4476 1087 4545 idola,
1099 4475 1155 4532 sive
1166 4476 1216 4548 qui
1225 4493 1260 4531 ea
1269 4477 1376 4542 colunt,
1388 4492 1454 4531 cum
1465 4475 1573 4531 eisdem
1584 4476 1670 4532 ibunt
1680 4477 1711 4532 in
1721 4477 1823 4549 iguem

129 4569 177 4624 ilis
190 4569 294 4624 auditis
305 4570 540 4625 sceleratissimus
555 4568 739 4625 Dioclitianus
749 4568 950 4624 vehementius
999 4569 1379 4642 perpetuum.'lnneimpius
1387 4569 1529 4625 Sisinnius
1537 4569 1636 4637 comis,
1645 4571 1703 4627 hoc
1710 4571 1823 4641 audito,

130 4665 173 4715 est
186 4664 360 4730 commotus,
373 4665 403 4717 et
414 4662 489 4718 hanc
500 4663 582 4718 dodit
593 4663 807 4731 auctoritatem,
822 4665 853 4716 ut
868 4662 891 4716 si
904 4679 948 4716 sa·
998 4662 1081 4719 valde
1100 4663 1190 4718 iratus
1212 4666 1264 4731 est,
1286 4664 1315 4717 et
1336 4662 1474 4735 pracepit
1495 4663 1728 4735 spiculatoribus,
1750 4669 1785 4720 nt
1802 4664 1827 4720 si

130 4753 258 4809 crificare
272 4754 441 4822 noluissent,
454 4755 571 4827 capitali
583 4756 729 4811 sententia
740 4757 948 4828 plecterentur.
998 4756 1059 4813 tovi
1069 4757 1155 4811 thura
1165 4772 1223 4811 non
1236 4755 1383 4824 offerrent,
1396 4756 1491 4829 capita
1501 4757 1708 4828 plecterentur.
1716 4759 1832 4815 Beatis-

129 4847 259 4920 Cumque
269 4847 371 4918 iniqua
381 4847 525 4902 sententia
534 4848 711 4918 pervenisset
721 4849 758 4903 ad
766 4847 950 4905 beatissimos
999 4844 1064 4900 simi
1079 4860 1146 4900 vero
1163 4847 1304 4916 martyres
1320 4844 1453 4900 Cantiani
1466 4862 1525 4900 una
1538 4861 1604 4900 cum
1619 4847 1708 4902 Proto
1723 4848 1824 4919 paeda·

132 4944 283 5014 martyres,
298 4955 418 4996 ascenso
433 4939 564 4995 vehiculo
577 4955 635 4995 una
648 4956 712 4995 cum
726 4941 887 5013 pedagoge
898 4958 949 4997 suo
998 4955 1075 5010 gogo
1091 4954 1141 4994 suo
1158 4938 1317 5009 gaudentes
1329 4942 1358 4994 et
1372 4939 1526 5010 psallentes
1539 4938 1725 4995 ducebantur
1738 4959 1756 4996 a
1769 4942 1823 5013 spi-

130 5034 216 5089 Proto
237 5053 270 5090 ex
290 5035 362 5089 urbe
382 5031 576 5104 Aquilegense
597 5033 703 5103 egressi
722 5036 798 5101 sunt,
821 5035 950 5090 divinam
999 5032 1183 5088 culatoribns.
1194 5033 1271 5087 Tunc
1281 5032 1361 5087 beati
1370 5032 1473 5087 ramuli
1483 5032 1532 5089 Dei
1543 5033 1677 5104 expansis
1685 5034 1820 5090 manibus

132 5125 310 5197 Scriptorum
330 5127 472 5182 habentes
491 5141 551 5198 pree
568 5125 666 5193 oculis,
688 5141 752 5198 quer
771 5127 840 5182 dicit
860 5145 866 5184 :
884 5129 950 5184 Cum
999 5126 1035 5182 ad
1053 5128 1153 5182 celum
1168 5125 1330 5181 orationem
1344 5125 1482 5181 fuderunt
1499 5125 1536 5182 ad
1551 5124 1711 5182 Dominum
1724 5127 1819 5184 dicen·

127 5226 380 5289 paramentorum
391 5223 421 5274 m
433 5222 543 5276 ciuitate
556 5221 619 5283 isto,
630 5222 719 5290 sugite
729 5222 758 5275 in
769 5222 862 5276 cltcm.
874 5222 951 5276 Nun·
999 5223 1058 5276 tes:
1070 5219 1190 5277 Domine
1200 5220 1266 5275 lesu
1276 5219 1396 5288 Christe,
1409 5220 1459 5292 qui
1466 5220 1720 5291 perseverantibus
1731 5221 1762 5276 in
1773 5225 1819 5278 tuo

130 5311 219 5367 tiatur
233 5329 302 5384 ergo
319 5313 506 5385 iniquissimis
522 5314 668 5385 judicibus
683 5317 797 5370 sanctos
815 5314 865 5369 liei
882 5331 949 5385 pro·
1000 5314 1118 5370 nomine
1136 5318 1165 5369 te
1185 5316 1298 5384 patrem
1315 5316 1344 5368 et
1362 5316 1489 5368 matrem
1511 5311 1604 5368 dixisti
1624 5328 1700 5382 esse,
1720 5319 1751 5370 et
1770 5332 1819 5387 pm

130 5422 257 5477 parasse.
269 5408 346 5462 Tunc
360 5406 501 5463 Sisinnius
514 5408 605 5464 comis
617 5426 675 5465 una
688 5425 754 5464 cum
768 5408 948 5480 spiculatori·
998 5407 1205 5481 temporalibus
1223 5408 1331 5474 lutura,
1350 5410 1379 5462 et
1398 5423 1450 5478 pro
1469 5405 1603 5479 perituris
1621 5410 1779 5479 perpetua,
1795 5414 1822 5465 et

130 5499 183 5554 bus
199 5517 233 5555 ex
246 5503 390 5573 precepto
406 5498 571 5574 impiissimi
586 5501 749 5560 Dioclitiani
766 5501 949 5575 imperatoris
999 5499 1821 5575 prodivitiisterrenisincorruptamvitamoeternamcum

130 5594 323 5669 subsequitur.
999 5595 1135 5653 felicitate
1156 5595 1226 5651 dare
1245 5594 1403 5666 promisisti
1423 5597 1474 5650 :te
1487 5592 1686 5664 obsecramus,
1701 5596 1824 5652 Amator

166 5739 202 5810 (o)
217 5740 282 5794 Hac
293 5739 378 5797 verba
392 5755 483 5813 usque
500 5739 535 5796 ad
552 5743 718 5810 sequentem
736 5743 897 5815 sectionem,
913 5738 1011 5816 paucis
1031 5738 1240 5813 pretermissis,
1255 5741 1391 5812 leguntur
1411 5737 1442 5794 in
1460 5737 1574 5812 vulgato
1594 5753 1729 5799 sermone
1747 5738 1824 5812 apud

132 5809 312 5869 timbrosium
324 5817 353 5870 et
362 5813 439 5888 apud
450 5810 651 5886 augustinum.
