3884 6150
128 244 181 298 aas
537 240 718 296 Jl'STlNlitNl
737 244 899 299 NOl'EltbAE
919 245 1084 300 StibECTAE.
1105 245 1260 303 Novella
1281 249 1345 303 ιἸΙι.
1410 264 1412 268 ’
1757 259 1811 315 950

126 348 297 413 abstineant,
310 347 355 402 his
368 346 433 401 solis
447 347 581 415 conteuti,
596 364 659 419 quse
673 350 836 419 praebentur
849 365 883 405 ex
896 367 947 421 pu·
957 354 1049 437 Aest,
1077 369 1181 425 nempe
1202 355 1347 411 avaritiam
1370 357 1499 412 omnium
1523 358 1664 416 malorum
1689 367 1810 420 matrem

125 442 212 496 blico.
231 440 310 506 Quod
330 440 446 512 quidem
458 439 540 494 aliter
551 456 609 495 non
623 440 680 510 tlet,
695 442 751 497 uisi
767 459 879 514 quoque
894 444 947 515 ipsi
998 445 1127 516 existere,
1141 450 1169 502 et
1183 448 1318 516 maxime,
1332 466 1398 505 cum
1410 450 1440 505 ia
1453 451 1555 506 animis
1564 469 1621 508 nou
1635 453 1811 524 privatorum

126 534 222 589 officia
241 533 364 605 gratuita
384 533 569 604 susceperint,
583 549 675 606 neque
690 538 829 606 pretextu
844 537 884 605 (ιιι
898 553 946 592 ro·
997 538 1045 593 sed
1069 540 1288 612 magistratuum
1308 542 1480 598 innascatur.
1505 544 1573 609 Quis
1599 546 1676 601 cuim
1704 546 1811 620 absque

127 627 204 699 rant)
224 626 437 698 suffragiorum,
463 641 555 697 neque
576 626 621 693 iis,
637 627 687 698 qui
698 628 880 699 magistratus
894 646 945 702 gc·
996 634 1074 686 metu
1084 633 1201 703 periculi
1214 634 1400 705 nonfuretur,
1410 636 1472 708 quis
1487 653 1544 691 non
1557 652 1654 694 secure
1666 638 1813 698 latrocine-

127 726 208 788 runt,
221 735 313 792 neque
329 719 460 791 cuiquam
476 719 523 774 alii
537 718 694 791 quidquam
708 721 816 776 dantes.
825 723 946 780 Tametsi
995 727 1052 794 tur,
1068 726 1209 781 conversis
1221 726 1256 781 ad
1274 728 1472 799 magistratum
1484 728 1572 786 oculis
1593 731 1746 803 ridensque
1773 733 1810 789 il·
1874 755 1878 764 ·

127 815 208 870 enim
232 829 292 869 nou
313 813 433 884 exiguus
459 811 578 884 imperio
599 813 706 868 reditus
724 830 756 868 ea
776 830 807 870 re
825 815 945 887 decedit,
996 815 1058 870 lum
1070 818 1166 873 omnia
1181 834 1251 874 auro
1266 819 1372 876 habere
1384 822 1502 890 venalia,
1523 822 1666 879 confidens
1688 823 1758 892 fore,
1780 829 1813 882 ιιι

127 906 382 963 animadvertimus
392 911 486 961 tanim
496 906 674 961 collatoribus
683 906 796 974 nostris,
811 907 948 964 siindem·
995 909 1068 964 nihil
1081 913 1139 965 tam
1149 916 1231 982 turpe
1241 913 1383 983 admittat,
1396 915 1472 986 quod
1481 930 1539 970 non
1548 916 1612 970 data
1621 916 1740 988 pecunia
1750 934 1812 989 pos·

127 1017 180 1056 nes
200 1005 284 1072 atque
302 1000 414 1055 illaesia
436 999 581 1071 judicibus
608 1004 818 1070 conserventur,
847 1001 948 1073 ingens
998 1003 1034 1057 sit
1048 1003 1209 1060 redimeret
1229 1005 1295 1061 lude
1310 1006 1472 1076 homicidia,
1493 1009 1641 1078 adulteria,
1666 1011 1810 1067 latronum

127 1093 337 1150 incrementum
344 1092 557 1164 accipientibus,
567 1097 626 1146 tam
636 1093 884 1166 imperiumquam
898 1111 949 1165 pu·
996 1111 1183 1167 aggressura,
1197 1098 1326 1168 vulnera,
1340 1104 1438 1171 raptus
1452 1101 1605 1172 virginum,
1617 1103 1811 1160 nundinarum

126 1187 237 1242 blicum
250 1186 384 1241 serarium
397 1191 472 1241 recte
487 1202 516 1240 se
530 1186 707 1252 habiturum,
720 1202 833 1258 semper
850 1187 947 1242 usibus
997 1192 1026 1243 ct
1039 1188 1218 1259 publicorum
1228 1195 1418 1255 conventuum
1432 1193 1569 1263 conlusio,
1583 1200 1761 1266 contemptus
1773 1196 1812 1251 le·

129 1280 190 1335 suis
201 1283 313 1351 paratos
324 1279 431 1335 habens
443 1279 568 1335 subditos
580 1279 741 1350 locupletes,
757 1281 787 1334 et
798 1279 880 1334 unico
894 1280 947 1336 hoe
998 1297 1067 1352 gum
1076 1286 1104 1336 et
1111 1282 1338 1353 magistratuum,
1347 1284 1479 1340 omuibus
1489 1288 1686 1358 tanquamrile
1697 1288 1812 1360 aliquod

128 1373 230 1427 ordine
250 1373 419 1441 introducto,
438 1371 563 1443 amplam
581 1377 610 1427 et
629 1370 802 1426 ineffabilem
818 1373 947 1428 omnium
997 1374 1171 1446 mancipium
1209 1391 1311 1430 venum
1344 1393 1390 1431 eas
1417 1378 1537 1449 proponi
1574 1380 1810 1439 existimantibus.

130 1482 229 1520 rerum
242 1465 351 1537 copiam
365 1465 541 1520 exstituram.
562 1467 604 1519 An
621 1481 688 1520 vero
704 1465 836 1520 omnibus
853 1465 946 1520 mani·
997 1467 1129 1539 Adeoque
1143 1484 1200 1523 non
1214 1467 1378 1536 sufficimus,
1399 1474 1430 1524 ut
1447 1471 1490 1525 vel
1509 1471 1678 1542 cogitatione
1693 1474 1813 1544 comple·

128 1560 236 1615 festam
255 1574 312 1613 non
337 1563 389 1625 est,
418 1559 492 1629 quod
517 1558 566 1629 qui
590 1573 693 1612 aurum
716 1558 773 1627 dat,
796 1559 902 1630 quique
914 1550 958 1614 eo
997 1563 1116 1628 ctmnnr,
1138 1560 1180 1615 vel
1201 1578 1408 1633 prosequamur
1427 1562 1558 1632 dicendo,
1572 1580 1660 1636 φιιιιι
1674 1565 1764 1621 multa
1777 1583 1812 1621 ex

129 1656 215 1724 pacto
230 1652 354 1707 officium
366 1651 490 1720 redimit,
506 1667 564 1706 non
587 1651 641 1705 hoe
663 1655 775 1706 hatum
793 1652 850 1721 dat,
873 1651 948 1724 quod
998 1653 1215 1723 provincialium
1224 1654 1440 1726 magistratuum
1462 1656 1812 1727 lurtisatrociaeveniant,

130 1749 273 1817 praetextu
293 1746 334 1814 tut
355 1744 506 1816 appellant)
536 1744 738 1816 suffragiorum
756 1724 1113 1816 excogitatumBnemine
1127 1747 1249 1802 audente
1268 1763 1316 1802 eos
1331 1748 1419 1804 libere
1439 1748 1595 1821 increpare,
1611 1750 1745 1804 continuo
1758 1750 1814 1807 illis

131 1845 184 1909 cst,
199 1838 247 1894 sed
261 1837 345 1893 etiam
356 1837 433 1892 aliud
447 1837 621 1893 extrinsecus
630 1838 720 1893 multo
729 1838 852 1910 amplius
865 1854 948 1893 mcu-

132 1932 234 2001 mulat,
245 1936 278 1987 ut
298 1931 376 2003 prius
389 1929 424 1985 ab
447 1930 480 1984 iis
504 1931 623 2002 gratiam
642 1931 728 1998 ineat,
747 1931 796 2003 qui
815 1931 858 1986 vel
880 1948 948 1987 con-

131 2026 208 2080 ferre
230 2024 364 2094 officium,
384 2024 428 2078 val
454 2023 562 2078 ambire
584 2024 696 2079 solent?
719 2025 752 2079 at
768 2024 807 2078 sic
822 2041 879 2078 uno
893 2025 943 2080 ab·

130 2117 218 2173 surdo
232 2116 371 2189 principio
383 2116 515 2183 admisso,
525 2116 629 2171 multas
640 2116 741 2171 deinde
755 2133 856 2172 manus
867 2118 950 2173 obeat

133 2227 248 2267 necesse
272 2215 322 2280 est,
348 2210 396 2281 qui
418 2210 504 2265 semel
527 2209 626 2281 largiri
652 2209 745 2281 coepit,
766 2213 794 2264 et
812 2210 949 2283 quidquid

132 2304 162 2359 id
182 2303 246 2359 auri
268 2308 320 2373 est,
344 2319 402 2358 non
424 2304 459 2358 de
471 2318 522 2357 suo
536 2301 609 2357 forte
627 2301 761 2374 prebeat,
784 2302 831 2357 sed
849 2307 950 2359 mutuo

133 2402 291 2469 sumptum,
305 2399 335 2453 et
348 2402 381 2452 ut
395 2400 529 2452 mutuum
539 2395 666 2467 accipere
680 2395 778 2466 possit,
788 2396 892 2450 damno
904 2395 952 2450 ob-

135 2491 239 2545 noxius
253 2506 405 2563 secumque
418 2490 610 2557 ratiocinetur,
628 2489 704 2560 quod
718 2488 887 2544 conveniens
904 2489 950 2557 sit,

133 2588 246 2638 tautum
266 2599 301 2637 ex
317 2582 461 2653 provincia
481 2582 616 2654 recipere,
631 2585 771 2652 quantum
785 2581 828 2635 vel
843 2580 878 2635 ad
893 2581 950 2635 dis·

998 1838 1246 1894 administrationis
1258 1840 1688 1912 emptionempraetendentibus.
1699 1842 1746 1897 llis
1756 1859 1817 1898 om·

998 1931 1082 1985 nibus
1100 1932 1175 2002 apud
1194 1949 1245 1986 nos
1267 1933 1342 2005 ipsos
1361 1933 1390 1988 in
1404 1933 1639 1988 consultationem
1654 1935 1813 2006 propositis,

998 2030 1197 2096 assumptaque
1222 2025 1406 2097 postmodum
1423 2026 1453 2080 in
1474 2026 1684 2082 consultationis
1701 2027 1815 2083 societa-

999 2119 1059 2171 tem
1071 2117 1246 2187 pientissima
1260 2135 1277 2172 a
1290 2119 1345 2174 Deo
1356 2119 1438 2174 nobis
1453 2119 1518 2174 data
1539 2119 1669 2191 conjuge,
1690 2135 1816 2176 commu·

1000 2209 1092 2264 niceto
1106 2215 1244 2280 praeterea
1259 2227 1324 2266 cum
1335 2211 1502 2267 excellentia
1512 2214 1563 2267 tua
1576 2212 1700 2283 negotio,
1712 2222 1811 2284 'quan-

1000 2317 1086 2372 quam
1101 2318 1134 2357 ει
1149 2303 1328 2375 suggestione
1342 2303 1452 2359 consilii
1470 2304 1665 2377 tui-suscepto,
1687 2304 1723 2359 ad
1744 2304 1814 2359 diri-

1001 2410 1067 2449 nam
1081 2395 1154 2450 hanc
1162 2396 1458 2468 legempersenimus,
1471 2413 1614 2469 perquam
1625 2396 1777 2466 sancimus,
1784 2400 1818 2453 ut

1000 2503 1093 2558 neque
1104 2488 1160 2542 ulla
1173 2489 1391 2560 proconsularis,
1406 2504 1501 2561 neque
1516 2489 1559 2560 (ut
1571 2490 1708 2544 hactenus
1720 2489 1818 2562 appel·

1001 2579 1106 2652 larunt)
1126 2581 1240 2648 sicaria,
1263 2598 1357 2655 neque
1375 2599 1471 2638 comes
1491 2581 1622 2649 Orientis,
1637 2597 1730 2654 usque
1742 2598 1819 2654 que-

133 2675 302 2731 solrendum
313 2692 352 2730 ses
362 2676 485 2730 alienum
493 2691 576 2729 suum
586 2679 645 2730 tam
658 2673 689 2728 ιιι
701 2678 775 2729 sorte
788 2690 875 2746 quam
887 2689 953 2728 usu-
1002 2689 1113 2745 cunque
1127 2674 1181 2728 alia
1194 2674 1412 2744 administratio,
1427 2675 1484 2729 sive
1496 2675 1660 2743 consularis,
1680 2675 1738 2730 sive
1759 2689 1819 2729 cor·

134 2770 184 2837 ris,
199 2785 284 2840 quam
300 2768 384 2824 etiam
398 2768 511 2836 damno,
525 2768 599 2838 qubd
613 2771 646 2822 ut
663 2766 951 2837 mutuumacciperet,
1002 2767 1120 2820 rectoria
1147 2765 1277 2838 (quarum
1292 2782 1422 2839 expresse
1440 2767 1615 2822 mentionem
1632 2766 1733 2822 divinos
1752 2765 1820 2825 buia

134 2862 279 2928 sustinuit,
306 2861 371 2915 satis
393 2861 439 2929 sit,
467 2860 508 2914 vel
540 2858 792 2915 administrationis
824 2862 953 2930 tempore
1002 2863 1105 2913 nostrae
1120 2859 1177 2930 legi
1188 2860 1313 2931 subjecta
1335 2859 1432 2915 tabula
1452 2859 1528 2927 facit,
1552 2875 1622 2931 quas
1645 2859 1730 2914 etiam
1746 2859 1820 2916 scm

135 2964 196 3012 tam
205 2954 305 3027 judici,
320 2969 407 3025 quam
420 2952 493 3008 circa
505 2953 598 3024 ipsum
614 2951 801 3019 versantibus,
816 2951 954 3023 largiores
1003 2952 1055 3006 sub
1070 2952 1142 3007 hanc
1156 2953 1252 3024 legem
1264 2952 1439 3023 deducimus)
1453 2951 1634 3025 suffragium,
1649 2955 1699 3008 aut
1712 2969 1764 3023 pro
1774 2952 1819 3008 01-

136 3053 269 3120 sumptus
286 3051 371 3119 atque
390 3049 455 3101 ante
477 3045 614 3112 fecerunt,
638 3045 808 3117 suppeditet,
828 3045 872 3101 rel
890 3049 955 3116 post
1003 3044 1067 3099 licio
1080 3045 1187 3116 aliquid
1201 3045 1251 3100 ulli
1271 3045 1459 3118 magistratui,
1472 3045 1516 3100 vel
1532 3044 1567 3098 iis
1584 3043 1633 3116 qui
1647 3044 1720 3100 circa
1731 3045 1820 3118 magi·

136 3141 261 3198 officium
282 3139 454 3212 depositum,
479 3155 536 3210 quo
551 3138 623 3193 torte
642 3142 770 3209 tempore
789 3153 854 3193 cum
874 3144 953 3209 pote·
1004 3141 1109 3194 stratus
1128 3142 1203 3204 sunt,
1216 3138 1298 3194 aliive
1310 3153 1439 3209 persona
1450 3136 1601 3208 patrocinii
1615 3138 1730 3193 nomine
1748 3155 1820 3210 pre·

137 3239 209 3291 state
223 3250 281 3288 non
295 3233 360 3301 erit,
373 3232 554 3303 inlongiores
567 3231 699 3287 sibiusus
721 3230 808 3285 veluti
831 3230 954 3286 reditum
1004 3236 1088 3299 stent,
1111 3230 1162 3285 sed
1183 3247 1247 3285 cum
1267 3230 1353 3302 gratis
1378 3230 1470 3285 officia
1490 3229 1691 3301 adipiscantur,
1711 3230 1821 3286 modica

137 3331 267 3399 reponat,
282 3331 314 3381 ut
326 3325 403 3397 quod
417 3341 433 3379 a
447 3324 626 3379 collatoribus
650 3323 752 3379 nostris
773 3322 905 3394 erigitur,
925 3324 954 3379 in
1002 3328 1114 3379 mutum
1127 3323 1259 3395 quadam
1272 3323 1388 3378 nomine
1402 3322 1593 3378 codicillorum
1606 3327 1635 3376 et
1642 3321 1818 3392 chartarum,

137 3420 223 3492 triplo
234 3422 284 3474 aut
296 3419 389 3490 potius
400 3417 432 3488 (si
444 3433 510 3472 vera
530 3416 610 3471 decet
631 3416 769 3487 proloqui)
787 3416 817 3471 in
838 3416 955 3486 decuplo
1004 3432 1068 3487 quae
1087 3432 1173 3487 super
1186 3430 1355 3486 unoquoque
1367 3414 1430 3468 dari
1445 3413 1546 3481 solent,
1561 3413 1717 3484 praebcant.
1731 3412 1822 3484 Siqui-

138 3516 254 3585 superet
266 3512 306 3581 id,
321 3510 398 3583 quod
415 3510 451 3564 ab
464 3509 533 3581 ipsis
551 3509 679 3577 dabatur,
700 3525 755 3580 qua
775 3525 807 3562 re
828 3511 856 3562 et
872 3507 956 3563 liscus
1005 3509 1071 3563 dem
1085 3508 1212 3562 tabulm
1229 3507 1294 3561 huic
1312 3506 1413 3560 divinae
1435 3505 1494 3576 legi
1519 3509 1622 3559 nostrie
1639 3504 1820 3575 subjecimus,

138 3606 344 3662 detrimentum
358 3603 468 3658 sentiet.
483 3602 552 3657 Nam
565 3618 629 3673 quae
642 3601 673 3656 in
686 3601 785 3655 liscum
796 3599 894 3655 inferri
903 3600 955 3654 de·
1005 3617 1069 3672 quae
1084 3600 1207 3655 declaret
1217 3598 1285 3671 quid
1297 3602 1525 3669 unumquodque
1540 3595 1666 3651 officium
1680 3597 1723 3651 vel
1737 3597 1768 3651 ιιι
1780 3613 1821 3652 sa·

136 3705 254 3772 bebant,
266 3703 289 3757 si
303 3701 382 3772 puris
395 3700 525 3755 manibus
540 3703 666 3754 uteretur
689 3697 737 3751 ille
759 3696 808 3769 qui
830 3696 956 3752 οιιιιιιιιιι
1006 3709 1053 3749 cro
1068 3696 1162 3747 nostro
1170 3690 1313 3758 laterculo,
1334 3690 1379 3745 vel
1393 3689 1545 3761 injudicio
1567 3689 1741 3745 exceNentiae
1764 3694 1822 3746 ture

137 3797 258 3865 obtinet,
273 3811 304 3850 ea
319 3797 469 3867 postquam
481 3792 530 3864 qui
544 3791 669 3847 officium
685 3789 758 3863 gerit
771 3789 800 3844 iu
815 3805 880 3844 usus
892 3805 957 3845 suos
1006 3785 1208 3852 codicillorum,
1230 3783 1287 3839 sive
1309 3782 1576 3849 instrumentorum,
1600 3782 1646 3838 rel
1660 3782 1822 3853 jussionum

137 3888 286 3957 conuertit,
306 3886 417 3958 penitus
434 3884 470 3939 ad
483 3884 608 3955 inopiam
621 3883 733 3939 redacto
746 3882 955 3951 coNatore,‚hu·
1007 3879 1126 3934 nomine
1140 3878 1268 3950 praebere
1283 3875 1440 3946 conveniat,
1454 3877 1487 3928 ut
1499 3873 1527 3929 id
1536 3878 1633 3930 tamen
1646 3875 1682 3931 sd
1694 3874 1823 3930 modera-

132 3984 183 4055 jus
197 3981 297 4036 deinde
315 3978 442 4050 inopiam
455 3977 490 4032 ab
505 3977 566 4048 ipso
580 3976 726 4031 inductam
737 3974 818 4031 nobis
832 3976 957 4047 reputat.
1008 3972 1122 4027 tionem
1131 3971 1288 4039 redactum,
1301 3985 1360 4026 non
1373 3983 1512 4040 magnum
1519 3966 1559 4022 illi
1570 3983 1686 4023 sensum
1702 3967 1824 4023 etdetri-

138 4076 182 4130 nd
202 4073 264 4128 hac
281 4086 458 4144 quacunque
477 4070 565 4141 impie
587 4073 735 4140 geruntur,
761 4083 794 4123 ea
814 4067 959 4123 meritoin
1007 4069 1139 4119 mentum
1151 4063 1271 4119 adierat.

139 4165 305 4238 hujusmodi
318 4165 481 4220 futurorum
490 4163 664 4217 occasionem
678 4161 849 4216 referuntur.
864 4160 957 4233 Siqui·
1044 4157 1114 4213 lllud
1130 4173 1195 4212 sane
1208 4155 1396 4224 decernimus,
1409 4171 1446 4210 ne
1459 4154 1568 4210 Asiana
1579 4151 1732 4225 provinciae
1746 4151 1821 4207 vica·

138 4262 209 4316 dem
231 4258 439 4330 provinciarum
461 4256 654 4312 moderatores
672 4254 695 4308 si
720 4255 799 4309 lucro
813 4258 843 4308 et
856 4254 960 4324 predae
1008 4251 1077 4317 rius,
1095 4249 1144 4322 qrri
1167 4252 1196 4303 et
1209 4248 1340 4320 Phrygiae
1352 4248 1509 4303 Pacatiana
1521 4261 1626 4319 praeses
1638 4248 1689 4313 est,
1701 4243 1824 4314 amplius

138 4352 244 4408 intenti
257 4352 324 4420 sint,
338 4351 442 4405 multos
462 4365 525 4404 reos
540 4352 633 4403 sontes
652 4351 767 4419 accepta
783 4362 836 4416 pro
859 4345 960 4401 delicto
1010 4359 1042 4397 eo
1055 4341 1211 4413 appelletur
1221 4340 1347 4408 nomine,
1364 4340 1460 4395 sedda
1474 4343 1578 4394 caetero
1599 4353 1705 4392 nomen
1723 4336 1825 4393 habeat

138 4445 261 4518 pecunia
274 4444 432 4511 absolvunt,
446 4442 548 4497 multos
568 4456 666 4494 rursm
687 4439 822 4504 insontes,
840 4443 872 4493 ut
892 4454 957 4493 son·
967 4435 998 4508 Ι)
1008 4433 1124 4491 Comitis
1136 4432 1292 4488 Pacatiana
1305 4431 1445 4503 Phrygiae,
1461 4432 1616 4502 cademque
1628 4446 1663 4485 ex
1682 4430 1749 4484 fiseo
1770 4445 1822 4484 an·

135 4540 215 4594 tibus
230 4537 352 4609 gratiam
370 4535 483 4602 saciant,
497 4533 700 4590 condemnant.
715 4532 813 4602 Neque
826 4530 857 4584 in
869 4546 957 4602 pecu·
1009 4541 1147 4581 nonarum
1155 4528 1183 4578 et
1195 4523 1320 4594 capitum
1339 4521 1421 4577 titulo
1435 4521 1518 4589 ferat,
1544 4538 1609 4594 qua
1626 4538 1678 4594 pro
1699 4526 1823 4592 utroque

136 4631 239 4687 ιιιιιιιιι
251 4634 366 4686 tantmu
382 4630 435 4684 hoc
448 4627 538 4683 causis
553 4630 653 4697 agunt,
669 4625 719 4680 sed
741 4622 829 4678 etiam
855 4622 885 4677 in
904 4621 958 4677 eri·
1008 4616 1294 4690 officiousqueadhuc
1306 4615 1442 4689 percepit,
1456 4614 1534 4671 nullo
1546 4632 1580 4678 ex
1597 4615 1650 4670 hoc
1663 4613 1820 4670 deminuto.

136 4725 266 4781 minibus
287 4722 419 4796 publicis,
444 4721 493 4775 ubi
519 4720 554 4776 de
577 4719 634 4773 rita
648 4716 807 4788 periculum
821 4717 958 4785 versatur.
1008 4713 1105 4784 Neque
1117 4710 1226 4766 duabus
1235 4709 1396 4765 cohortibus
1409 4712 1515 4778 utatur,
1531 4708 1580 4764 sed
1590 4723 1625 4762 ex
1636 4709 1754 4779 utraque
1767 4711 1826 4762 tam

139 4818 212 4874 ilinc
223 4834 258 4872 ex
272 4815 422 4888 provinciis
434 4814 512 4887 fugae
527 4813 661 4878 existunt,
685 4810 752 4865 hinc
776 4825 811 4864 ex
829 4808 961 4865 omnibus
1010 4804 1148 4878 praesidis,
1161 4819 1247 4875 quam
1253 4801 1349 4858 sicarii
1355 4800 1441 4857 simul
1453 4800 1599 4873 permista,
1609 4799 1827 4854 unaComitiana

139 4911 247 4983 passim
260 4909 327 4965 locis
341 4911 488 4980 gementes
504 4907 560 4961 huc
572 4903 719 4959 confluunt
727 4901 894 4973 sacerdotes,
910 4901 959 4958 de·
1011 4915 1042 4954 re
1063 4901 1093 4953 et
1111 4895 1225 4952 nomine
1247 4895 1436 4951 constituatur
1455 4893 1634 4965 publicorum
1654 4891 1827 4948 tributorum

140 5004 283 5071 canones,
299 5001 468 5068 cohortales,
480 5005 574 5071 patres
586 4996 757 5053 familiarum
776 4995 890 5068 plebeii,
911 5010 960 5050 ru·
1011 4990 1136 5064 periculo
1147 4989 1201 5063 ipsi
1215 4988 1301 5044 simul
1316 4993 1345 5044 et
1359 4987 1489 5042 omnibus
1500 4985 1676 5056 imminente,
1691 4982 1828 5041 nimirum

141 5097 216 5166 stici,
230 5096 337 5167 optimo
346 5096 412 5167 jure
420 5093 551 5166 judicum
565 5096 726 5148 nostrorum
744 5089 849 5160 rapinis
868 5093 897 5144 et
917 5087 961 5142 in-
1012 5101 1070 5140 una
1082 5084 1197 5140 cohorte
1210 5081 1369 5149 constituta,
1380 5084 1408 5136 et
1416 5079 1446 5134 in
1458 5078 1537 5135 nullo
1550 5076 1828 5149 pertinaciusque

138 5189 226 5262 iuriis
251 5193 456 5244 succensentes.
483 5188 578 5257 Neque
599 5199 712 5240 meane
732 5182 789 5238 sola
811 5181 895 5248 flunt,
914 5179 963 5236 sed
1014 5177 1148 5232 universis
1159 5177 1187 5232 in
1195 5192 1253 5231 uno
1268 5173 1356 5230 veluti
1367 5171 1486 5244 collegio
1495 5170 1668 5242 conjunctim
1681 5169 1827 5227 militanti·

143 5283 233 5339 stiam
253 5283 282 5337 in
302 5281 460 5337 civitatibus
481 5279 633 5335 seditiones
656 5282 685 5332 et
705 5274 857 5348 populares
869 5278 964 5330 motus
1012 5270 1066 5325 bus
1079 5286 1086 5323 :
1101 5268 1194 5324 ferens
1208 5269 1324 5324 itemex
1336 5264 1585 5338 publicoannonas
1600 5268 1629 5318 et
1648 5263 1738 5336 capita
1756 5279 1827 5335 pro·

142 5376 273 5448 pecunia
287 5373 503 5447 (utplurimum)
519 5388 603 5427 causa
612 5376 641 5426 et
652 5369 810 5425 excitantur
824 5370 853 5421 et
871 5365 962 5438 repri-
1014 5366 1078 5436 pter
1090 5361 1321 5434 congeminatum
1335 5356 1504 5431 periculum,
1524 5372 1588 5428 que
1607 5361 1727 5428 unaque
1746 5359 1830 5410 antea

144 5473 274 5524 muntur.
290 5470 321 5523 ln
336 5483 451 5522 summa
465 5466 525 5521 haec
534 5467 577 5520 est
588 5463 717 5518 omnium
729 5461 870 5515 malmum
883 5474 966 5514 causa
1015 5455 1115 5511 cohors
1131 5453 1252 5510 ferebat.
1266 5452 1326 5506 Non
1339 5455 1435 5507 umen
1447 5451 1556 5504 utente
1569 5447 1685 5520 quidem
1698 5444 1828 5512 vicarius,

145 5566 175 5618 et
184 5561 320 5632 pecunias
333 5532 780 5630 exofficiiseonquirereomnium
792 5551 965 5623 flagitiorum
1015 5564 1092 5603 nunc
1118 5563 1184 5602 vero
1209 5543 1365 5618 spectabilis
1388 5542 1544 5599 Pacatiana
1565 5539 1696 5611 Phrygia
1722 5550 1829 5603 comos,

147 5653 322 5728 principium
337 5653 450 5709 ettinis.
464 5653 498 5708 Et
512 5651 646 5723 profecto,
669 5646 746 5720 quod
767 5661 845 5701 saera
866 5645 968 5701 docent
1016 5641 1103 5696 ullam
1116 5638 1231 5695 omuino
1252 5637 1282 5694 in
1299 5640 1414 5713 caeteras
1434 5633 1530 5693 Asiani
1549 5634 1654 5689 tractus
1673 5627 1831 5700 provincias
1907 5702 1909 5707 Α

148 5747 275 5821 eloquia,
293 5746 477 5804 admiratione
499 5745 619 5819 dignum
644 5740 774 5804 simulet
788 5738 967 5795 renssimum
1016 5737 1185 5809 potestatem
1200 5731 1253 5791 sibi
1271 5735 1300 5788 et
1311 5730 1466 5807 imperium
1483 5726 1611 5798 usurpet,
1633 5720 1681 5778 sed
1699 5720 1833 5796 quemad·
