3884 6150
64 255 116 310 ool
602 250 762 308 ANTONlNl
782 250 982 309 PLACENTINI
1002 251 1233 309 lTlNERhRIUM.
1397 303 1410 318 ,
1701 256 1753 309 902

66 360 153 416 debat
165 358 319 415 infantibus
336 376 343 415 :
360 376 424 432 quaa
437 361 535 416 trabs*
548 377 565 415 a
577 360 743 417 Christianis
758 359 889 432 agitatur
898 370 928 444 Α
937 363 1092 432 vespertina
1100 361 1270 417 mundantur
1282 361 1480 418 themardum
1496 361 1590 433 ipsum
1595 375 1661 416 vero
1667 360 1756 416 cliba-

65 457 96 508 ct
108 453 286 522 sublevatur;
302 454 391 509 Judaei
414 470 480 509 vero
502 470 564 509 eam
583 454 761 510 nullomodo
779 453 887 525 agitare
938 469 1009 508 num
1026 454 1134 526 grande
1146 457 1189 509 εει
1201 454 1314 524 solium,
1329 455 1405 526 quod
1418 454 1488 509 dum
1504 454 1656 528 impletum
1674 454 1760 511 suerit

66 551 203 618 possunt:
219 547 266 603 sed
276 563 327 602 nec
341 548 481 620 permittit
491 564 520 603 se
533 549 608 603 foras
621 546 691 602 tolli.
708 548 813 602 Domus
828 564 889 601 san-
938 547 1032 601 omnia
1043 546 1114 602 ostia
1126 547 1314 603 clauduntur:
1331 554 1359 605 et
1368 565 1420 621 per
1434 548 1538 604 ostium
1551 549 1705 604 mittuntur
1718 548 1758 603 in-

68 644 125 710 cta,
139 640 255 696 basilica
269 645 324 707 cst,
337 646 366 696 et
378 641 467 697 multa
487 644 554 695 sunt
566 640 606 695 ibi
625 639 762 696 beneficia
778 640 813 695 de
841 656 887 694 vc·
938 644 984 695 tus
998 639 1150 695 luminaria
1163 644 1191 696 ct
1211 641 1358 697 incensum
1368 660 1376 712 ;
1396 647 1426 697 et
1447 642 1547 697 sedent
1564 642 1594 696 in
1616 642 1669 696 isto
1689 641 1759 696 solio

67 733 209 788 stimentis
224 733 295 804 ejus.
307 736 338 790 ln
351 734 460 789 civitate
478 750 544 789 vero
559 738 635 790 muta
654 740 696 789 est
714 734 805 806 gratia
823 750 887 788 mu·
938 737 996 789 tota
1007 736 1089 788 nocte
1104 750 1111 788 :
1126 740 1154 789 et
1173 734 1242 789 dum
1262 737 1384 807 soporati
1404 735 1523 804 fuerint,
1546 733 1620 790 ridet
1643 735 1690 789 ille
1708 735 1757 807 qui

67 826 173 881 lienum
183 827 384 895 llaebraearum,
396 832 429 882 ut
438 827 678 883 intraillaminter
688 827 817 883 llebraeas
830 829 890 899 pul·
939 827 1092 882 mundatus
1104 827 1299 899 estaliquamd
1314 829 1452 885 visionem
1466 845 1473 883 ε
1487 834 1516 884 ει
1529 828 1597 883 dum
1610 828 1703 901 ipsam
1711 845 1757 882 rc-

69 920 196 975 chriores
219 936 275 974 non
293 920 495 976 inveniantur:
514 926 542 976 et
558 921 630 977 hoc*
650 938 666 976 a
688 924 787 976 sancta
805 921 890 976 ldaria
939 919 1074 990 citaverit,
1090 920 1266 977 mundantur
1286 922 1407 978 thermae
1428 927 1608 995 perceptam
1628 922 1697 976 dies.
1718 921 1758 976 lbi

70 1012 126 1068 sibi
138 1013 406 1070 concessumdicunt
415 1015 491 1080 (nam
504 1019 532 1070 et
544 1017 691 1086 parentem
701 1031 782 1069 suam
793 1015 892 1070 dicunt
939 1029 1005 1069 vero
1015 1014 1165 1070 defunctus
1178 1019 1220 1070 est
1233 1015 1342 1087 collega
1357 1022 1452 1072 noster
1463 1017 1582 1070 loannes
1595 1015 1629 1069 de
1641 1014 1756 1069 Placen-

71 1107 156 1178 eam),
172 1111 200 1162 ει
211 1108 280 1161 dum
294 1108 370 1162 nulla
391 1108 428 1162 sit
444 1108 565 1163 charitas
581 1108 705 1164 Hebraeis
723 1124 792 1180 erga
809 1108 889 1164 Chri·
938 1106 989 1162 tia.
1004 1108 1065 1180 lpse
1077 1107 1179 1164 ssuvius
1188 1108 1305 1175 calidus,
1320 1108 1370 1180 qui
1383 1109 1510 1164 Gaddera
1523 1108 1634 1176 dieitur,
1646 1108 1759 1164 descen·

71 1200 186 1268 stianos,
202 1200 257 1255 illae
278 1204 344 1255 sunt
365 1200 443 1255 omni
464 1201 602 1257 charitate
621 1202 721 1273 plenae.
745 1201 891 1256 Provincia
941 1200 982 1255 dit
997 1201 1108 1255 torrens
1127 1204 1155 1254 et
1170 1200 1260 1255 intrat
1270 1202 1430 1271 Iordanem,
1442 1206 1470 1257 et
1484 1217 1518 1256 ex
1533 1201 1593 1272 ipso
1607 1201 1759 1273 ampliatur

69 1293 201 1365 paradiso
214 1293 315 1348 similis
328 1294 358 1348 in
369 1294 472 1363 tritico,
489 1293 518 1349 in
532 1294 663 1366 frugibus
681 1294 783 1349 similis
804 1296 888 1366 AEgy-
940 1293 1070 1348 iordanis
1084 1297 1114 1348 ει
1125 1295 1216 1366 major
1227 1295 1268 1349 tlt.

70 1389 136 1456 pto;
152 1385 200 1440 sed
214 1387 350 1457 praecellit
362 1387 393 1442 in
407 1387 474 1442 vino
487 1391 515 1443 et
528 1388 589 1442 oleo
601 1389 630 1442 ει
641 1387 734 1458 pomis
746 1403 778 1441 ac
795 1387 889 1442 melle.
976 1389 1003 1442 8.
1017 1389 1051 1442 Et
1063 1391 1131 1442 tunc
1151 1387 1347 1443 descendimus
1365 1403 1417 1458 per
1437 1387 1580 1442 Galiiaeam
1593 1387 1675 1459 juxta
1695 1390 1755 1443 lor·

70 1478 168 1534 Sedet
185 1479 295 1535 milium
318 1483 397 1536 extro
418 1486 550 1536 naturam
571 1481 661 1535 altum
685 1480 782 1549 nimis,
808 1496 892 1551 supra
941 1479 1056 1550 danem,
1074 1483 1253 1535 transeuntes
1272 1480 1377 1534 multas
1392 1479 1516 1534 civitates
1528 1497 1592 1552 quae
1604 1481 1755 1551 leguntur;

71 1577 205 1628 naturam
221 1573 343 1628 hominis
356 1573 427 1630 talea
436 1591 532 1646 grossa
544 1572 567 1629 ⁸.
942 1577 970 1628 et
988 1573 1118 1628 venimus
1135 1574 1165 1628 in
1186 1573 1329 1628 civitatem
1343 1573 1524 1644 metropolim
1547 1573 1669 1628 Galilaea
1693 1589 1756 1645 quoe

108 1669 134 1721 θ.
152 1667 189 1721 De
201 1667 339 1722 Nazareth
352 1668 481 1722 venimus
500 1668 531 1722 in
550 1672 677 1723 montem
697 1667 824 1723 Thabor:
841 1667 890 1740 qui
941 1668 1059 1720 vocatur
1078 1665 1254 1737 Scythopolis
1274 1677 1295 1734 ⁰,
1317 1666 1346 1720 in
1365 1670 1463 1721 monte
1487 1666 1588 1738 posita,
1612 1667 1662 1721 ubi
1691 1682 1756 1720 san·

69 1760 222 1815 monsexit
237 1760 267 1814 in
279 1760 372 1816 medio
384 1761 543 1832 campestri,
555 1765 630 1816 terra
642 1760 716 1830 riva,
725 1765 824 1817 tenens
834 1761 889 1815 cir·
900 1737 929 1810 Β
940 1764 1035 1814 ειττε...
1051 1759 1154 1815 multas
1174 1764 1305 1830 operatus
1323 1763 1365 1814 est
1381 1759 1508 1814 virtutes.
1529 1760 1630 1815 Deinde
1650 1761 1756 1816 descen·

68 1853 180 1908 cuitum
207 1853 297 1909 millia
312 1870 351 1922 vr,
370 1871 515 1909 ascensum
536 1854 625 1909 millia
647 1870 688 1924 111,
707 1870 819 1910 sursum
832 1853 890 1908 adr
940 1853 1029 1908 dimus
1040 1854 1159 1924 perolio
1176 1855 1233 1908 loco
1255 1854 1388 1909 Samariae
1409 1857 1434 1907 ει
1453 1853 1554 1907 Junaeae
1572 1855 1602 1907 in
1622 1856 1758 1908 civitatem

70 1947 239 2001 autharium
260 1947 387 2018 plenum,
409 1948 438 2002 in
458 1964 516 2019 quo
538 1950 676 2009 sunttres
694 1947 827 2016 ecclesiae,
850 1947 891 2002 di·
939 1946 1103 2002 Sebastenam
1124 1945 1141 2011 1,
1161 1948 1190 2001 in
1203 1963 1258 2016 qno
1269 1948 1413 2016 requiescit
1424 1947 1537 2002 Etisaens
1546 1947 1688 2017 propheto.
1703 1936 1778 2003 Dc·⁸

69 2043 150 2094 ctum
162 2045 205 2096 cst
217 2056 234 2094 a
246 2040 407 2113 discipulis:
421 2042 564 2096 Faciamus
579 2043 622 2096 tic
636 2044 690 2097 trin
701 2041 888 2096 tabernacola.
939 2041 1102 2096 scendentes
1115 2056 1167 2111 per
1187 2038 1364 2110 campestris,
1386 2038 1459 2110 [per]
1475 2039 1600 2095 civitates
1619 2040 1663 2094 vel
1684 2039 1757 2095 vicos

69 2133 103 2188 ln
127 2134 244 2188 circuitu
261 2133 377 2189 diversae
402 2134 529 2189 civitates
553 2151 616 2207 quae
636 2134 666 2189 in
684 2135 756 2189 libro
778 2137 889 2206 Regum
940 2133 1183 2189 Samaritanorum
1193 2138 1222 2188 et
1230 2132 1604 2205 platearundcuansivimus
1614 2132 1754 2205 [vidimus]

69 2225 217 2298 leguntur.
231 2228 270 2283 Da
291 2227 402 2283 Thabor
422 2227 551 2283 venimus
572 2228 608 2283 ad
627 2244 704 2283 mare
725 2228 888 2298 Tiberiadis,
939 2228 1083 2284 venientes
1095 2227 1205 2283 ludaeos
1223 2231 1286 2298 post
1300 2243 1351 2282 nos
1364 2242 1429 2281 cum
1443 2226 1541 2297 paleis,
1567 2226 1684 2297 vestigia
1704 2242 1756 2282 no·

70 2319 256 2376 incivitatem
270 2338 334 2393 qnae
347 2321 889 2394 aliotemporeesteppellataSamaria.
940 2322 1022 2377 stra*
1042 2322 1234 2391 incendentes,
1254 2325 1333 2377 tanta
1354 2324 1397 2376 est
1420 2319 1535 2375 illorum
1563 2319 1718 2375 exsecratio
1732 2333 1755 2376 e.
1794 2320 1808 2330 “

70 2429 150 2469 τιττττε
169 2430 234 2469 τετε
255 2414 358 2470 dicitur
379 2415 508 2487 Neapolis
522 2415 545 2484 b,
566 2415 596 2471 in
613 2431 669 2487 qua
686 2419 842 2488 puteusest
855 2431 889 2470 ex
939 2416 1040 2487 Utique
1061 2415 1226 2471 Christianis
1245 2414 1362 2488 quidem
1384 2430 1552 2486 responsum
1572 2413 1701 2469 faciunt:
1729 2417 1758 2469 at

71 2522 131 2579 quo
145 2508 280 2563 Dominus
298 2525 400 2580 aquam
423 2525 440 2564 a
459 2509 579 2564 muliere
596 2509 772 2565 Samaritana
788 2508 888 2581 petiit;
939 2513 1047 2578 cavent,
1070 2510 1147 2581 quod
1168 2509 1204 2564 ab
1224 2508 1277 2563 illis
1305 2507 1464 2578 amareris,
1481 2523 1538 2562 non
1554 2507 1757 2579 tangasprius·

71 2602 102 2655 et
114 2599 154 2655 ibi
167 2601 281 2656 basilica
298 2607 341 2656 est
359 2602 446 2658 sancti
469 2602 584 2658 ioannis
606 2603 752 2675 Baptistae3
777 2604 805 2656 et
830 2601 890 2673 ipse
939 2619 1024 2674 quam
1037 2603 1160 2674 pretium
1175 2603 1223 2658 des
1240 2619 1246 2657 :
1262 2602 1372 2674 quodsi
1387 2601 1524 2673 tetigeris,
1539 2607 1635 2656 etnon
1649 2618 1758 2673 compa·

70 2698 175 2766 puteus
196 2700 237 2750 est
254 2698 320 2751 ante
340 2696 478 2751 cancellos
494 2694 590 2751 altaris
597 2712 606 2764 ;
629 2699 657 2751 et
675 2694 759 2750 situla
782 2695 817 2750 de
835 2712 891 2766 que
938 2694 1070 2751 τετετίε1
1089 2711 1156 2761 mox
1175 2695 1449 2751 scandalizabuntur.
1469 2696 1539 2749 Nam
1560 2694 1627 2749 ioris
1647 2695 1677 2749 in
1697 2695 1757 2750 vico

71 2786 177 2843 dicitur
189 2789 325 2845 Dominus
338 2789 450 2859 bibisse,
466 2793 495 2845 et
514 2788 597 2844 multi
621 2788 690 2860 oegri
712 2788 751 2843 ibi
772 2788 891 2844 veniunt
938 2790 1044 2845 habent
1062 2806 1126 2845 cum
1146 2790 1230 2844 domo
1243 2789 1425 2862 unapositai
1442 2788 1518 2860 quod
1537 2788 1630 2859 ipsum
1650 2788 1757 2843 iaciunt

72 2884 105 2935 ει
117 2886 263 2938 sanantur.
938 2899 1116 2956 responsum.
1133 2884 1268 2938 Nummos
1288 2882 1322 2937 de
1344 2898 1432 2937 manu
1451 2887 1499 2937 tua
1512 2898 1569 2936 non
1583 2882 1732 2953 accipient,
1746 2882 1757 2905 ⁶

110 2979 137 3028 7.
159 2975 264 3031 Deinde
287 2977 415 3032 venimus
436 2977 466 3032 in
491 2975 632 3032 civitatem
658 2975 834 3031 Tiberiadem
859 2975 889 3031 in
937 2977 987 3032 sad
1010 2982 1040 3032 tu
1063 2977 1092 3033 in
1115 2993 1218 3051 aquam
1237 2976 1367 3049 projicies
1388 2992 1453 3046 eos;
1475 2980 1504 3032 et
1524 2976 1693 3031 denuntiant
1706 2973 1757 3031 tibi

71 3083 131 3141 qua
141 3072 207 3123 sunt
220 3070 340 3125 thermae
352 3070 442 3125 salsa.
459 3069 510 3125 liic
522 3085 596 3142 aqua
609 3069 696 3124 maris
708 3067 783 3124 illius
800 3069 927 3183 dulcisC
940 3071 1016 3143 quod
1031 3070 1108 3144 [nou]
1131 3071 1310 3143 ingrediaris.
1331 3071 1372 3126 Tu
1392 3086 1460 3125 vero
1480 3069 1538 3125 noli
1557 3086 1713 3143 exspuere;
1735 3070 1758 3125 si

71 3165 126 3231 est,
140 3162 215 3233 qnod
226 3179 303 3218 mare
315 3163 415 3218 circuit
426 3163 514 3218 millia
527 3179 587 3218 vm.
598 3162 704 3219 Deinde
717 3162 846 3218 venimus
860 3163 890 3217 in
940 3169 1036 3220 autem
1055 3165 1210 3237 exspueris,
1228 3163 1498 3220 scandalizabuntur.
1513 3163 1580 3220 Sero
1594 3169 1690 3219 autem
1703 3179 1757 3235 pu-

71 3255 273 3326 Capbarnuum
286 3256 317 3311 in
330 3256 448 3312 domum
460 3256 534 3312 beati
547 3257 631 3324 Petri,
647 3273 712 3329 quae
729 3261 771 3313 εει
787 3257 818 3311 in
839 3257 889 3312 ba·
939 3258 1050 3315 nificant
1065 3275 1094 3314 se
1108 3258 1138 3313 in
1148 3275 1220 3330 aqua
1237 3275 1244 3312 :
1261 3260 1291 3312 ει
1301 3256 1340 3312 εἰε
1352 3257 1555 3329 ingrediuntur
1569 3258 1597 3311 in
1610 3259 1758 3311 vicumaut

71 3348 160 3404 silica.
176 3349 243 3404 lude
255 3350 401 3406 venientes
414 3366 465 3422 per
477 3356 576 3418 castra,
592 3350 637 3405 vel
649 3351 732 3420 vicos,
756 3348 800 3405 vel
821 3349 890 3405 civi·
940 3351 970 3405 in
985 3350 1140 3407 civitatem.

70 3447 153 3511 tates,
169 3443 205 3498 ad
218 3443 288 3499 duos
299 3443 391 3499 fontes
403 3445 543 3511 venimus,
558 3444 662 3500 scilicet
672 3445 720 3498 lor
737 3456 749 3485 0
771 3448 800 3498 et
817 3444 889 3514 Dan,
977 3447 1003 3498 9.
1018 3442 1262 3498 Deindevenimus
1274 3440 1407 3497 inlocum
1421 3441 1471 3497 ubi
1482 3442 1617 3496 Dominus
1631 3441 1664 3496 de
1677 3440 1758 3512 quin·

71 3537 123 3609 qui
141 3536 171 3591 in
183 3553 274 3592 unum
288 3537 418 3608 effluunt,
432 3541 460 3593 et
482 3538 619 3593 vocitatur
631 3538 768 3593 iordanis.
787 3539 892 3592 Parrus
941 3552 998 3608 que
1009 3535 1130 3608 panibus
1142 3539 1171 3591 et
1191 3535 1300 3590 duobus
1321 3535 1446 3607 piscibus
1463 3535 1589 3606 quinque
1606 3533 1757 3589 hominum

71 3629 236 3702 ingreditur
249 3648 339 3702 mure,
354 3634 382 3686 ει
399 3632 554 3703 pertransit
568 3634 659 3686 totum
673 3630 759 3686 maris
774 3631 891 3703 pelagus
941 3629 1032 3685 millia
1051 3628 1170 3698 satiavit,
1186 3632 1266 3684 extra
1281 3628 1414 3683 mulieres
1427 3635 1455 3682 et
1470 3629 1625 3699 parrulos:
1646 3633 1758 3683 extenta
1815 3630 1819 3637 '

71 3725 392 3796 usqueadlittusmaris.
402 3727 654 3797 Revertentespost
663 3725 846 3780 nosvenimus
856 3724 891 3779 ad
941 3715 1099 3795 campania,
1115 3722 1216 3777 oliveta
1227 3724 1256 3776 et
1269 3722 1403 3795 palmeta.
1418 3723 1485 3778 Inde
1497 3725 1618 3778 uenimus
1629 3722 1665 3776 ad
1672 3722 1758 3777 locum

72 3816 169 3872 locum
190 3818 239 3873 ubi
263 3819 390 3874 iordanis
409 3818 555 3889 egreditur
571 3833 659 3872 mare.
673 3819 709 3872 Et
724 3820 823 3888 inipso
837 3819 892 3872 loco
941 3817 989 3871 nti
1013 3816 1167 3888 baptizatus
1187 3821 1226 3871 εει
1248 3818 1385 3871 Dominio.
1407 3818 1440 3871 ln
1459 3817 1507 3871 illo
1533 3818 1586 3873 loco
1599 3818 1651 3886 tilii
1674 3814 1760 3872 lsrael

72 3913 250 3968 manavimus
259 3914 415 3976 Jordanem,
424 3917 450 3967 ει
463 3915 584 3967 vertimus
596 3913 769 3966 intinitatem
782 3927 893 3982 queue
943 3910 1291 3974 transinemntlordancm,
1301 3910 1761 3982 ettiliipropbetcrnmperdidcrnnt

72 4009 154 4060 entur
164 4004 290 4061 chdero
303 4007 317 4047 1
332 4022 392 4077 qna
403 4011 429 4062 ει
441 4005 552 4061 Gabaon
563 4006 671 4061 dicitnr.
689 4007 720 4060 ln
742 4008 796 4061 istc
812 4010 894 4077 parte
943 4006 1067 4072 securim·
1078 4009 1103 4060 ει
1113 4020 1147 4060 cc
1158 4005 1215 4075 ipso
1233 4005 1288 4059 loco
1303 4005 1380 4059 lilios
1390 4009 1544 4076 assumptus
1556 4009 1597 4060 εει
1611 4006 1639 4059 in
1653 4004 1757 4059 coelnm.

73 4100 205 4160 ciuitatis
219 4100 392 4155 milliarium
409 4101 444 4155 nb
459 4101 534 4163 urbe,
550 4105 613 4155 snnt
627 4115 704 4170 oque
718 4100 823 4163 cctidae,
834 4115 894 4169 qnae
944 4098 1039 4171 ibique
1054 4114 1136 4153 mons
1152 4093 1290 4153 llermont¹
1306 4097 1444 4167 modicus,
1459 4098 1507 4168 qui
1522 4097 1627 4169 legitur
1641 4097 1668 4150 in
1684 4098 1757 4151 Psal-

73 4192 251 4262 nppellnntnr
262 4193 370 4248 thermae
381 4195 460 4258 Elia,
475 4194 521 4248 nbi
539 4194 637 4264 leprosi
653 4194 828 4248 mandantur.
852 4194 895 4248 lbi
943 4192 1043 4247 moad
1060 4192 1147 4264 pedes
1161 4193 1265 4246 montis
1281 4191 1368 4263 ipsius
1380 4191 1505 4245 ascendit
1519 4189 1644 4245 delluvio
1657 4189 1757 4258 nubes,

74 4289 114 4341 eet
124 4286 329 4356 senodochium,
347 4286 458 4343 delicias
471 4288 504 4342 dc
517 4288 626 4357 publico
647 4287 757 4350 ιιαὸετιε,
781 4291 807 4342 ει
828 4288 894 4342 nore
944 4289 972 4340 et
982 4286 1052 4340 hora
1067 4285 1277 4356 primaeriente
1292 4286 1349 4339 selo
1363 4283 1585 4354 Hierosolymam
1597 4282 1695 4337 venit⁴
1709 4299 1757 4337 su-

111 4469 168 4527 ⁸ld
184 4475 226 4527 est
239 4471 352 4527 hominis
362 4472 468 4544 proceri
481 4490 489 4538 3
508 4471 580 4526 talen
595 4475 690 4526 autem
702 4486 755 4543 pro
766 4469 931 4546 longitu-l)
978 4469 988 4510 1
1008 4472 1042 4526 ιιι
1061 4469 1245 4538 Sebastenam,
1267 4468 1294 4523 id
1312 4472 1354 4524 est
1375 4468 1531 4523 Samariam
1552 4467 1691 4532 veniatur,
1706 4484 1759 4524 nec

74 4542 154 4610 dine,
167 4559 221 4598 vox
232 4545 274 4598 est
285 4545 399 4614 accepta
418 4559 453 4598 ex
473 4541 622 4597 remacula
643 4542 778 4597 Italorum
795 4541 893 4612 lingua
942 4558 1017 4596 unus
1030 4541 1145 4621 quidem
1160 4540 1264 4620 ludoeae
1278 4539 1356 4594 locus
1368 4539 1550 4612 attingendus
1564 4544 1624 4596 est:
1637 4541 1673 4597 ad
1685 4541 1760 4597 hanc

76 4615 177 4685 melin,
192 4614 304 4670 Francis
320 4615 406 4669 tuille.
943 4616 1039 4667 autem
1052 4628 1177 4683 primurn
1190 4616 1313 4680 venitur,
1327 4615 1391 4682 post
1403 4626 1549 4666 emensam
1562 4614 1651 4667 totam
1664 4615 1758 4685 regio·

113 4694 128 4734 1
142 4693 268 4749 Samaria
280 4693 347 4748 urbs
359 4693 573 4759 mediterranea,
589 4693 701 4748 distata
719 4691 792 4746 mari
811 4692 893 4748 Tibe·
944 4700 1011 4739 nem
1027 4683 1283 4738 51111111110111111.

75 4762 165 4820 riadis
174 4764 261 4836 duplo
273 4765 385 4836 longius
393 4781 479 4837 quam
492 4764 552 4835 ipse
565 4780 647 4818 mons
660 4762 785 4819 Thabor:
801 4780 895 4835 neque
980 4775 993 4816 a
1007 4763 1123 4817 Videtur
1139 4777 1297 4887 supponere
1309 4765 1407 4816 auctor
1419 4761 1495 4834 quod
1504 4766 1593 4819 totam
1611 4766 1758 4837 regionem

75 4836 151 4905 haec,
166 4836 215 4892 sed
229 4836 320 4891 vicina
333 4836 428 4891 civitas
447 4835 545 4891 Sichur
560 4839 657 4906 postea
673 4834 748 4890 dicta
765 4840 807 4890 εει
824 4835 894 4889 Νεε-
941 4851 1001 4961 pam
1014 4833 1119 4888 dictam
1131 4834 1164 4887 lu
1185 4833 1217 4887 εἰ
1229 4838 1369 4901 tenerent,
1383 4835 1411 4888 et
1425 4833 1542 4914 quidem
1561 4834 1758 4910 tamjscrupu·
1849 4880 1852 4886 .

77 4906 163 4980 polis.
185 4908 257 4962 Cum
276 4923 344 4978 ergo
360 4906 474 4962 loannis
487 4923 514 4962 iv
525 4907 651 4961 dicitur:
671 4908 751 4962 Venit
763 4909 838 4961 lesus
858 4907 896 4962 nd
955 4906 996 4960 osi
1008 4908 1108 4959 contra
1121 4904 1301 4971 Christianos,
1318 4911 1349 4959 ut
1362 4910 1501 4976 seqnitur.

78 4980 217 5034 1111111111
228 4981 361 5036 &maria
378 4993 438 5048 11113
450 4976 551 5032 difflui
565 4977 672 5040 31111111,
692 4976 828 5047 accipitur
843 4977 894 5057 Sa·
979 4984 993 5025 h
1009 4987 1179 5056 Comparare,
1194 4984 1266 5040 ltalis
1275 4985 1391 5057 proprio
1403 4984 1555 5053 idiotismo,
1565 5001 1658 5051 emere,
1674 4990 1759 5063 vulgo

77 5049 180 5116 meria,
194 5066 252 5104 non
261 5066 313 5121 pre
325 5049 388 5121 ipsa
401 5048 520 5117 civitate,
537 5048 585 5103 sad
597 5064 650 5120 pro
663 5052 722 5103 toto
735 5062 768 5103 co
781 5051 894 5102 territo·
945 5072 1094 5127 comprare,
1109 5056 1185 5110 unde
1198 5071 1317 5125 compro,
1333 5055 1450 5127 emptio,

77 5119 542 5210 1101113111191111111511111111·
666 5197 671 5209 ,
981 5141 988 5178 i
1006 5135 1105 5208 AEdipo
1120 5140 1186 5218 eget
1200 5135 1245 5190 hic
1264 5137 1350 5191 locus.
1377 5136 1508 5207 Suspicor
1527 5136 1645 5195 indicari
1666 5143 1761 5201 forum

116 5211 128 5241 ⁶
144 5199 180 5254 Ut
190 5200 225 5255 ad
237 5200 291 5255 hos
302 5200 396 5255 sonus
407 5205 560 5268 venlrcitm
573 5198 747 5254 remchenda
758 5201 818 5252 emi
831 5200 897 5279 'tota
946 5225 1042 5264 rerum
1056 5208 1210 5273 vennhum,
1225 5210 1305 5261 extra
1314 5207 1388 5261 vicos
1397 5206 1521 5277 positum
1535 5225 1585 5280 ppo
1598 5213 1761 5271 Christianis

78 5270 420 5344 1111611111111111111101,
442 5270 895 5343 111111111111101111111111111·
946 5295 1041 5336 emere
1054 5278 1224 5344 volentibus,
1240 5277 1289 5331 ubi
1302 5277 1355 5331 illis
1367 5294 1534 5349 responsum
1546 5280 1650 5340 faciant
1660 5286 1760 5354 ludaei,
1809 5310 1814 5314 ·

78 5348 126 5398 1111
137 5344 183 5398 2⁰·
946 5369 982 5406 ne
996 5366 1094 5405 eorum
1105 5350 1233 5420 ingressu
1245 5348 1399 5404 immundae
1410 5351 1478 5404 liant
1492 5351 1680 5411 habitationes
1691 5373 1759 5411 suae.

116 5429 130 5470 d
142 5422 278 5477 Gadaram
290 5438 380 5494 prope
391 5422 484 5477 lacum
498 5421 669 5476 Genezareth
683 5419 748 5475 novi
762 5436 769 5474 :
784 5420 897 5475 Gabaon
946 5422 1000 5478 Sed
1013 5421 1076 5491 quis
1088 5420 1158 5474 talia
1170 5435 1298 5490 unquam
1312 5420 1416 5475 Judaeis
1430 5421 1541 5477 affinxit
1553 5424 1567 5478 i

78 5494 200 5550 unicum
213 5509 298 5548 sacroe
313 5494 424 5548 Litterae
438 5492 587 5547 nominant
604 5493 632 5547 in
651 5492 728 5547 tribu
751 5490 897 5561 Bcnjamin
980 5500 988 5554 i
1010 5501 1070 5554 Non
1083 5500 1118 5554 ad
1130 5497 1279 5553 tardonem
1296 5504 1338 5554 εει
1356 5516 1437 5555 mons
1458 5503 1595 5573 Hermon3
1619 5505 1667 5560 sed
1690 5505 1760 5560 alius

79 5581 174 5639 prope
189 5565 352 5633 Jerusalem,
368 5565 451 5636 longe
464 5583 480 5618 a
494 5564 568 5620 dicto
582 5563 653 5617 lacu.
947 5572 1039 5642 major
1052 5572 1081 5625 in
1093 5569 1252 5640 Coelesyria,
1268 5571 1447 5627 continuatus
1459 5589 1524 5627 cum
1544 5573 1664 5643 Liban03
1688 5575 1760 5631 alius

117 5645 216 5708 ⁸0uin
248 5661 273 5700 re
286 5652 318 5699 ut
332 5661 476 5699 summum
495 5646 631 5699 horarum
654 5645 708 5698 iter
731 5648 773 5699 est
793 5643 899 5698 Gadara
947 5641 1043 5698 minor
1055 5642 1084 5696 in
1097 5641 1220 5710 Galilaea,
1235 5642 1270 5695 ad
1281 5646 1438 5698 torrentem
1452 5642 1558 5708 Cisson,
1579 5643 1654 5699 haud
1676 5645 1761 5719 longe

49 5781 63 5792 ί
80 5716 227 5787 Scythopo
240 5717 290 5784 im,
325 5717 423 5770 reinde
435 5717 531 5770 intem
545 5714 624 5769 brevi
633 5715 722 5786 spatio
736 5730 793 5770 non
805 5714 899 5786 potuit
947 5712 1128 5769 crhaboreo
1140 5718 1235 5767 monte
1251 5718 1328 5768 trans
1341 5717 1498 5768 torrentem
1510 5712 1611 5783 posito.

80 5787 307 5862 qtrismultasur
342 5786 509 5842 strausisse.
