3884 6150
88 290 125 347 85
488 288 662 349 Expostulo
680 292 799 347 Bautis
817 291 982 348 tl'sultulr:
1000 292 1128 348 Gamla.
1149 322 1183 333 -
1201 294 1381 352 .tbttuxttlo
1486 291 1488 295 ’
1738 300 1772 358 86

87 418 124 458 ex
146 400 290 458 veteribus
307 399 490 473 scriptoribus
507 401 542 456 ob
562 401 657 457 oculos
675 400 766 473 ponit.
781 400 836 457 Sed
855 400 917 456 haec
932 417 984 472 pro
1004 400 1046 456 rei
1066 401 1205 474 dignitate
1226 406 1255 457 et
1273 401 1473 474 magnitudine
1494 404 1566 463 levia
1588 411 1664 466 sunt.
1687 409 1773 469 llvrlto

87 491 200 548 felicius
209 507 270 547 rem
280 495 429 547 exsecutus
439 495 481 547 est
489 491 533 548 vir
543 492 640 548 multa
652 490 820 547 eruditionis
832 491 969 563 Iosephus
978 490 1154 562 Themesius,
1164 492 1214 564 qui
1224 493 1321 548 Romae
1333 497 1390 548 tres
1399 498 1507 551 veteres
1516 497 1629 555 Codices
1638 500 1773 574 Liturgiaa

88 586 241 642 Gallicana
258 601 293 640 ex
307 584 478 642 bibliotheca
494 585 602 657 reginae
619 585 727 641 snecta
745 583 820 656 typis
840 583 998 655 mandavit,
1014 599 1130 640 rursum
1146 584 1258 640 Parisiis
1276 600 1389 640 recusos
1401 601 1418 640 a
1430 587 1588 646 ldebillonio
1607 607 1673 647 cum
1684 591 1773 649 veteri

88 675 266 732 Lectionario
280 675 422 731 Gallicano
438 675 473 731 ab
487 691 520 731 eo
534 674 564 731 in
578 673 746 730 Luxoviensi
760 672 931 729 monasterio
943 677 1066 744 reperto,
1081 677 1110 728 at
1122 673 1240 729 eruditis
1253 674 1493 733 observationibus
1507 678 1645 736 illustrato
1659 698 1666 737 :
1680 682 1730 754 qui
1745 686 1774 739 et

87 765 152 837 ipse
173 770 309 838 quartum
322 764 457 838 Liturgira
475 764 625 821 Gallicanae
638 763 768 820 Codicem
788 780 823 818 ex
844 762 1013 818 bibliotheca
1028 762 1160 818 Bobiensi
1173 762 1281 834 publici
1289 764 1363 834 juris
1374 764 1439 820 fecit
1452 766 1481 822 iu
1497 768 1583 824 Musei
1598 770 1684 826 ltalici
1695 775 1772 827 tomo

88 856 197 926 primo.
214 857 318 911 Verum
337 854 383 910 his
404 855 537 911 omnibus
550 855 581 910 in
600 854 690 921 libris,
712 853 741 910 id
762 869 853 909 unum
874 852 1020 919 duntaxat,
1039 852 1115 924 quod
1134 857 1230 907 tamen
1247 853 1425 925 precipuum
1444 859 1497 927 est,
1511 857 1660 926 babemus,
1674 863 1707 914 ιιι
1725 875 1773 916 ιιι

90 945 215 1000 semmua
234 962 341 1017 preces,
358 962 427 1018 quas
448 946 484 1001 ad
504 945 591 1001 altare
611 943 755 1000 celebrans
775 943 904 1000 sacerdos
923 943 1063 1012 recitaret,
1078 959 1144 998 eum
1161 942 1330 998 lectionibus
1349 960 1418 1015 quas
1438 945 1508 1001 sacri
1528 947 1651 1003 ministri
1665 948 1773 1021 populo

88 1035 323 1106 pronuntiabant.
337 1039 372 1093 lt
385 1036 454 1109 quid
466 1035 582 1092 interim
597 1035 701 1090 chorus
714 1035 887 1105 demutaret,
901 1049 991 1106 quove
1005 1033 1115 1104 ordine,
1131 1049 1184 1112 uoq
1196 1032 1333 1088 hactenus
1348 1033 1462 1090 latebat.
1478 1035 1507 1090 ld
1520 1036 1635 1108 quidem
1649 1038 1771 1095 auctori-

89 1128 148 1179 tate
158 1130 289 1181 aeterum
310 1127 503 1183 demonstrare
524 1126 642 1198 quidam
661 1128 857 1191 tentaverunt;
873 1139 973 1183 verum
986 1123 1104 1178 omnino
1124 1122 1183 1178 tere
1195 1122 1349 1179 incassum.
1365 1124 1435 1181 lt'am
1448 1128 1639 1200 praeterquam
1652 1127 1728 1200 quod
1742 1127 1773 1184 in

89 1214 193 1270 multis
208 1214 380 1287 defecerunt,
397 1217 428 1271 in
439 1215 580 1291 aliquibus
593 1215 680 1271 etiam
693 1217 868 1270 erraverunt.

128 1331 200 1388 lllud
213 1337 309 1390 autem
321 1334 508 1391 emolumenti
520 1351 556 1390 ex
571 1334 701 1406 sequenti
718 1333 898 1406 Expositions
916 1332 1042 1406 unuquae
1060 1333 1208 1389 Gallicana
1222 1332 1357 1407 Liturgiae
1372 1332 1481 1405 accidit,
1495 1339 1528 1391 ut
1539 1335 1682 1409 integrum
1697 1337 1773 1394 illius

89 1421 232 1494 ordinem,
246 1423 349 1496 quidve
361 1425 392 1479 in
404 1425 490 1480 choro
501 1427 673 1494 cantaretur,
688 1422 801 1496 penitus
816 1423 979 1481 resciamus.

126 1539 200 1594 Nam
224 1540 317 1613 primo
341 1540 468 1615 liturgia
489 1541 642 1613 incipiebat
663 1540 698 1596 ab
723 1539 890 1613 antiphona,
915 1556 1001 1614 quarn
1023 1555 1089 1595 cum
1112 1555 1195 1596 versu
1214 1539 1315 1613 psalmi
1337 1544 1365 1596 et
1394 1541 1482 1613 gloria
1506 1542 1648 1601 Trinitatis
1673 1544 1775 1602 chorus

87 1629 276 1700 praecinebat.

125 1751 154 1804 2.
168 1749 364 1821 Antiphonem
377 1749 549 1822 sequebatur
560 1746 700 1820 praefatio,
713 1764 764 1804 seu
777 1748 933 1804 admonitio
943 1747 977 1803 ed
987 1748 1137 1820 populum,
1150 1763 1236 1819 quarn
1248 1748 1555 1823 sacerdospralegebat
1563 1753 1598 1808 ad
1607 1753 1775 1811 hortandam
1877 1810 1882 1817 ,

90 1838 217 1911 plebem,
232 1844 264 1894 ut
284 1839 420 1911 adquam
438 1843 608 1894 convenerat
625 1838 835 1895 solemnitatem
855 1837 948 1894 debita
966 1853 1032 1894 cum
1047 1837 1227 1893 veneratione
1246 1837 1411 1894 celebraret.
1424 1840 1484 1894 Non
1498 1857 1544 1896 me
1557 1842 1624 1898 latet
1638 1843 1777 1916 quosdam

91 1929 168 1984 iuter
180 1929 369 2001 autiphonam
381 1933 409 1985 et
421 1928 618 2001 praefationem
630 1928 803 1984 constituere
817 1928 959 2001 hymnum
973 1927 1134 2000 angelicum
1147 1945 1164 1983 a
1177 1928 1264 1983 choro
1277 1928 1495 1985 decantandum.
1509 1932 1613 1986 Verum
1627 1933 1656 1988 id
1669 1934 1776 2008 ubsque

90 2017 150 2072 ullo
163 2018 340 2074 auctoritatis
352 2019 547 2075 fundamento.
562 2019 633 2073 Nam
648 2019 705 2074 duo
718 2034 752 2074 ex
767 2018 902 2091 Gregorio
914 2017 1071 2074 Turonensi
1085 2018 1235 2090 locaque
1248 2017 1325 2072 adid
1339 2017 1519 2089 probandum
1532 2018 1689 2094 proferunt,
1703 2023 1776 2079 nibil
1864 2046 1867 2051 ·

91 2123 210 2178 prorsus
233 2108 376 2180 evincunt,
400 2110 450 2165 sed
473 2109 615 2180 hymnum
641 2108 778 2164 illumin
801 2108 969 2181 quibusdam
991 2108 1053 2164 aliis
1073 2107 1325 2180 supplicationibus
1347 2108 1466 2179 publicis
1487 2110 1666 2167 decantatum
1688 2112 1776 2171 fuisse

92 2197 225 2252 demensi
213 2201 300 2254 t.rant
315 2199 393 2253 lmo'
386 2215 416 2254 ιιι
431 2198 557 2270 liturgia
571 2197 712 2253 Gallicana
715 2214 822 2270 ,quam
839 2214 874 2253 ex
889 2197 989 2254 Codice
1006 2197 1139 2253 Bobiensi
1157 2197 1281 2270 vulgavit
1299 2196 1475 2253 llabillonius
1478 2199 1623 2271 ,hymnus
1637 2202 1760 2259 Gloria
1747 2218 1777 2258 ιιι

92 2288 202 2344 maetas
213 2291 266 2344 lico
278 2306 330 2360 pro
345 2289 501 2362 gratiarum
513 2289 671 2345 actionibus
687 2292 750 2378 post
763 2288 879 2344 mnsam
887 2287 1031 2375 privatim
1025 2265 1207 2344 recitandus
1220 2286 1410 2343 constituitur.
1427 2289 1521 2361 ltaque
1534 2291 1719 2363 antiphonam
1730 2308 1775 2348 se-

92 2376 235 2448 quebatur
247 2379 376 2450 prelatio
395 2395 445 2435 seu
459 2378 614 2452 praelectio,
628 2377 727 2434 uude
719 2368 749 2432 ιιι
766 2366 862 2433 uestra
876 2364 1005 2451 sequenti
1026 2377 1201 2450 expositione
1214 2377 1320 2434 dicitur
1336 2377 1493 2449 Antiphane
1505 2379 1543 2434 ud
1552 2380 1732 2452 praelegendo,
1748 2380 1777 2439 id

93 2472 135 2522 est
148 2472 215 2523 ante
228 2467 337 2540 praefat
331 2484 425 2524 ronam
439 2485 526 2543 quem
540 2484 592 2540 per
606 2467 722 2523 modum
737 2466 939 2523 exhortationis
952 2466 1127 2541 praelegebat
1139 2466 1275 2525 sacerdos.

130 2598 156 2650 3.
171 2597 237 2652 Post
252 2596 448 2666 praelationem
466 2597 600 2653 diaconus
618 2596 674 2652 elta
691 2612 758 2652 voce
771 2596 915 2652 silentium
935 2595 1086 2665 indicebat,
1101 2597 1182 2668 cujus
1201 2597 1272 2652 ritus
1291 2595 1424 2653 meminit
1442 2598 1594 2671 Gregorius
1607 2600 1776 2658 Turonensis

93 2683 143 2739 lib.
162 2700 200 2738 ιιι
215 2685 285 2742 llist.
304 2687 403 2743 Franc.
417 2704 479 2759 cap.
499 2689 527 2756 8,
541 2687 586 2743 his
598 2686 692 2742 verbis
709 2702 715 2742 :
732 2704 746 2738 ιι
766 2686 844 2741 Unde
863 2686 969 2770 tactum
989 2690 1040 2755 est,
1062 2691 1094 2742 ut
1110 2686 1233 2758 quadam
1254 2686 1298 2742 die
1319 2686 1460 2741 dominica
1478 2692 1628 2760 postquam
1643 2690 1776 2746 baconus

94 2772 240 2829 silentium
257 2776 426 2847 populique
444 2776 537 2832 missae
557 2776 793 2845 auscultarentur,
807 2772 920 2847 indixit,
935 2795 949 2827 u
964 2779 1017 2830 etc.
1032 2776 1092 2840 Quo
1110 2775 1171 2830 loco
1187 2777 1275 2867 saissa
1293 2790 1345 2846 pro
1359 2778 1493 2832 motiones
1509 2777 1582 2832 sumi
1596 2794 1654 2833 non
1667 2778 1775 2835 dubito.

128 2902 155 2956 ι.
172 2901 280 2957 ludieto
303 2902 424 2973 silentio,
438 2903 567 2959 sacerdos
589 2902 729 2975 populum
752 2901 901 2972 salutabat,
916 2919 948 2956 ec
969 2901 1069 2974 populi
1089 2901 1265 2973 responsioni
1287 2901 1432 2958 collectam
1451 2902 1615 2974 subjiciebat
1632 2921 1649 2959 a
1668 2904 1777 2962 cunctis

92 2990 174 3047 ilaris
189 2992 309 3064 genibus
326 2992 424 3049 devote
437 2993 618 3063 audiendam,
634 2997 665 3048 ut
678 2991 801 3065 probant
813 2991 902 3047 sancti
915 2991 1028 3048 cesarii
1042 2990 1160 3064 quidam
1174 3007 1329 3048 sermones.

130 3122 156 3172 5.
172 3119 238 3173 Post
258 3118 404 3174 collectam
425 3120 529 3175 chorus
550 3118 680 3173 cantabat
702 3116 861 3191 trisagium,
882 3117 1047 3190 etquidem
1071 3133 1162 3190 graece
1184 3121 1213 3174 et
1233 3117 1331 3189 latine,
1348 3119 1424 3191 quod
1445 3118 1614 3193 sequebatur
1634 3121 1777 3178 canticum

92 3206 235 3262 lachana
253 3208 410 3265 Benedictus
426 3209 554 3265 Dominus
570 3210 639 3264 Deus
657 3207 752 3265 isreel.
768 3207 824 3262 Hoc
839 3210 936 3262 ιιιιιιιι
952 3206 1093 3263 canticum
1113 3207 1144 3263 in
1156 3207 1378 3281 Quadragesima
1390 3225 1456 3266 cum
1469 3208 1530 3266 aliis
1541 3209 1648 3266 laetitiae
1661 3210 1777 3284 hymnis

91 3297 337 3370 supprimebatur.

129 3427 156 3479 e.
177 3424 354 3496 Sequebatur
371 3424 453 3481 lectio
475 3441 510 3481 ex
535 3423 681 3496 prophetis
704 3427 732 3479 et
756 3438 791 3480 ex
813 3422 949 3495 apostolo.
970 3421 1041 3477 Nam
1065 3425 1171 3494 prater
1191 3423 1335 3495 Evangelii
1361 3424 1521 3494 lectionem,
1535 3426 1613 3495 duas,
1628 3443 1715 3483 unam
1741 3444 1776 3485 ex

91 3514 192 3585 reteri,
208 3514 326 3570 alteram
345 3531 381 3569 ex
398 3515 474 3569 Novo
493 3514 682 3581 Testamenta,
695 3512 829 3568 lectiones
850 3511 1010 3582 cantabant,
1027 3528 1114 3584 quem
1133 3512 1220 3568 ritum
1240 3512 1336 3569 videre
1352 3518 1396 3569 est
1410 3515 1485 3587 apud
1503 3516 1669 3588 Gregorium
1684 3519 1774 3574 Turo-

90 3619 209 3659 nensem
222 3603 273 3659 lib.
286 3620 296 3659 1
311 3605 345 3661 de
358 3603 498 3660 lliraculis
515 3603 604 3659 sancti
622 3602 733 3659 Martini
745 3618 808 3674 cap.
823 3606 850 3672 o,
865 3591 914 3656 ubi
927 3601 989 3656 haec
1004 3601 1090 3657 habet
1105 3618 1112 3656 :
1129 3620 1142 3653 ιι
1156 3603 1272 3658 Factum
1285 3606 1372 3660 estut
1384 3604 1432 3659 illa
1447 3605 1599 3677 flaminica,
1610 3606 1775 3679 prophetica

90 3695 211 3750 lectione
226 3695 287 3766 jam
305 3695 388 3764 lecta,
402 3699 468 3750 ante
483 3693 616 3750 altarium
634 3696 730 3763 staret,
745 3692 795 3764 qui
813 3691 964 3748 lectionem
977 3691 1053 3747 beati
1067 3691 1145 3747 Pauli
1159 3692 1310 3764 proferret.
1325 3715 1339 3744 ι
1356 3695 1387 3749 ln
1404 3698 1566 3751 senctmum
1579 3696 1775 3755 festivitatibus

91 3785 149 3839 sive
165 3788 333 3855 martyrum,
349 3783 407 3839 sive
423 3783 615 3839 confessorum
628 3787 691 3839 acta
706 3797 807 3838 eorum
818 3780 904 3837 ehem
916 3780 1029 3854 publice
1043 3780 1221 3854 legebantur,
1236 3784 1269 3838 ut
1282 3783 1386 3840 auditis
1401 3800 1501 3841 eorum
1513 3786 1663 3842 virtutibus
1676 3787 1775 3859 populi

90 3874 128 3929 ad
146 3872 251 3928 similia
267 3874 456 3946 perpetranda
474 3875 706 3930 accenderentur.
721 3874 761 3929 ιιι
775 3871 927 3944 Gregorius
941 3871 1122 3943 Turonensis,
1138 3872 1187 3928 lib.
1203 3889 1213 3928 ι
1225 3873 1259 3930 de
1273 3873 1367 3929 Gloria
1379 3878 1539 3949 martyrum
1550 3892 1601 3949 cap
1613 3879 1658 3949 86,
1672 3876 1774 3933 lectam

91 3963 179 4018 tunsae
190 3962 280 4019 sancti
294 3964 441 4037 Polycarpi
454 3964 614 4037 passionem
627 3968 734 4020 narrat.

128 4093 154 4143 7.
172 4084 351 4145 Lectionibus
375 4089 578 4160 pronunciatis,
600 4090 703 4145 chorus
728 4089 870 4161 hymnum
894 4084 982 4144 trium
1008 4102 1164 4160 puerorum
1185 4088 1361 4159 decantabat,
1384 4094 1412 4146 et
1434 4090 1560 4163 quidem,
1579 4093 1612 4147 ut
1631 4107 1704 4162 reor,
1722 4108 1774 4165 per

89 4178 211 4234 modum
232 4178 413 4250 responsorii,
431 4195 518 4251 quem
539 4195 606 4235 sane
624 4179 765 4251 hymnum
790 4195 806 4233 a
827 4177 963 4250 Gregorio
981 4178 1149 4248 Turonensi,
1171 4178 1299 4234 Historiae
1322 4180 1495 4235 Francorum
1515 4180 1565 4236 lib.
1585 4196 1643 4250 rur,
1663 4196 1724 4251 cap.
1745 4184 1772 4249 3,

87 4269 228 4339 pactarum
239 4271 435 4340 resporuorium
449 4268 504 4326 dici
516 4268 645 4340 conjicio.
660 4269 731 4324 Nem
744 4267 878 4340 qualibet
890 4282 925 4324 ax
938 4266 1090 4340 Scripturis
1102 4267 1210 4324 mutire
1223 4269 1399 4340 psalmorum
1410 4269 1526 4324 nomine
1540 4269 1646 4324 donare
1659 4285 1774 4326 consue

90 4362 192 4412 recent
204 4362 322 4414 veteres.
336 4360 423 4414 Porro
443 4360 479 4415 ad
497 4359 573 4415 bunc
595 4359 683 4415 ritum
701 4362 827 4431 spectare
847 4356 978 4413 existimo
997 4373 1135 4413 canonem
1156 4361 1188 4414 la
1206 4358 1317 4414 concilii
1335 4357 1460 4414 Toletani
1473 4374 1509 4427 ιν,
1524 4377 1538 4409 ιι
1551 4359 1586 4413 Ut
1604 4373 1656 4429 per
1674 4374 1773 4414 omnes

91 4446 234 4518 Hispaniae
251 4448 385 4504 Ecclesiae
397 4448 441 4504 vel
459 4448 555 4506 Galliae
573 4449 603 4504 iu
621 4448 751 4505 omnium
769 4447 921 4504 missarum
939 4447 1117 4505 solemnitate
1136 4447 1301 4504 demutetur
1318 4448 1442 4520 hymnus
1461 4445 1550 4502 trium
1569 4461 1724 4518 puerorum
1742 4446 1772 4504 iu
1847 4451 1855 4463 “

90 4537 214 4609 pulpito.
230 4557 244 4590 a

128 4669 155 4720 8.
171 4666 244 4720 Dum
259 4665 393 4723 ιιιιιοιιιιι
400 4667 436 4724 ad
445 4667 608 4742 analogium
622 4668 807 4741 Evangelium
821 4632 986 4724 cantaturus
996 4665 1171 4738 procederet,
1187 4665 1290 4722 chorus
1301 4664 1417 4723 interim
1428 4664 1577 4741 trisagium
1589 4664 1772 4739 praecinebat,

92 4755 169 4826 quod
183 4758 318 4827 quantatc
332 4757 484 4831 Evangelio
496 4759 601 4815 iterum
615 4757 768 4832 repetebat.

129 4882 158 4934 9.
169 4881 234 4935 Post
247 4881 445 4956 Evangelium,
461 4883 609 4956 episcopus
625 4884 744 4940 verbum
755 4885 917 4956 esuggastu
928 4882 1095 4938 habebatad
1107 4881 1263 4955 populum;
1276 4886 1327 4938 eut
1335 4882 1358 4937 si
1366 4897 1417 4954 per
1426 4880 1569 4939 infirmam
1581 4882 1774 4940 valetudinem

91 4969 119 5024 id
140 4968 195 5024 sibi
214 4986 273 5026 non
289 4971 397 5044 liceret,
417 4973 461 5029 vel
483 4973 556 5030 forte
573 4973 704 5029 tardioris
721 4975 793 5029 esset
812 4972 929 5044 linguae,
946 4971 1081 5027 homilias
1099 4971 1228 5044 proprias
1246 4976 1296 5028 aut
1314 4972 1349 5027 ab
1369 4971 1431 5028 aliis
1449 4971 1627 5045 compositas,
1648 4972 1791 5031 maxime

91 5063 256 5115 sauctorum
269 5062 395 5130 Patruus,
409 5062 614 5135 pronuntiarie
626 5061 818 5119 sacerdotibus
831 5065 880 5118 aut
892 5061 1019 5117 diacoma
1028 5060 1158 5133 jubebat.

131 5192 176 5244 ιθ.
192 5188 298 5245 Deinde
316 5189 449 5246 diaccrms
469 5206 555 5264 super
573 5190 719 5247 audientes
738 5193 766 5245 at
786 5189 1005 5246 catechumenos
1024 5204 1121 5262 preces
1138 5187 1301 5244 constitutas
1319 5186 1491 5260 effundebat,
1504 5187 1538 5244 da
1557 5188 1660 5261 quibus
1673 5188 1774 5246 ritibus

93 5278 162 5333 satis
175 5277 287 5350 eginum
300 5278 331 5334 in
343 5279 415 5336 libro
427 5297 438 5335 1
449 5280 484 5337 de
497 5280 621 5353 antiquis
637 5278 767 5336 Ecclesia
781 5278 893 5334 ritibus.

128 5399 172 5451 ll.
188 5394 291 5465 Ejectis
310 5395 530 5464 catechumenis,
549 5396 682 5452 decenus
700 5394 844 5453 silentium
868 5394 1025 5464 indicebat3
1044 5398 1105 5471 tum
1125 5409 1227 5466 corpus
1244 5394 1357 5450 Domini
1377 5394 1408 5450 iu
1428 5394 1501 5450 tvrrri
1522 5401 1718 5454 conservatum
1737 5412 1773 5453 ex

91 5483 266 5556 praecedenti
278 5484 413 5540 sacrificio
425 5486 569 5542 deferebat
581 5486 616 5541 ad
628 5486 724 5553 altare,
740 5487 773 5540 ut
787 5486 896 5540 constet
910 5486 972 5540 turn
990 5499 1025 5539 ex
1044 5484 1098 5539 bac
1109 5488 1204 5539 nostra
1222 5482 1406 5554 expositione,
1420 5487 1483 5539 tum
1495 5501 1530 5540 ex
1542 5485 1669 5558 Gregorii
1682 5487 1772 5541 Turo-

91 5573 188 5631 nensis
208 5573 283 5629 libro
302 5574 338 5630 de
357 5575 451 5631 Gloria
467 5568 636 5649 mamyrum,
652 5592 714 5647 cap.
728 5578 770 5631 85.
786 5572 907 5630 Romani
924 5589 983 5629 non
1003 5573 1032 5629 in
1050 5573 1134 5642 turri,
1147 5575 1196 5630 sed
1212 5573 1243 5629 in
1260 5589 1342 5646 capsa
1358 5573 1428 5629 illud
1447 5572 1621 5645 deferebant,
1634 5575 1719 5645 idque
1741 5573 1773 5629 iu

91 5662 239 5720 nonnullis
260 5662 346 5720 etiam
365 5665 512 5721 Gallicanis
530 5665 660 5723 Ecclesiis
679 5664 891 5721 observabatur.
906 5665 993 5719 Porro
1008 5679 1043 5719 ex
1059 5664 1114 5719 hoc
1128 5664 1186 5720 ritu
1204 5665 1299 5719 lucem
1313 5663 1438 5737 aliquam
1451 5663 1551 5720 afferre
1562 5677 1711 5735 possumus
1724 5677 1772 5715 ca-

92 5753 161 5810 noni
182 5756 216 5808 li
236 5753 348 5809 concilii
368 5755 529 5811 arausicani
547 5773 572 5827 r,
587 5756 623 5811 ed
642 5770 729 5826 ιιιιιιιι
748 5770 847 5811 omnes
868 5753 929 5810 fera
946 5754 1050 5810 eruditi
1071 5753 1207 5811 hactenus
1226 5754 1379 5810 caecutiunt
1397 5770 1404 5808 :
1427 5752 1528 5809 «Cum
1548 5766 1630 5821 capsa
1650 5753 1678 5804 at
1699 5747 1774 5811 calix

92 5842 257 5901 offerendus
273 5847 316 5902 est
331 5848 360 5903 et
378 5844 551 5905 admixtione
567 5844 750 5906 Eucharistiae
770 5843 986 5913 consecrandus,
1000 5864 1015 5895 a
1034 5847 1067 5901 ut
1087 5843 1193 5904 scilicet
1211 5858 1293 5916 capsa
1313 5840 1488 5901 dominicum
1506 5853 1609 5912 corpus
1626 5838 1774 5897 continens
