3884 6150
131 253 192 306 oea

590 245 771 302 JUSTlNthl
792 246 955 301 novatus:
975 244 1141 300 SELECTAE.
1162 242 1316 298 NOVELLA
1336 242 1365 296 V.

1770 245 1821 298 eat

133 378 287 433 concrum,
303 378 398 434 neque
415 376 474 417 non
487 361 639 429 lectorum,
654 364 813 427 cantorum,
826 361 856 413 et
868 359 956 415 ostia·
967 357 1059 442 Arici
1072 353 1311 428 circumspiciant,
1329 371 1366 410 ne
1379 353 1481 426 reliqui
1498 358 1640 428 sumptus,
1658 354 1707 427 qui
1723 372 1755 414 ex
1777 373 1822 412 ec-

131 459 248 514 riorum
262 473 400 514 numerus
410 456 567 529 redigatur,
577 473 672 528 neque
684 456 954 533 quisquaminterea

133 552 273 626 temporis
283 552 445 624 adjiciatur.
457 552 529 606 Nam
543 555 572 607 et
585 550 640 623 ipsi
654 568 707 607 nos
719 552 952 624 praecavebimus,

134 665 171 703 ne
182 648 252 721 quid
263 647 406 719 ejusmodi
416 647 552 702 iaciamus
560 645 758 702 ordinatumve
768 646 880 720 aliquos
889 647 954 703 mit

132 748 242 810 tamus,
257 758 351 813 neque
363 741 583 812 magistratuum
598 743 763 797 nostrorum
778 741 880 814 aliquis
894 743 952 798 tale

133 837 206 908 quid
221 836 457 904 leciet,reveritus
472 836 564 906 legem
577 839 717 902 nostram,
731 839 760 891 et
769 837 952 892 beatissimus

132 929 367 1003 archiepiscopus
378 933 407 985 et
416 929 580 1001 patriarcha
588 929 768 1001 hujusregiae
780 931 860 986 urbis
875 934 952 1002 pote·

131 1029 240 1081 statem
253 1023 370 1080 habebit
380 1024 556 1080 ordinationi
567 1023 773 1094 contradicere,
785 1024 852 1080 licet
860 1025 894 1080 de
903 1042 954 1097 pa·

132 1120 204 1174 latio
212 1119 456 1191 jussioprocedat.
467 1120 538 1174 Nam
549 1119 632 1191 etqui
645 1118 784 1191 precipit,
794 1118 873 1174 etcui
881 1135 953 1191 prae·

132 1213 249 1285 cipitur,
260 1215 382 1284 uterque
392 1212 443 1267 sub
450 1229 571 1269 censura
581 1213 635 1267 erit
646 1213 845 1281 ecclesiastiea,
852 1211 951 1285 siquid

133 1307 192 1361 tale
202 1307 358 1378 peregerit,
374 1306 431 1361 Sed
443 1322 539 1378 neque
560 1306 589 1360 in
602 1306 664 1361 aliis
679 1307 885 1379 ecclesiisque}
900 1307 950 1362 ali-

132 1403 233 1457 menta
240 1404 269 1456 et
278 1404 409 1472 sumptus
418 1417 452 1454 ex
462 1405 643 1456 sacrosancta
650 1401 758 1472 majore
768 1401 951 1457 ecclesianon

1007 449 1169 508 clesiasticis
1179 448 1318 505 reditibus
1326 449 1408 519 fiunt,
1420 448 1504 504 aliter
1514 465 1600 520 quam
1612 448 1641 505 in
1654 449 1716 523 pias
1724 456 1753 508 et
1761 453 1820 510 lieo

1003 548 1122 620 placitas
1130 562 1230 602 causas
1239 545 1431 620 insumantur,
1441 547 1469 599 et
1477 544 1543 600 utin
1553 544 1617 600 illos
1625 547 1819 617 conserantur,

1004 642 1053 715 qui
1064 645 1093 697 ct
1103 657 1202 696 revera
1215 641 1312 712 egent,
1322 655 1375 694 nec
1387 637 1502 694 aliunde
1512 638 1622 694 habent
1634 638 1711 696 unde
1723 641 1822 699 vivant

1004 737 1075 810 (haec
1088 735 1166 792 enim
1180 734 1337 790 [lominum
1351 735 1439 789 Deum
1450 732 1600 789 conciliare
1624 736 1736 808 solent),
1760 753 1820 794 non

1002 848 1069 887 vero
1078 847 1131 904 per
1143 828 1302 903 patrocinia
1311 830 1340 884 et
1351 827 1502 883 hominum
1517 827 1612 884 studia
1621 828 1652 883 iu
1664 830 1820 903 locupletes

1003 926 1177 982 distribuant
1192 941 1224 979 ea
1235 939 1299 995 qua
1313 922 1350 979 ad
1359 922 1564 979 ecclesiasticos
1576 928 1706 996 sumptus
1719 942 1820 998 suppe-

1001 1023 1075 1087 tunt,
1085 1016 1593 1090 uterindeegentesvitoenecessariis
1601 1017 1817 1075 defraudentur.

1002 1114 1138 1170 Noverint
1151 1113 1230 1170 enim
1244 1112 1297 1169 Dei
1311 1110 1501 1166 amantissimi
1519 1098 1672 1179 oeconomi,
1689 1115 1749 1168 tam
1770 1112 1820 1188 qui

1003 1225 1089 1277 nunc,
1100 1224 1189 1281 quam
1201 1207 1249 1278 qui
1260 1205 1330 1262 olim
1343 1223 1396 1278 pro
1408 1208 1537 1277 tempore
1548 1205 1635 1261 futuri
1653 1210 1729 1274 sunt,
1740 1207 1829 1279 quod·

1002 1303 1025 1357 si
1039 1301 1109 1374 quid
1121 1302 1151 1357 in
1159 1301 1204 1356 his
1217 1300 1402 1373 deliquerint,
1414 1317 1472 1354 non
1481 1301 1594 1355 tantum
1605 1299 1696 1371 paenis
1704 1301 1820 1357 coelesti·

1001 1397 1055 1452 bus
1065 1399 1150 1451 erunt
1161 1394 1285 1462 obnoxii,
1294 1394 1344 1448 sed
1355 1393 1441 1449 etiam
1452 1392 1486 1448 de
1498 1393 1712 1450 substantiasua
1727 1412 1820 1452 sacro·

132 1494 953 1567 habent,conveniensestutordinandoruminipsis'mul·
1002 1494 1107 1546 sanctae
1116 1487 1819 1558 seclesimindemnitatempraestabunt.Sancimus

131 1588 452 1655 titudointromittatur,
462 1588 951 1645 autmensurainitioinillisstatuta
1002 1584 1098 1656 igitur,
1110 1587 1141 1639 ut
1150 1582 1299 1638 beatitudo
1313 1586 1373 1649 tua,
1385 1598 1449 1654 quse
1464 1581 1545 1638 initio
1560 1584 1589 1636 et
1602 1599 1619 1639 a
1639 1586 1740 1639 tenera
1755 1599 1819 1655 pro-

133 1683 170 1738 de
183 1685 287 1738 caetero
295 1682 522 1750 transcendatur,
534 1699 570 1737 ne
581 1683 698 1754 quando
709 1683 756 1755 qui
768 1699 848 1739 sacra
857 1683 885 1738 in
896 1682 959 1738 illis·
1001 1678 1160 1751 pcmodum
1176 1680 1260 1732 astate
1274 1693 1326 1749 per
1341 1693 1441 1732 omnes
1455 1677 1646 1733 sacerdotales
1665 1677 1771 1749 gradm
1790 1680 1819 1732 et

132 1777 252 1845 obeunt,
265 1775 301 1830 ad
311 1775 484 1831 immensam
494 1776 707 1832 multitudinem
731 1777 849 1849 delapsi,
866 1744 989 1831 interB
1003 1771 1158 1844 dignitates
1168 1774 1379 1827 sacrosanctam
1393 1771 1542 1826 exornavit
1550 1771 1819 1842 Ecclesiam,utpote

133 1886 189 1943 que
208 1886 238 1924 se
256 1869 363 1925 reditus
373 1887 406 1924 ex
418 1869 532 1940 piorum
548 1870 698 1925 hominum
710 1870 861 1925 collatione
877 1886 952 1942 quer-
1001 1883 1064 1938 quse
1076 1883 1109 1920 ex
1122 1865 1318 1921 sacerdotibus
1327 1864 1415 1920 eliam
1425 1867 1554 1936 genuset
1564 1865 1708 1938 originem
1722 1864 1816 1933 ducat,

132 1963 950 2036 sitospatientes,necillosexindestreemensureesultlcere

130 2057 309 2126 videntes,in
319 2073 457 2128 magnam
465 2056 951 2127 animiangustiamincidant.Sive·

130 2169 163 2208 ro
174 2151 458 2206 ultramensuramin
469 2153 651 2207 sacrosancta
657 2152 766 2223 majore
777 2151 951 2207 ecclesiaaut

131 2245 195 2301 aliis
206 2244 332 2300 ecclesiis
342 2248 480 2300 statutam
496 2245 691 2300 sanctissimus
708 2246 948 2318 archiepiscopus,

131 2343 183 2412 qut
191 2342 379 2394 sacrosancta·
391 2338 493 2409 majori
504 2338 628 2394 ecclesie
638 2343 753 2411 praeest,
763 2340 948 2407 ordinaverit,

131 2433 240 2505 licique
259 2432 449 2489 amantissimi
467 2432 596 2504 ejusdem
617 2435 804 2489 sacrosanctae
824 2435 949 2490 ecclesiae

130 2528 276 2583 economi
285 2530 431 2599 sumptum
440 2527 477 2582 ad
487 2528 547 2583 hec
559 2528 594 2582 de
607 2527 746 2582 reditibus
754 2528 950 2583 ecclesiasticis

1002 1960 1217 2032 inperpetuum
1236 1958 1387 2027 custodiat,
1400 1962 1478 2015 certo
1492 1959 1623 2027 scientes,
1641 1975 1699 2014 non
1722 1959 1818 2014 minus

1001 2055 1084 2110 nobis
1101 2058 1349 2110 sacrosanctarum
1374 2053 1559 2108 ecclesiarum
1575 2053 1729 2109 commoda
1741 2069 1817 2109 curae

1001 2166 1072 2217 esse,
1088 2165 1175 2221 quarn
1189 2147 1280 2220 ipsam
1290 2147 1388 2202 vitam.
1403 2148 1465 2203 Dat.
1482 2163 1537 2204 xvu
1551 2148 1672 2204 Kalend.
1686 2146 1773 2220 April.
1786 2146 1813 2202 d.

1002 2263 1029 2298 n.
1049 2243 1124 2298 Bilis.
1141 2259 1198 2297 vc.
1215 2259 1293 2298 cons.

1306 2340 1465 2397 NOVELLA
1478 2342 1509 2395 V.

1030 2436 1067 2488 lle
1079 2433 1246 2488 monasteriis
1259 2437 1284 2488 et
1294 2433 1441 2499 monachis,
1458 2435 1483 2486 et
1498 2446 1588 2487 corum
1603 2432 1781 2487 antistitibus.

1035 2528 1195 2598 Imperator
1211 2525 1387 2580 lastinianus
1400 2527 1544 2597 Augustus
1560 2525 1733 2597 Epiphanio,
1749 2542 1816 2581 san·

130 2621 329 2694 expenderint,
343 2626 401 2676 tam
417 2620 471 2692 ipsi
488 2638 574 2692 quam
592 2621 678 2676 etiam
699 2621 881 2678 beatissimus
899 2639 949 2695 pa·
999 2620 1124 2677 ctissime
1135 2622 1164 2674 et
1174 2619 1341 2676 beatissimo
1350 2619 1436 2690 hujus
1444 2619 1532 2691 regite
1544 2618 1817 2692 urbisarchiepisco·

128 2716 264 2783 triarcha,
279 2715 328 2787 qui
342 2716 404 2770 heec
415 2715 483 2787 ipsis
495 2715 677 2788 suppeditare
688 2716 829 2788 permisit,
841 2717 876 2772 dc
888 2733 947 2784 suo,
1000 2730 1046 2786 po,
1060 2714 1179 2785 ejusque
1194 2713 1319 2770 universi
1334 2716 1442 2769 tractus
1456 2712 1636 2785 patriarche.

129 2809 227 2882 deque
236 2808 848 2881 propriissacriltatibusexpcnsarestituent.
857 2812 947 2866 Nove·
1034 2807 1265 2865 Conversatiouis
1278 2807 1458 2863 monachalis
1467 2806 1571 2863 vitasic
1581 2807 1702 2862 honesta
1716 2807 1817 2875 est,sic

129 2903 190 2959 rint
203 2902 293 2968 enim,
304 2902 327 2957 si
338 2902 407 2974 quid
417 2904 473 2958 tale
485 2903 723 2976 perpetraverint,
735 2905 811 2976 quod
826 2921 884 2960 non
901 2921 947 2960 so·
998 2902 1197 2958 commendare
1210 2901 1288 2956 novit
1301 2902 1357 2956 Deo
1371 2901 1407 2956 ad
1417 2901 1472 2956 hoc
1482 2900 1640 2956 venientem
1656 2899 1815 2972 homiuem,

127 2998 192 3053 lum
203 2995 388 3052 sanctissimis
405 2997 584 3069 patriarchis,
602 2997 650 3069 qui
670 2998 740 3053 talia
748 2999 874 3070 patranti
885 3016 948 3054 suc-
999 3001 1030 3050 ut
1043 3011 1157 3051 omnem
1172 2995 1327 3051 humanam
1342 2995 1403 3066 ejus
1416 2994 1557 3050 maculam
1571 2995 1708 3069 detergat,
1723 2998 1753 3050 et
1764 3011 1822 3067 pus

127 3091 245 3159 cedent,
259 3093 287 3146 et
306 3091 446 3146 secuturis
465 3092 632 3158 oeconomis,
647 3092 696 3147 sed
712 3093 800 3148 etiam
814 3094 948 3149 omnihus
959 3117 986 3194 C
999 3107 1064 3145 rum
1079 3107 1112 3145 ac
1125 3089 1286 3146 rationabili
1303 3092 1406 3144 natura
1418 3083 1576 3159 decentem,
1591 3093 1620 3145 et
1633 3089 1758 3162 plurima
1771 3105 1815 3144 se-

127 3184 241 3240 caeteris
254 3184 503 3239 reverendissimis
515 3185 623 3240 clericis
640 3186 742 3241 talium
757 3187 867 3242 curiose
881 3204 947 3260 per·
999 3185 1123 3240 eundum
1137 3188 1262 3240 mentem
1271 3188 1446 3256 operantem,
1458 3187 1487 3239 et
1501 3184 1632 3240 humanis
1642 3182 1817 3256 cogitationi·

128 3277 276 3350 quirendi,
287 3280 317 3333 et
326 3295 390 3333 curn
402 3279 484 3349 liunt,
499 3277 681 3350 prohibendi,
696 3280 903 3354 deferendique
911 3282 948 3337 ad
998 3280 1050 3334 bus
1063 3279 1210 3335 celsiorem
1223 3279 1331 3334 reddat.
1346 3277 1374 3335 Si
1388 3277 1452 3349 quis
1464 3277 1553 3350 igitur
1564 3277 1677 3333 tutunus
1692 3280 1734 3333 est
1746 3293 1808 3332 mo·

127 3372 347 3444 imperatoriam
370 3372 553 3453 majestatem
572 3376 745 3444 potestatem
762 3374 873 3443 damus,
890 3392 947 3447 qno
998 3373 1105 3429 nachus
1126 3373 1277 3444 perfectus,
1297 3373 1408 3445 indiget
1419 3376 1446 3427 et
1459 3371 1618 3426 divinorum
1634 3371 1816 3443 eloquiorum

126 3466 556 3538 magishoccognosccnsipsa,
573 3467 772 3523 exsubstantia
787 3485 949 3525 ceconomo·
998 3467 1168 3536 eruditione,
1183 3470 1212 3522 et
1235 3464 1453 3521 conversationis
1478 3464 1651 3537 integritate,
1677 3468 1709 3520 ut
1736 3469 1815 3521 tanta

126 3576 206 3627 rum,
219 3560 331 3631 quihoc
340 3560 472 3630 iecerint,
485 3559 629 3615 autetiam
640 3561 948 3632 permittentisarcbie·
998 3561 1104 3633 dignus
1116 3560 1205 3616 iactus
1219 3559 1255 3615 sit
1269 3560 1434 3615 mutatione.
1519 3583 1522 3587 ’

126 3653 249 3726 piscopi,
266 3658 453 3709 sacrosanctas
464 3654 567 3725 majori
577 3655 703 3711 ecclesiae
714 3656 767 3711 ista
777 3657 884 3711 servari
895 3657 945 3712 de·
1032 3654 1178 3710 Credimus
1188 3654 1278 3727 igitur
1287 3659 1316 3710 et
1328 3670 1379 3709 nos
1389 3653 1540 3725 explanare
1549 3653 1617 3725 quid
1626 3654 1769 3725 egendum
1780 3653 1815 3708 ab

127 3746 261 3817 mandet,
271 3764 307 3801 ne
317 3763 415 3802 rursus
428 3747 569 3819 ejusmodi
581 3749 711 3805 conlusio
727 3753 756 3805 et
769 3751 946 3822 perturbatio
997 3748 1038 3804 eis
1055 3748 1101 3818 sit,
1124 3754 1153 3804 et
1173 3749 1359 3804 decertatores
1379 3764 1425 3803 eos
1444 3744 1525 3803 veros
1544 3747 1578 3803 ad
1608 3764 1715 3802 sacram
1741 3747 1816 3803 viam

125 3841 238 3896 ineare
249 3841 366 3896 incidat.
374 3841 528 3897 Enimvero
538 3843 655 3915 negotio
664 3843 700 3898 ad
707 3843 858 3916 pristinam
868 3862 948 3900 men·
998 3842 1178 3899 constituere.
1193 3845 1227 3900 ut
1239 3842 1279 3898 ita
1292 3843 1372 3898 nobis
1384 3842 1505 3899 intentio
1518 3841 1667 3915 presentis
1680 3845 1723 3899 est
1732 3841 1815 3915 legis,

126 3951 225 3990 suram
238 3935 364 4004 redacto,
376 3938 443 3991 tunc
454 3935 576 3990 liberum
587 3935 641 3991 erit
651 3937 796 4006 ordinare,
810 3955 900 4011 usqne
912 3956 946 3996 eo
996 3942 1029 3994 ut
1039 3937 1167 4010 postilla,
1178 3954 1242 4010 ques
1251 3937 1286 3993 de
1297 3937 1480 3994 sanctissimis
1492 3936 1632 4010 episcopis
1645 3937 1816 3994 sancivimus

127 4028 948 4101 tamen,nedictammensuramtranscendant,autnume·
997 4035 1094 4104 etque
1104 4032 1138 4087 de
1149 4031 1388 4088 reverendissimis
1396 4032 1504 4088 clericis
1514 4032 1715 4104 disposuimus,
1723 4047 1816 4104 nequa

126 4124 945 4194 rumsuperent,nevedoluscircahoemalusinterveniat.
997 4126 1072 4198 quod
1086 4126 1274 4183 monasticum
1293 4129 1345 4194 est,
1362 4131 1441 4183 extra
1462 4129 1670 4199 competentem
1692 4125 1815 4181 formam

126 4217 227 4287 Neque
240 4215 317 4272 enim
327 4218 384 4272 ullo
394 4218 582 4288 pactolocum
596 4219 704 4276 habere
725 4220 853 4292 patimur
869 4223 946 4295 quod
996 4220 1202 4293 relinquamus.
1218 4221 1292 4277 lllud
1301 4221 1392 4293 igitur
1404 4224 1469 4276 ante
1482 4220 1538 4276 alia
1550 4218 1702 4277 dicendum
1715 4222 1767 4285 est,
1783 4222 1815 4273 ut

124 4309 273 4382 plerisque
285 4309 315 4364 in
329 4326 378 4366 ore
392 4313 443 4379 cst,
469 4311 631 4367 facultatem
654 4313 771 4386 quidem
794 4315 947 4371 ordinandi
996 4331 1166 4386 quocunque
1177 4317 1304 4387 tempore
1315 4318 1518 4385 etquocunque
1527 4313 1589 4368 loco
1600 4311 1663 4384 quis
1675 4311 1814 4367 aedificare

125 4406 291 4475 suppetere,
304 4421 363 4459 non
374 4409 472 4460 autem
491 4405 713 4476 [trahendorum
729 4408 944 4465 alimentorum.
996 4407 1154 4462 venerabile
1171 4406 1374 4462 monasterium
1391 4406 1522 4474 voluerit,
1539 4422 1596 4461 uon
1609 4405 1689 4477 prius
1701 4405 1815 4461 licentia

77 4516 85 4523 ·
126 4495 158 4553 Si
172 4496 291 4568 quidem
301 4498 356 4553 hoc
368 4498 474 4553 iterum
487 4498 602 4555 illorum
614 4503 665 4568 est,
680 4501 729 4572 qui
747 4495 986 4570 contusioncml)
998 4502 1095 4557 sithoc
1108 4501 1221 4573 agendi,
1237 4517 1323 4574 quam
1338 4502 1396 4557 Deo
1405 4500 1556 4556 amabilem
1568 4499 1813 4573 locorumepisco·

127 4590 255 4664 pariunt,
275 4594 325 4646 eut
335 4609 422 4664 super
436 4594 602 4648 numereris
615 4594 776 4665 adjectione
791 4597 881 4652 altera
893 4614 946 4669 pro

128 4685 197 4740 unis
207 4684 328 4757 collegia
341 4686 528 4757 constituunt,
541 4688 701 4760 prasertim
716 4706 781 4745 cum
796 4692 902 4746 multas
914 4709 947 4747 ea

125 4794 174 4833 res
187 4778 465 4853 circumscriptiones
473 4781 622 4855 producat,
634 4786 666 4837 ut
680 4784 732 4838 sub
742 4787 883 4856 pretextu
895 4786 945 4841 ali·

124 4873 279 4929 montariae
293 4875 484 4946 praestationis
497 4876 566 4932 alies
579 4877 632 4932 sibi
643 4877 702 4932 vias
715 4879 884 4935 insatiabilis
897 4898 946 4935 cu-

120 4966 241 5038 jusdam
260 4967 387 5024 avaritiae
400 4968 556 5026 inveniant.
573 4972 630 5027 lloc
644 4971 732 5043 igitur
747 4974 833 5029 etiam
852 4975 945 5046 ipsum

124 5059 190 5115 lieri
202 5060 387 5132 prohibemus
401 5067 430 5118 ct
447 5063 498 5119 sub
514 5081 663 5121 censuram
675 5065 717 5138 (ut
732 5068 887 5139 appellant)
899 5086 944 5124 ec-

124 5153 316 5210 clesiasticam
329 5156 509 5226 deducimus,
525 5175 631 5230 magno
645 5160 707 5214 usui
725 5160 852 5216 futurum
868 5163 944 5217 arbi·

123 5251 245 5317 tuentes,
260 5249 284 5303 si
297 5254 508 5307 sacrosanctam
523 5253 666 5325 majorem
685 5254 835 5310 ecclesiam
851 5272 945 5327 neque

124 5341 316 5398 creditoribus
332 5344 497 5413 obnoxiam,
513 5363 606 5418 neque
620 5347 706 5403 rebus
719 5348 847 5419 angustis
870 5349 944 5404 ailli-

122 5437 212 5515 ctam,
228 5453 323 5508 neque
335 5442 475 5512 perpetuo
485 5444 632 5513 egentem,
643 5441 694 5497 sed
703 5441 834 5498 omnium
846 5459 944 5500 rerum

121 5529 209 5602 copia
224 5530 422 5588 abundantem
437 5550 597 5590 cernamus.

115 5628 119 5633 “
160 5623 416 5689 Quemadmodum
431 5631 526 5683 autem
538 5628 574 5683 ad
586 5646 649 5684 eam
659 5629 837 5701 pertinentes
847 5648 942 5703 sump-

121 5718 169 5772 tus
180 5719 261 5774 certa
269 5718 326 5775 fine
333 5720 544 5794 descripsimus,
558 5723 595 5778 ita
607 5723 748 5792 convenit,
765 5729 794 5780 ut
804 5725 944 5781 sanctissi-

122 5827 192 5867 mus
204 5828 257 5885 pro
271 5817 400 5888 tempore
410 5816 575 5888 patriarcha
588 5819 617 5872 et
636 5818 870 5875 reverendissimi
888 5820 942 5874 cle·

392 5899 402 5922 Ι

996 4612 1065 4668 pum
1080 4596 1203 4651 advocet.
1217 4597 1254 4650 at
1267 4595 1315 4650 ille
1330 4595 1463 4651 extendat
1475 4611 1577 4650 manus
1591 4593 1626 4650 ad
1649 4595 1761 4662 coelum,
1786 4598 1815 4651 et

996 4690 1214 4762 perorationem
1229 4690 1322 4745 locum
1338 4694 1483 4746 consecret
1495 4691 1561 4760 Deo,
1581 4688 1672 4762 figens
1685 4690 1715 4745 iu
1728 4705 1760 4745 eo
1774 4706 1814 4745 se·

996 4784 1062 4840 lutis
1073 4788 1177 4840 nostre
1200 4784 1313 4857 signum
1332 4784 1461 4856 (dicimus
1479 4789 1576 4840 eutem
1592 4781 1763 4839 adorandam
1786 4787 1815 4839 et
1881 4785 1884 4790 ’

995 4893 1060 4933 vere
1071 4878 1266 4934 honorandam
1279 4880 1412 4949 crucem),
1426 4878 1639 4950 siequeincboet
1649 4876 1813 4945 aediticium,

996 4973 1102 5027 bonum
1117 4972 1214 5045 utique
1227 4973 1370 5045 quoddam
1384 4973 1414 5028 in
1426 4973 1480 5028 hoc
1492 4976 1520 5028 et
1534 4969 1636 5027 decens
1648 4971 1815 5028 fundamen·

996 5070 1058 5121 tum
1070 5083 1179 5138 ponens
1192 5067 1264 5137 hoe;
1284 5067 1379 5139 itaque
1392 5065 1566 5139 principium
1584 5065 1640 5138 piae
1664 5066 1812 5122 venerabi·

995 5160 1067 5215 lium
1079 5161 1316 5217 monasteriorum
1328 5160 1442 5215 fabricee
1457 5160 1514 5215 ilat.

1031 5256 1100 5310 lline
1113 5260 1209 5311 autem
1224 5254 1304 5310 uobis
1319 5253 1405 5309 etiam
1421 5254 1456 5309 de
1470 5253 1590 5326 singulis
1606 5255 1751 5310 monacbis
1764 5271 1812 5310 co·

997 5349 1142 5422 gitandum
1155 5350 1207 5418 est,
1221 5365 1279 5420 quo
1294 5346 1513 5403 conveniatiieri
1525 5349 1620 5417 modo,
1635 5353 1663 5405 et
1677 5352 1772 5404 utrum
1782 5348 1814 5402 li·

995 5444 1077 5499 beros
1090 5444 1192 5512 solum,
1207 5447 1257 5498 aut
1271 5441 1358 5497 etiam
1370 5441 1443 5499 torte
1455 5459 1563 5514 servos,
1578 5460 1611 5500 eo
1624 5442 1699 5516 quod
1712 5457 1811 5496 omnes

995 5537 1125 5593 similiter
1137 5535 1231 5592 divina
1239 5536 1362 5609 suscepit
1373 5538 1464 5610 gratia
1472 5539 1629 5609 praedicans
1640 5535 1813 5607 palem,quia

995 5635 1134 5702 quantum
1149 5630 1184 5685 ad
1199 5631 1245 5686 Dei
1265 5630 1372 5686 cultum
1395 5648 1453 5687 non
1475 5636 1517 5686 est
1541 5629 1690 5696 masculus,
1718 5644 1813 5701 neque

993 5722 1108 5793 lemine,
1125 5740 1216 5796 neque
1233 5724 1313 5791 liber,
1329 5741 1422 5798 neque
1444 5738 1553 5794 servus,
1568 5736 1666 5776 omnes
1681 5720 1758 5779 enim
1784 5722 1813 5779 in

993 5817 1105 5877 Christo
1124 5834 1212 5876 unam
1229 5819 1390 5875 mercedem
1413 5814 1572 5891 percipere.
1586 5812 1732 5873 Saneimus
1747 5833 1815 5889 ergo
