3878 6150
73 262 131 315 mr

617 257 660 314 DE
679 255 835 314 Limnen
852 252 1040 310 astucius
1058 254 1158 313 LIBER
1178 256 1223 315 111.

75 363 188 422 inferni
206 363 336 434 neribus,
353 363 539 437 claustrisque
558 364 719 438 perfractis,
730 363 822 418 multa
833 378 897 418 san·
909 362 1083 448 Amarimar
1104 363 1221 437 pietatis
1241 366 1271 420 et
1294 364 1443 437 potestatis
1464 361 1650 438 omnipotens
1668 366 1763 440 Pater,

74 457 899 532 ctorumcorpore,desapulcriserumpentia,intraverunt

75 552 107 610 in
121 557 256 610 sanctam
270 552 425 608 civitatem.
444 553 549 609 Overe
568 553 654 608 beata
671 568 737 619 nox,
756 567 821 623 quae
838 551 899 606 sola

76 647 190 703 meruit
207 646 279 703 scire
297 651 414 718 tempus
430 646 576 702 ethoram
589 662 645 718 qna
658 645 786 701 Christus
800 660 896 700 resur·

76 741 168 797 rexitl
184 740 220 795 de
236 757 294 812 qua
304 741 367 812 jam
383 740 412 795 in
430 740 542 812 psalmo
560 740 656 795 luerat
668 740 896 812 prophetatum:

76 834 152 900 Quia
165 850 222 890 nor
236 836 268 888 ut
280 833 341 889 dies
354 833 583 889 inluminabitur.
598 833 657 889 Nor
677 833 707 888 in
726 849 783 905 qua
799 835 897 887 exorta

75 930 123 984 est
139 927 314 984 resurreetio
332 927 362 981 in
381 927 540 982 aternum!
562 928 600 982 'le
616 924 695 981 enim
712 926 897 998 omnipotens

75 1022 163 1089 Deus,
175 1024 376 1077 creaturarum
385 1020 542 1076 caelestium
555 1018 712 1078 multitudo
722 1023 751 1076 et
763 1019 897 1075 innume·

75 1115 185 1171 rabiles
199 1114 693 1187 angelorumchon'siuecessatione
703 1115 895 1187 proclamant,

75 1193 208 1266 dieentes
222 1225 229 1266 ι
244 1208 375 1265 Sanctus.

390 1301 450 1351 Post
461 1301 580 1353 Sanctae

110 1389 173 1446 Tuo
186 1388 278 1460 jussu,
292 1387 425 1456 Domine,
437 1387 554 1443 condita
569 1389 635 1442 sunt
650 1383 741 1460 251
763 1384 896 1444 universe

73 1482 104 1539 in
122 1483 191 1539 caelo
213 1485 243 1537 et
260 1481 291 1537 in
305 1486 392 1552 terra,
407 1481 437 1536 in
451 1482 525 1536 mari
541 1483 570 1536 et
584 1481 614 1535 in
627 1480 761 1537 omnihus
775 1479 893 1552 abyssis.

72 1576 136 1634 Tibi
146 1575 329 1649 patriarchae,
341 1575 500 1647 prophetae,
512 1574 643 1646 apostoli,
658 1577 808 1646 martyres,
824 1590 893 1629 con·

949 457 1109 528 quamlibet
1121 460 1249 515 nonsine
1263 459 1535 528 debitareverentia,
1544 463 1673 517 attamen
1687 463 1765 521 nulla

949 551 1034 607 officii
1049 551 1200 623 dignitate,
1214 553 1277 608 vilis
1289 551 1446 608 admodum
1461 556 1595 625 precator
1608 556 1723 625 accedo,
1735 559 1765 614 et

947 662 1015 701 reus
1024 645 1206 702 conscientiae
1220 646 1299 702 testis
1309 645 1426 706 adsisto.
1441 646 1553 711 Quidue
1563 648 1673 720 rogabo
1686 650 1764 722 quod

947 756 1007 795 non
1021 740 1160 795 mereor?
1173 743 1246 796 htne
1263 741 1309 811 pie
1327 740 1397 812 (non
1412 740 1474 796 sine
1498 741 1550 796 Dei
1568 759 1639 813 pace
1655 744 1763 803 dictum

947 833 993 906 sit)
1004 835 1082 905 quod
1090 834 1200 906 peccati
1210 834 1304 906 magis
1317 837 1360 889 est
1374 838 1531 905 accusator,
1543 835 1594 906 qui
1604 852 1656 907 pro
1667 853 1765 909 pecea-

946 927 983 983 tis
999 927 1098 983 debuit
1111 945 1173 984 esse
1185 927 1382 983 interventor?
1394 930 1502 984 accuso
1517 945 1587 1000 ergo
1600 945 1647 985 me
1661 931 1765 1000 tibist

947 1037 1005 1076 non
1022 1038 1134 1089 excuso,
1148 1023 1177 1076 et
1191 1038 1289 1076 coram
1306 1021 1426 1077 testibus
1439 1022 1578 1079 confiteor
1590 1023 1763 1095 injustitiam

946 1130 1044 1169 meam
1052 1114 1761 1188 tibiDominoDeomeo.Confiteor,inquam,con·

945 1208 1030 1264 fiteor
1043 1208 1095 1263 sub
1113 1208 1233 1264 testibus
1251 1208 1422 1280 injustitiam
1443 1210 1600 1280 impietatis
1622 1228 1712 1281 meae,
1731 1216 1764 1269 ut

945 1301 1076 1357 remittas
1085 1300 1381 1374 impietatempeccati
1389 1300 1610 1358 meiConfiteor
1618 1303 1695 1376 quod
1706 1305 1763 1363 nisi

944 1394 1085 1463 remittas,
1099 1397 1176 1450 recte
1190 1411 1237 1450 me
1257 1394 1369 1467 punias.
1392 1395 1485 1450 llahes
1507 1411 1556 1450 me
1574 1396 1760 1456 confitentem

944 1489 1096 1557 reum,sed
1109 1486 1187 1565 (scio)
1196 1488 1251 1543 nisi
1260 1487 1354 1543 verbis
1363 1504 1422 1543 non
1435 1488 1651 1544 emendantem.
1663 1489 1762 1547 Verbis

945 1581 1023 1637 enim
1034 1583 1125 1654 placo,
1138 1581 1271 1653 operibus
1283 1581 1409 1636 otiando.
1421 1582 1541 1653 Culpam
1553 1582 1761 1651 sentio,emeu·

1711 254 1763 316 tid
1836 313 1840 320 .

73 1671 209 1738 tesseres,
225 1674 310 1742 atque
321 1685 421 1725 omnes
431 1667 520 1724 sancti
533 1666 639 1740 gratias
649 1669 757 1739 agunt:
774 1666 852 1739 quod
864 1669 894 1722 et
945 1675 1093 1730 dationem
1107 1674 1219 1730 differo.
1234 1674 1361 1730 subveni
1370 1674 1578 1746 ergo,subveni
1587 1675 1680 1747 pietas
1689 1674 1761 1733 inel-

72 1781 127 1820 nos
139 1763 289 1830 facientes,
303 1763 356 1818 has
368 1760 476 1818 hostias
492 1761 634 1834 spiritales
650 1765 680 1816 et
694 1761 804 1816 sincera
817 1760 889 1816 libe·
902 1745 931 1819 Β
942 1768 1045 1824 fabilis.
1071 1770 1200 1840 Ignosce,
1216 1767 1332 1839 ignosce
1355 1767 1437 1835 mihi,
1461 1767 1583 1824 Trinitas
1607 1769 1758 1826 mirabilis.

73 1857 156 1914 mina
167 1861 199 1912 ut
208 1856 301 1912 libens
309 1854 444 1912 exaudies
455 1855 654 1927 deprecamur.
665 1856 703 1910 Te
712 1871 836 1922 oramus,
849 1854 891 1910 uti
940 1863 1038 1930 Parce,
1061 1878 1157 1934 parce,
1182 1877 1283 1934 parce,
1303 1860 1447 1933 supplico,
1471 1861 1568 1917 Deitas
1600 1862 1758 1934 placabilis.

73 1953 129 2008 hoc
141 1950 314 2007 sacrificium
326 1951 377 2005 tua
388 1949 591 2005 benedictione
605 1946 770 2016 benedicas,
786 1951 815 2002 et
827 1948 889 2019 Spi-

28 2073 47 2101 ae
73 2046 144 2100 ritus
155 2044 248 2100 sancti
259 2043 300 2098 tui
314 2059 379 2099 rore
392 2042 559 2115 perfundas,
574 2045 605 2096 ut
619 2041 657 2096 sil
670 2040 805 2097 omnibus
817 2041 889 2113 legi·

72 2139 146 2194 tima
158 2136 347 2206 Eucharistia,
362 2153 415 2209 per
425 2136 570 2192 Christum
580 2136 737 2193 Dominum
746 2138 887 2192 nostrum.

73 2231 127 2298 Qui
139 2230 243 2304 pridie.
265 2244 269 2248 ’
839 2219 841 2223 ⁴

260 2327 388 2379 collectio
401 2326 433 2378 ad
449 2326 523 2391 panis
535 2326 698 2378 tractionem.

107 2413 227 2486 Respice
250 2413 287 2468 ad
306 2413 381 2468 hanc
402 2412 589 2482 oblationem,
604 2411 787 2484 omnipotens
802 2411 887 2480 Deus,

70 2524 158 2582 quam
172 2507 223 2562 tibi
236 2506 423 2564 ollerimusin
435 2507 577 2563 honorem
592 2505 717 2562 nominis
728 2504 769 2562 tui
782 2519 835 2577 pro
845 2520 888 2560 sa·

70 2604 128 2658 lute
141 2617 256 2673 regum,
274 2603 303 2656 et
317 2601 442 2656 exercitu
453 2618 563 2669 eorum,
581 2604 610 2656 et
623 2600 755 2656 omniurn
766 2599 886 2654 circum-

71 2694 266 2762 adstantium
284 2697 313 2750 et
327 2698 432 2767 praesta
447 2694 538 2766 utqui
553 2711 586 2750 ex
599 2692 828 2766 assumpserint,
839 2708 886 2747 ac·

71 2788 179 2862 cipiant
193 2788 348 2844 sanitatem
356 2787 473 2856 mentis,
483 2788 681 2859 integritatem
692 2785 829 2859 corporis,
842 2788 886 2840 tu·

71 2883 159 2938 telam
180 2881 290 2949 salutis,
306 2881 485 2937 intellectum
501 2898 600 2936 sensus
615 2880 728 2949 Christi,
749 2879 886 2935 securita-

71 2979 128 3032 tem
148 2974 219 3048 spei,
232 2975 503 3032 corroborationem
523 2974 601 3043 fidei,
613 2973 807 3030 eternitatem
822 2972 885 3044 Spi-

70 3070 139 3125 ritus
151 3069 253 3125 saneti.
267 3067 374 3123 Praesta
389 3084 441 3140 per
456 3085 523 3124 eum
533 3069 583 3140 qui
598 3071 696 3124 tecum
711 3067 764 3122 viv.
782 3070 811 3122 et
822 3083 884 3139 reg.

155 3171 274 3227 llxxvii.
290 3186 370 3240 mssa
389 3186 473 3228 ruina
491 3187 536 3228 nra
554 3185 656 3227 seuero
677 3184 798 3226 rasura.

296 3268 421 3320 Collectio
433 3272 493 3333 post
503 3267 651 3333 prophetie.

102 3355 222 3411 Summe
233 3354 418 3427 omnipotens
423 3355 508 3422 Deus,
518 3353 664 3425 quicornu
672 3351 769 3407 salutis
780 3354 885 3407 nostrae

64 3449 98 3505 in
111 3448 205 3504 crucis
217 3450 275 3504 ture
285 3448 422 3520 mysterio
434 3446 566 3515 extulisti,
579 3451 610 3501 ut
622 3462 674 3500 nos
684 3445 715 3501 in
730 3445 818 3501 domo
829 3445 883 3499 Da·

63 3540 203 3613 ridpueri
214 3541 256 3596 tui
265 3541 355 3618 regali
364 3540 478 3612 fastigio
488 3539 656 3595 sublimares
667 3557 673 3606 ;
690 3539 720 3593 iu
731 3555 787 3610 quo
797 3537 885 3592 etiam

62 3633 179 3689 hilario
187 3633 272 3689 titulo
280 3633 425 3689 Trinitatis
437 3632 520 3688 nobis
530 3633 625 3687 unitas
634 3632 818 3687 manifestata
829 3631 885 3685 cla·

56 3743 183 3785 rescens
194 3727 374 3796 ostenditur;
390 3727 520 3782 Salvator
533 3742 637 3797 nempe
649 3725 679 3779 in
692 3724 821 3792 homine,
836 3722 884 3779 Sa·

56 3821 171 3878 cerdos
185 3821 292 3893 quippe
305 3820 336 3876 in
354 3821 519 3888 chrismate,
533 3820 591 3875 Rex
607 3818 714 3873 scilicet
724 3816 883 3872 secundum

49 3930 185 3973 carnem
214 3931 247 3968 ex
269 3930 393 3986 genere;
414 3930 514 3986 preces
533 3916 646 3969 nostras
666 3916 722 3967 tuae
741 3911 883 3982 supplices

49 4008 277 4084 prosternimus
291 4007 441 4080 ldajestati,
458 4009 489 4062 ut
501 4023 573 4079 quos
587 4007 617 4061 in
632 4010 682 4062 tuo
696 4006 815 4061 nomine
830 4021 882 4077 per

47 4106 215 4162 lavacrum
238 4101 467 4174 regenerationis
492 4116 661 4157 consecrare
686 4099 821 4172 dignatus
840 4115 880 4167 es,

45 4199 196 4274 praestes,
214 4195 301 4250 etiam
315 4195 344 4250 in
362 4195 513 4250 sanctitate
527 4197 556 4250 et
565 4193 678 4265 justitia
692 4193 743 4248 tibi
759 4192 880 4248 Domino

46 4289 235 4358 servientes,
246 4288 469 4344 unanimitatem
483 4287 551 4344 fidei
566 4304 619 4360 per
631 4285 806 4342 infusionem
821 4286 882 4359 Spi-

46 4386 137 4443 ritus
154 4382 198 4438 tui
208 4382 296 4439 sancti
309 4382 513 4438 inviolabiliter
524 4380 677 4449 custodire,
692 4396 726 4435 ac
741 4379 881 4451 perviam

42 4479 142 4556 pacis
165 4477 263 4533 liberis
278 4476 422 4550 gressibus
440 4478 638 4548 properantes,
653 4473 777 4529 caelestia
790 4486 919 4560 regnan

42 4570 273 4633 conscendere.
285 4562 339 4627 Per
349 4586 461 4642 resurg.

382 4669 445 4720 Post
456 4669 560 4718 Preces.

86 4759 187 4824 neus,
200 4753 259 4826 qui,
273 4755 377 4811 evulsis
386 4752 622 4826 superstitionum
634 4751 733 4824 spinis,
748 4749 777 4806 in
791 4751 882 4806 Eccle-

42 4853 96 4910 sia
115 4854 173 4906 tua
193 4847 337 4921 plantaria
351 4848 419 4904 fidei
433 4848 492 4903 alta
509 4846 605 4902 radice
625 4844 755 4918 posuisti,
779 4844 882 4900 exaudi

45 4958 183 5022 precem
208 4941 324 4998 familie
344 4946 420 5011 tuae3
433 4940 543 5013 respice
563 4939 600 4995 de
614 4940 694 5007 eaelo,
713 4942 742 4994 et
760 4938 835 5008 vide,
853 4941 882 4994 et

44 5038 148 5097 visita
161 5036 277 5091 vineam
289 5036 387 5104 hiem,
402 5038 432 5090 et
443 5037 548 5109 praesta
556 5035 597 5102 ut,
608 5037 637 5088 te
651 5032 808 5105 inrigante,
823 5032 882 5087 iru-

46 5139 142 5190 ctum
157 5129 280 5202 accipiat
291 5129 321 5184 in
337 5129 480 5198 ubertate,
492 5144 566 5201 quae,
574 5130 603 5182 te
619 5127 779 5199 plantante,
791 5126 882 5180 incre-

48 5227 197 5284 mentum
207 5223 308 5296 accipit
321 5223 352 5279 in
369 5223 510 5295 germine.
527 5224 700 5292 Perresurg.

328 5321 457 5387 Apologia
465 5319 617 5372 sacerdotis.

88 5413 172 5466 Ante
188 5410 247 5464 tuce
263 5407 468 5464 immusitatis
487 5408 684 5478 conspectum,
701 5407 730 5459 et
742 5404 811 5458 ante
824 5403 882 5457 tuae

55 5501 273 5561 ineffabilitatis
288 5502 396 5570 oculos,
417 5500 580 5573 oldajestas
602 5497 757 5565 mirabilis,
774 5495 883 5551 scilicet

58 5603 130 5654 ante
146 5599 214 5654 turos
234 5598 350 5653 muetos
369 5595 477 5666 vultus,
495 5590 593 5668 252
613 5608 720 5664 magne
740 5592 829 5660 Deus,
853 5591 883 5644 et

940 1954 1058 2023 Exaudi,
1075 1953 1188 2022 eraudi,
1207 1953 1382 2022 exaudime,
1398 1969 1481 2026 rogo,
1501 1952 1545 2008 his
1568 1954 1662 2009 verbis
1684 1955 1759 2012 illius

940 2048 1003 2104 Filii
1016 2047 1057 2104 tui
1072 2048 1247 2103 clamantem
1261 2064 1268 2102 ε
1281 2048 1376 2114 Pater,
1389 2050 1496 2102 aterne
1507 2047 1592 2116 Deus,
1603 2048 1757 2121 peccaviin

940 2143 1020 2211 eaelo,
1030 2145 1059 2197 et
1067 2158 1165 2197 coram
1178 2143 1205 2196 te
1217 2159 1223 2210 ;
1233 2141 1296 2212 jam
1309 2157 1368 2197 non
1380 2157 1443 2196 sum
1455 2140 1560 2214 diguus
1575 2139 1671 2198 vocari
1682 2141 1757 2199 filius

939 2238 1021 2303 tuus;
1037 2236 1083 2291 lac
1094 2251 1142 2289 me
1151 2238 1183 2290 ul
1192 2251 1283 2291 unum
1294 2235 1330 2290 de
1344 2234 1532 2290 mercenariis
1545 2235 1611 2290 tuis.
1623 2237 1658 2292 Et
1668 2254 1755 2308 nune,

938 2331 1023 2385 Pater
1037 2328 1209 2398 misericors,
1220 2328 1337 2384 unicum
1349 2327 1616 2385 misericordiaetuae
1627 2333 1754 2402 portum,

938 2424 1050 2482 Christo
1070 2424 1196 2493 favente,
1212 2426 1290 2495 peto,
1308 2425 1339 2478 ut
1352 2421 1430 2496 quod
1444 2439 1496 2494 per
1512 2440 1559 2479 me
1581 2423 1691 2480 vilescit
1704 2441 1757 2498 per

937 2517 1017 2574 illum
1037 2521 1186 2590 acceptum
1200 2517 1276 2572 serre
1293 2515 1430 2589 digneris.
1445 2516 1500 2582 Qui
1514 2516 1544 2573 in
1557 2520 1699 2575 aeternum
1712 2521 1754 2574 te·

938 2628 1003 2667 cum
1016 2611 1085 2667 vivit
1100 2615 1129 2667 et
1139 2615 1253 2683 regnat.
1570 2599 1577 2609 ’

1234 2720 1352 2772 cratone
1366 2720 1460 2772 misse.

972 2829 1170 2899 Expectatum,
1184 2826 1287 2882 iratres
1298 2825 1448 2894 carissimi,
1458 2828 1487 2882 et
1495 2824 1691 2882 desideratum
1704 2844 1754 2885 no·

936 2921 981 2977 bis
994 2924 1080 2992 atque
1090 2919 1221 2975 universo
1232 2919 1333 2990 generi
1340 2920 1753 2978 humanosalutaremPaschas

937 3014 1015 3070 diem
1025 3014 1132 3085 adepti,
1140 3012 1277 3069 concordi
1287 3030 1319 3069 ac
1328 3012 1753 3086 religiosapreceomnipoteuli

895 3117 923 3193 C
935 3110 995 3164 Deo
1006 3108 1113 3180 gratias
1123 3110 1411 3179 agamus,poscentes
1421 3105 1752 3178 ejusmisericoruiamia

935 3203 989 3258 hac
998 3202 1044 3258 die
1053 3201 1280 3256 Resurrectionis
1291 3200 1409 3258 Domini
1421 3200 1584 3256 nostrilesu
1592 3201 1696 3257 Christi
1706 3201 1750 3256 Fi·

934 3296 967 3352 lii
976 3296 1029 3363 sui,
1039 3299 1070 3350 ut
1080 3295 1188 3350 tribuat
1200 3297 1366 3365 temporum
1373 3293 1511 3365 quietem,
1524 3310 1627 3365 regum
1639 3294 1752 3366 pacabi-

934 3389 1055 3457 litatem,
1066 3388 1197 3460 judicum
1211 3386 1474 3454 mansuetudinem,
1490 3385 1618 3441 hostium
1631 3386 1751 3442 infirmi·

933 3478 1751 3552 tatem,corporumsalubritatem,acristemperiem,anni

933 3575 1155 3646 benignitatem,
1167 3575 1313 3628 fructuum
1324 3572 1448 3644 copiam,
1459 3571 1647 3628 schismatum
1658 3572 1748 3645 pesni-

933 3669 1066 3736 tentiam,
1077 3668 1208 3740 gentium
1216 3666 1397 3722 vocationem
1409 3683 1416 3734 3
1433 3668 1462 3721 et
1473 3666 1748 3724 conventumEccle·

933 3763 1079 3819 siasticum
1099 3761 1220 3833 pacillca
1233 3765 1261 3815 et
1278 3776 1351 3832 pura
1364 3759 1600 3832 congregatione,
1616 3760 1750 3818 Paracliti

933 3857 976 3913 sui
990 3855 1216 3911 sanctificatione
1232 3853 1403 3919 conlustret;
1418 3852 1554 3907 devotum
1569 3869 1603 3908 ac
1622 3853 1749 3911 dicatum

932 3951 987 4006 sibi
996 3949 1166 4021 virginalem
1181 3947 1323 4020 pudorem
1334 3949 1363 4000 et
1372 3945 1557 4002 continentiae
1568 3947 1750 4020 propositum

932 4044 1090 4116 gloriosum
1105 4045 1193 4113 atque
1205 4041 1324 4096 beatum
1339 4039 1369 4095 in
1388 4039 1523 4096 omnibus
1536 4040 1692 4109 custodiat;
1706 4041 1747 4097 vi-

932 4139 1054 4195 duarum
1073 4134 1248 4192 laboriosam
1265 4133 1473 4190 continentiam
1496 4150 1547 4188 sua
1561 4132 1748 4190 miseratione
1854 4185 1856 4189 ,

931 4232 1096 4297 confoveat;
1114 4228 1250 4301 orphanis
1264 4243 1350 4299 opem
1366 4226 1481 4299 pietatis
1495 4228 1624 4298 paternae
1637 4226 1746 4298 imper·

930 4325 992 4382 tiet.
1008 4325 1063 4380 Per
1077 4324 1279 4394 resurgentem
1292 4337 1309 4376 a
1329 4321 1416 4374 mort.
1432 4318 1588 4374 Dominum
1604 4323 1745 4376 nostrum.

1206 4431 1331 4482 Collectio
1345 4429 1470 4494 seqnitur.

967 4535 1042 4590 Deus
1054 4530 1248 4602 omnipotens,
1263 4528 1364 4585 eraudi
1379 4527 1518 4601 populum
1530 4531 1622 4598 tuum,
1633 4529 1688 4587 hac
1700 4529 1749 4588 die

933 4629 970 4684 ad
976 4626 1097 4699 gloriam
1105 4622 1333 4680 Resurrectionis
1343 4621 1460 4678 Domini
1472 4622 1634 4680 nostrilesu
1643 4624 1749 4682 Christi

931 4720 994 4777 Filii
1005 4719 1048 4775 tui
1057 4719 1087 4774 in
1098 4721 1148 4774 tuo
1158 4717 1279 4773 nomine
1294 4719 1514 4789 congregatum,
1528 4720 1557 4772 et
1568 4716 1747 4789 Maiestatem

932 4811 1028 4888 253
1045 4817 1126 4868 tuam
1144 4810 1310 4884 suppliciter
1329 4812 1497 4867 exorantem
1515 4809 1609 4883 dirige
1631 4828 1664 4867 er
1677 4829 1748 4884 prm·

932 4908 1005 4964 senti
1017 4906 1171 4962 festivitate
1188 4905 1217 4960 in
1234 4904 1364 4961 laetitiam
1379 4904 1599 4976 sempiternam,
1613 4908 1699 4976 atque
1713 4921 1748 4961 ex

931 5005 985 5057 hac
1006 5000 1154 5057 hodierne
1174 4998 1365 5055 solemnitatis
1390 4997 1564 5054 exultatione
1587 4998 1624 5053 ad
1641 4998 1748 5070 gandia

931 5096 1098 5167 incorrupta
1109 5092 1283 5150 transmitte.
1297 5093 1353 5148 Per
1363 5107 1473 5162 resurg.

1241 5203 1302 5254 Post
1319 5201 1433 5253 nomina.

967 5305 1094 5379 Suscipe,
1110 5320 1284 5379 quesumus,
1295 5303 1430 5371 Domine,
1441 5302 1566 5359 hostiam
1579 5304 1750 5376 placationis

932 5396 1748 5472 etlendis3athasoblationcsiamulorumfamularumqua

932 5497 1057 5560 uiarum,
1074 5508 1144 5564 quas
1154 5490 1206 5546 tibi
1220 5490 1368 5547 offerimus
1382 5490 1470 5547 hodia
1485 5491 1516 5547 in
1529 5492 1747 5548 Resurrectione

932 5587 1048 5644 Domini
1062 5585 1154 5642 nostri
1165 5588 1232 5643 lesu
1246 5585 1351 5642 Christi
1366 5585 1527 5644 secundum
1545 5601 1673 5652 earnem
1689 5583 1748 5655 pla-

68 5736 215 5868 1⁸:nllrllrest
228 5743 291 5812 post
298 5754 415 5812 precem,
430 5741 461 5794 ut
475 5737 505 5794 in
525 5735 619 5794 Natali
632 5733 759 5805 Domini,
772 5733 880 5791 seilicet
892 5732 957 5808 post
974 5731 1115 5805 hymnum
1130 5729 1218 5789 trium
1239 5746 1410 5807 puerorum,
1422 5732 1454 5786 ut
1471 5726 1588 5803 quidem
1603 5724 1745 5798 interpre-
