3884 6150
130 296 185 345 'ttlt
518 326 521 331 ·
685 291 728 348 DE
746 292 854 349 ullust·
874 291 1060 349 atttlcsh'o
1078 291 1282 359 DlSQUlSlTlO.
1766 298 1818 350 tes

130 399 205 454 cleri
212 399 316 455 iactam
330 400 426 457 tuisse.
437 400 541 458 Deinde
551 401 704 456 lectionum
715 406 843 472 tempore
853 401 952 457 fideles
962 412 992 486 Α
1001 400 1128 455 chalibus
1141 402 1318 472 praecipiunt,
1333 402 1458 474 itemque
1466 418 1517 473 pro
1531 401 1649 474 singulis
1661 402 1813 458 Dominicis

132 493 245 548 stetisse
258 493 289 548 iu
302 494 398 565 pedes,
412 495 536 566 exceptis
549 495 682 551 infirmis.
696 495 737 551 Ad
757 496 819 550 hac
844 496 953 552 nullam
1002 499 1031 549 et
1043 495 1196 565 majoribus
1208 495 1415 551 festivitatibus.
1430 494 1472 550 Ab
1486 496 1586 551 eodem
1609 496 1730 552 aesario
1750 512 1816 551 con·

133 583 181 639 hic
191 585 228 640 de
240 586 344 642 Primae
356 587 446 643 officio
459 589 521 643 lieri
533 588 718 658 mentionem,
730 588 953 645 sicutnecetiam
1002 587 1054 642 diti
1068 591 1134 642 surrt
1146 604 1269 642 canones
1282 589 1392 644 concilii
1405 605 1424 643 rr
1448 588 1584 655 vasensis,
1606 589 1686 660 eujus
1708 605 1815 644 canone

133 677 163 732 in
175 678 385 747 :constitutione
407 681 537 752 injuriosi
560 681 684 754 episcopi
703 682 890 752 Turonensis,
918 684 952 738 de
1003 683 1018 735 3
1033 680 1173 749 statuitur,
1187 686 1217 736 ut
1232 682 1315 752 llyrie
1329 683 1433 737 eleison
1446 683 1484 736 acl
1496 684 1655 746 Matutinus,
1668 686 1694 737 et
1708 683 1745 737 ad
1756 685 1819 739 mis

135 786 191 843 qua
204 771 333 828 inferius.
355 775 498 830 Postremo
515 776 588 830 hanc
611 775 747 846 psallendi
773 792 903 831 nonnam
923 776 952 831 in
1000 788 1056 838 sus,
1070 778 1095 829 et
1107 775 1145 829 ad
1160 777 1304 846 vesperam
1316 779 1511 845 frequentetur.
1531 775 1599 829 Earn
1620 775 1657 828 ob
1679 792 1740 830 rem
1763 779 1817 831 Au·

135 864 235 919 ricinis
250 865 389 937 Ecclesiis,
407 872 559 941 autequam
574 869 604 924 in
624 869 788 937 Arelatensi,
807 869 893 925 luisse
912 868 952 924 in·
1002 864 1101 922 roliani
1109 868 1209 938 regula
1224 869 1252 924 id
1262 869 1414 941 aliquando
1422 871 1475 937 ter,
1491 867 1642 940 aliquando
1650 868 1735 923 etiam
1744 869 1815 923 duo·

139 956 274 1013 siluam.
1001 960 1093 1015 decies
1103 960 1191 1032 repeti
1202 962 1293 1032 jubet.
1305 962 1438 1033 Ejusdem
1453 961 1563 1016 concilii
1575 978 1665 1017 canon
1684 964 1700 1017 b
1718 962 1815 1017 decer·

172 1054 218 1107 32.
234 1052 295 1106 lion
312 1052 437 1108 mullum
458 1053 542 1109 distat
555 1054 666 1110 Arelate
680 1054 807 1123 Massilia,
821 1054 870 1109 ubi
889 1070 950 1110 me·
1000 1053 1053 1122 nit,
1082 1056 1116 1110 Ut
1130 1057 1160 1110 ia
1174 1056 1295 1111 emathia
1310 1056 1438 1111 clausulis
1452 1055 1619 1125 psalmorum
1636 1061 1697 1126 post
1724 1055 1817 1109 Gloria

142 1143 184 1199 dia
196 1144 298 1200 seculo
311 1161 328 1197 v
340 1150 465 1201 versatus
476 1149 518 1201 est
529 1146 685 1202 Cassianus.
705 1147 730 1200 ls
743 1146 852 1203 duobus
863 1148 896 1201 in
907 1145 950 1202 lo·
1001 1147 1108 1203 dicatur
1133 1147 1210 1204 Sicut
1234 1153 1294 1204 erut
1312 1152 1342 1204 in
1362 1150 1493 1204 uniuersas
1513 1148 1574 1219 ejus
1598 1147 1748 1219 provincia
1772 1165 1813 1203 ee-

144 1236 287 1291 ciscursus
304 1237 438 1293 Gallicani
459 1237 601 1306 meminit,
621 1243 649 1294 et
666 1239 760 1311 primo
779 1239 895 1311 quidem
919 1239 950 1293 in
1002 1241 1100 1297 etesiis.

146 1329 188 1384 lib.
200 1345 220 1386 ιι
233 1329 456 1398 Institutionum,
471 1348 531 1402 cap.
544 1334 582 1387 8:
599 1353 613 1381 α
631 1332 702 1388 lllud
721 1332 806 1388 eliam
822 1333 897 1404 quod
920 1332 951 1387 in
1037 1337 1080 1389 35.
1097 1334 1202 1389 Proeter
1215 1351 1249 1390 ea
1262 1335 1411 1389 Ferreolus
1423 1334 1576 1391 Ucetiensis
1586 1334 1712 1404 antistes,
1727 1334 1756 1388 in
1768 1350 1813 1388 re·

146 1422 190 1477 hac
202 1423 345 1493 provincia
357 1423 490 1494 uidimus,
507 1428 538 1478 ut
551 1440 607 1480 uno
621 1428 763 1495 cantante,
778 1425 808 1480 in
828 1425 951 1480 clausula
1001 1427 1075 1498 gulae
1089 1444 1146 1483 suae
1158 1445 1220 1499 cap.
1236 1431 1269 1483 ss
1284 1445 1291 1482 :
1306 1450 1320 1476 «
1333 1429 1417 1483 Gesta
1430 1433 1599 1498 martyrum,
1613 1427 1716 1498 inquit,
1732 1427 1762 1481 id
1774 1430 1816 1481 est

148 1515 237 1587 psalnri
250 1517 496 1573 omncsadstantes
504 1519 654 1573 concinant
662 1535 726 1573 cum
742 1518 876 1587 clamore,
891 1519 950 1575 Clo
999 1521 1143 1592 passiones
1154 1525 1316 1576 sanctorum
1329 1521 1466 1590 fidelium,
1476 1519 1817 1592 quaequorumdamcom·

148 1611 269 1664 riaPatri
280 1604 422 1667 etffleet
432 1612 550 1681 Spiritui
563 1616 666 1675 sancto,
676 1627 817 1683 nusquam
826 1627 878 1683 per
886 1628 947 1666 om·
998 1615 1134 1685 pagiuata
1147 1615 1241 1670 studio
1262 1618 1289 1669 et
1311 1630 1443 1670 sermone
1461 1614 1571 1686 digesta
1590 1618 1665 1682 sunt,
1689 1615 1815 1684 tempore

150 1717 204 1756 rem
217 1701 361 1758 Orientem
373 1702 541 1771 audirimus,
555 1704 604 1760 sed
617 1722 683 1759 cum
697 1705 825 1760 omnium
839 1704 949 1760 silentio
999 1724 1055 1778 quo
1067 1708 1150 1762 nobis
1162 1707 1238 1763 diem
1254 1707 1434 1778 migrationis
1447 1723 1546 1762 eorum
1559 1707 1709 1762 annimeta
1718 1722 1816 1760 cursus

152 1794 218 1849 deo
236 1795 285 1867 qui
310 1798 415 1866 cantat,
432 1795 512 1851 finito
533 1797 653 1868 psalmo,
677 1798 833 1853 orationem
852 1776 1044 1856 succe-Beni
1060 1801 1170 1872 legibus
1192 1804 1385 1873 repraesentat,
1410 1800 1550 1855 recenseri
1570 1800 1599 1854 in
1620 1800 1743 1855 oratorio
1763 1816 1814 1854 au·

153 1886 217 1942 due:
230 1887 282 1942 hac
295 1904 361 1944 vero
374 1888 577 1961 glorificatione
594 1890 737 1947 Trinitatis
752 1892 949 1947 tantummodo
1000 1894 1142 1949 clientibus
1154 1893 1262 1948 cunctis
1274 1893 1391 1948 omnino
1404 1892 1592 1949 decernimus.
1609 1914 1623 1941 a
1637 1891 1716 1956 Quod
1728 1890 1815 1946 etiam

154 1979 223 2036 alere
237 1981 407 2053 antiphonas
419 1983 576 2050 terminari,
592 2005 606 2033 ι»
623 1984 718 2053 idest,
738 1983 845 2039 sibene
859 1983 947 2039 inter·
999 1986 1035 2041 de
1045 1986 1195 2042 Viennensi
1209 1991 1238 2041 et
1246 1985 1401 2041 Arelatensi
1426 1984 1556 2041 Ecclesiis
1575 1984 1704 2055 superius
1722 1982 1816 2038 obser·

153 2076 365 2147 perorantum
374 2076 526 2132 alternum.
541 2078 700 2132 Namhunc
719 2077 882 2147 antiphona
895 2093 946 2132 no·
999 2079 1135 2133 ravimus.
1158 2079 1285 2151 lienique
1307 2079 1424 2133 Faustus
1443 2094 1477 2132 ex
1501 2077 1640 2132 monacho
1669 2075 1813 2131 lerinensi

154 2169 211 2224 niue
222 2170 298 2241 apud
311 2169 484 2243 antiquiores
494 2169 750 2242 auctoresiutelligi
762 2168 949 2243 406supe-
998 2171 1147 2244 episcopus
1162 2171 1317 2242 Regiensis,
1335 2174 1404 2226 teste
1417 2169 1531 2226 Sidonio
1546 2169 1575 2224 in
1597 2169 1648 2224 lib.
1670 2185 1708 2237 rr,
1732 2168 1813 2240 epist.
1856 2228 1862 2235 ,

92 2320 94 2339 Ι
154 2262 342 2320 dusridimus.
360 2265 440 2322 Alter
456 2265 533 2320 locus
553 2265 641 2321 estin
661 2265 711 2320 lib.
724 2281 766 2335 111,
782 2280 843 2336 cap.
857 2265 884 2335 t,
901 2264 949 2320 ubi
999 2268 1025 2334 3,
1039 2265 1093 2320 fuit
1107 2286 1121 2314 a
1135 2281 1252 2337 precum
1266 2264 1373 2335 peritus
1384 2263 1713 2335 insulanarum,quasde
1727 2261 1815 2332 pala·

92 2350 94 2413 ἕ
154 2354 193 2410 duo
208 2374 258 2413 nos
273 2356 355 2414 docet
375 2358 533 2414 Cassianus.
553 2359 691 2427 Primum,
716 2358 888 2415 matathiam
907 2375 949 2413 so-
999 2364 1058 2413 stra
1071 2357 1226 2413 eremitidis
1240 2362 1269 2413 el
1281 2358 1316 2412 de
1330 2360 1429 2412 senatu
1452 2355 1647 2411 lerinensium
1668 2353 1817 2410 cellulano-

153 2447 317 2522 leunitatem,
329 2451 357 2507 id
374 2456 417 2508 est
428 2453 545 2523 laudes,
562 2453 704 2524 «expletis
714 2451 861 2508 nocturnis
872 2454 947 2525 psal·
998 2467 1073 2520 rum,
1088 2450 1118 2505 in
1143 2451 1245 2506 urbem
1259 2465 1372 2522 quoque
1395 2448 1496 2519 (suasu)
1517 2447 1672 2514 transtulit,
1693 2440 1766 2502 nihil
1780 2445 1815 2499 ab

93 2608 96 2629 Ι
153 2542 192 2597 uis
201 2547 228 2599 et
239 2544 424 2613 orationibus,
436 2549 499 2618 post
512 2546 656 2602 modicum
669 2546 806 2619 temporis
815 2547 947 2604 interval·
998 2543 1098 2599 abbate
1110 2547 1236 2598 mutatus
1250 2559 1302 2614 par
1315 2542 1527 2599 sacerdotem.»
1551 2541 1598 2596 llis
1621 2539 1751 2596 omnibus
1770 2539 1817 2594 ad-

93 2678 97 2697 .
152 2632 205 2706 ium,
215 2660 229 2685 u
244 2638 274 2692 in
286 2638 381 2694 Gallia
389 2639 567 2694 monasteriis
576 2639 662 2696 luisse
672 2641 854 2698 celebratam.
869 2640 947 2705 Quod
994 2637 1117 2709 jungere
1130 2653 1182 2708 par
1194 2642 1236 2691 est
1248 2636 1421 2707 metropoles
1433 2635 1654 2703 Narbonensem,
1671 2632 1815 2704 burdega-

151 2728 217 2785 et'um
227 2731 258 2786 in
270 2733 370 2804 regula
380 2749 430 2787 sua
443 2733 573 2804 praecipit
584 2736 696 2789 sanctus
710 2735 894 2803 Benedictus;
909 2738 948 2789 at·
997 2731 1116 2799 lensem,
1130 2732 1159 2784 et
1175 2727 1388 2796 bituricensem,
1414 2744 1535 2799 quarum
1558 2725 1682 2798 episcopi
1702 2724 1729 2779 in
1749 2740 1816 2779 aon-

151 2823 231 2891 quede
244 2824 414 2881 Emeritmd
427 2826 549 2882 Ecclesia
561 2827 662 2883 hiemis
677 2830 806 2899 ternpore
824 2828 854 2883 in
869 2843 948 2884 more
997 2823 1062 2880 cilio
1076 2821 1230 2894 agathensi
1239 2821 1307 2876 anni
1322 2823 1385 2888 506,
1400 2836 1506 2875 canone
1520 2822 1564 2887 ³0,
1587 2818 1759 2885 sancierunt,
1781 2820 1815 2872 ut

149 2914 417 2974 fuissetraditPaulus
425 2918 563 2975 Diaconus
573 2921 661 2976 inlib.
673 2921 708 2976 de
720 2921 850 2976 Patribus
864 2923 947 2976 Eme·
997 2917 1073 2972 idem
1086 2916 1155 2972 ordo
1167 2916 1197 2971 in
1205 2915 1307 2971 divinis
1320 2914 1418 2969 oiiiciis
1424 2913 1530 2985 ubique
1545 2915 1715 2978 servaretur,
1727 2925 1814 2983 quem

147 3007 292 3082 titensihus,
307 3028 370 3084 cap.
388 3017 413 3068 t.
427 3013 587 3069 &cundum
601 3020 652 3084 est,
667 3016 786 3070 alteram
800 3032 817 3064 r
829 3014 946 3071 matuli-
997 3026 1134 3065 canonem
1144 3009 1288 3081 integrum
1303 3004 1581 3078 inconsequentibus
1594 3003 1813 3060 referemusrtd

145 3116 197 3159 orm
221 3104 440 3174 solemnitatem,
469 3128 483 3156 a
510 3107 585 3179 quod
608 3107 709 3162 Primae
739 3108 863 3164 officium
894 3112 946 3179 est,
997 3106 1058 3161 haec
1070 3103 1222 3175 Gregorius
1232 3101 1395 3157 inltislorire
1408 3099 1458 3154 lib.
1475 3116 1494 3168 1,
1508 3100 1623 3170 capttt,
1640 3097 1725 3153 tradit
1736 3097 1813 3168 apud

143 3196 326 3254 «heutonis
338 3199 383 3254 vel
397 3200 522 3256 maxime
536 3200 701 3272 regionibus
721 3223 736 3251 u
760 3201 946 3257 observatam.
997 3197 1147 3267 Biturigas,
1158 3192 1254 3267 408
1264 3210 1281 3248 a
1293 3193 1394 3266 primis
1402 3197 1523 3264 acceptor
1542 3190 1606 3246 tidci
1627 3189 1812 3261 temporibus,

139 3288 166 3344 u
186 3294 284 3348 umen
311 3292 463 3363 Cresanus,
483 3298 515 3348 ut
537 3294 621 3348 moda
647 3295 788 3366 vidimus,
816 3295 948 3353 Cassiano
996 3290 1114 3347 clericos
1127 3288 1269 3344 ordinatos
1281 3288 1376 3354 tuisse,
1391 3286 1440 3357 qui
1464 3284 1582 3339 «ritum
1600 3283 1738 3356 psallendi
1757 3298 1815 3338 sus·

137 3382 248 3439 inierim
277 3390 370 3453 atate,
396 3387 503 3441 nudam
526 3387 630 3442 Primae
658 3389 724 3443 facit
755 3388 945 3459 mentionem;
996 3386 1144 3456 ceperunt.
1158 3405 1172 3433 »

134 3476 178 3533 sed
189 3480 288 3532 lamen
301 3479 331 3534 in
340 3480 494 3552 appendice
507 3481 614 3553 regulae
627 3498 685 3537 suas
698 3497 761 3537 eam
782 3481 880 3539 diebus
894 3483 947 3537 llo·
1032 3481 1076 3533 36.
1090 3478 1154 3531 liae
1168 3476 1227 3532 tera
1239 3478 1305 3529 sunt
1317 3472 1425 3544 quade
1438 3469 1631 3542 lugdunensi,
1649 3468 1811 3537 Viennensi,

132 3569 240 3626 minicia
253 3588 287 3627 ac
297 3572 376 3628 festis
388 3574 556 3645 praescribit,
568 3578 600 3629 ut
608 3580 704 3647 postea
713 3574 881 3631 ridebimus.
996 3569 1161 3638 Arelatensi,
1176 3567 1294 3639 aliisque
1301 3565 1400 3619 ricinis
1409 3562 1532 3619 ecclesiis
1544 3561 1626 3617 nobis
1640 3560 1813 3616 observanda

161 3664 948 3740 ³³.lt'onpraetermittendushoclocalduseusaeututper
997 3665 1195 3720 occurrerunt:
1212 3675 1248 3715 ex
1260 3657 1363 3730 quibus
1374 3655 1571 3726 intelligimus,
1586 3654 1679 3726 primo
1697 3652 1813 3725 quidem

129 3759 946 3835 vetustusCodexpraefert)ltaseus,qui«hortatusanctille-
996 3758 1118 3830 psalmos
1137 3753 1172 3808 ab
1194 3769 1250 3807 uno
1270 3752 1373 3807 lectore
1394 3749 1546 3822 aliquando
1565 3747 1651 3803 fuisse
1669 3745 1811 3812 recitem,

129 3851 201 3906 nerii
213 3852 340 3925 episcopi
354 3854 548 3927 (Massiliensis)
559 3856 701 3928 excerpsit
713 3872 748 3911 ex
759 3856 862 3911 sanctis
877 3855 947 3911 Scri·
996 3852 1116 3907 testante
1128 3846 1271 3913 Cassiano,
1295 3849 1322 3899 et
1338 3847 1401 3915 post
1422 3842 1509 3897 tinem
1530 3840 1707 3913 singulorum
1728 3838 1813 3894 versi·

128 3943 220 4015 pluris
231 3945 376 4018 lectiones,
390 3948 475 4003 totius
490 3950 556 4005 anni
567 3949 671 4005 festivis
684 3949 946 4022 aplasdiebus,res·
996 3944 1126 3999 culorum
1140 3943 1232 4000 Gloria
1244 3940 1324 3996 Patri
1337 3938 1372 3992 ab
1385 3936 1517 3992 omnibus
1535 3937 1695 4003 cantatum3
1710 3931 1812 3988 deinde

129 4039 262 4107 pomaria
275 4040 361 4095 etiam
375 4046 404 4096 et
424 4042 599 4113 psalmorum
626 4044 748 4115 capitula
768 4043 947 4115 temporibus
996 4054 1062 4095 sero
1074 4052 1137 4091 eam
1145 4033 1309 4107 psalmodias
1318 4031 1497 4102 disciplinam
1506 4027 1680 4095 successisse,
1702 4030 1733 4080 ut
1753 4042 1812 4081 om·

128 4130 339 4188 etlectionibus
351 4137 548 4207 congruentia.
563 4137 643 4202 Quod
658 4153 729 4208 opus
741 4141 798 4192 tam
818 4152 945 4192 necessa·
995 4148 1047 4187 nes
1061 4134 1205 4195 canerent,
1219 4126 1296 4200 quod
1309 4125 1446 4180 Caesarius
1457 4122 1569 4178 Arelate
1579 4121 1737 4176 vicinarum
1758 4119 1809 4173 Ec·

128 4228 205 4284 n'um
218 4230 352 4286 electore
364 4231 395 4287 in
410 4233 530 4289 Ecclesia
548 4235 758 4306 comprobatur,
778 4238 811 4290 ut
829 4233 945 4306 expedi·
996 4225 1146 4282 clesiarum
1157 4218 1425 4293 exemploiustituit.
1439 4218 1518 4272 Nunc
1531 4215 1567 4270 ad
1587 4212 1657 4269 alias
1675 4210 1809 4267 Ecclesiae

128 4326 190 4377 tum
203 4327 233 4379 et
246 4324 466 4383 sollicitudinem
478 4327 569 4398 tollat,
582 4331 611 4384 et
623 4344 735 4384 moram
744 4346 752 4398 ;
762 4328 893 4400 plebique
900 4327 945 4382 in-
995 4317 1224 4392 pr08redi³m11¹'·

130 4420 210 4489 gerru
227 4417 382 4488 scientiam,
405 4423 433 4475 et
448 4421 603 4476 celebritati
629 4421 771 4478 decorem.
787 4443 802 4471 ιι
826 4423 890 4476 Haec
912 4436 946 4476 er
1364 4408 1438 4480 §¹¹¹-
1819 4456 1841 4497 ,μ

130 4508 265 4567 Gennadii
274 4528 337 4585 cap.
348 4516 393 4578 79,
407 4514 457 4569 ubi
471 4515 587 4571 observa
612 4515 747 4572 lectiones
760 4515 796 4570 ad
812 4514 871 4570 dies
883 4517 982 4594 tan-D
993 4535 1030 4588 pe
1050 4528 1153 4597 criptae
1170 4529 1196 4580 et
1210 4536 1299 4595 propa
1318 4521 1407 4574 aucae
1431 4517 1584 4572 diuinorum
1610 4513 1760 4597 oracionem
1777 4510 1828 4564 ἐπ’

131 4606 192 4659 tum
203 4604 316 4662 festivos
328 4607 480 4680 designari,
497 4625 554 4664 non
567 4610 603 4664 ad
614 4609 735 4665 feriales.
1029 4598 1200 4682 lavellum&
1211 4609 1271 4650 ⁸⁰⁶¹*
1329 4632 1338 4654 ‚
1352 4591 1443 4651 ‘W’
1453 4593 1478 4643 ‘³⁸
1492 4588 1641 4663 Wihfli
1655 4599 1684 4638 ²¹⁸
1693 4586 1808 4653 ¹⁴⁸in

167 4698 210 4754 tt.
223 4698 284 4763 Qua
292 4699 402 4757 ratione
415 4703 656 4759 ordinatsiueriut
664 4702 790 4759 ltassiliae
800 4700 942 4757 divineof·
1029 4672 1147 4740 Raima·

134 4789 202 4861 dcis,
223 4808 280 4848 non
300 4793 405 4866 liquet;
433 4798 463 4852 st
487 4797 521 4852 de
537 4796 693 4853 Arelatensi
712 4797 770 4851 ritu
788 4796 944 4867 conjectare
1030 4802 1074 4855 37.
1093 4792 1260 4852 rsumodia
1279 4787 1478 4860 antiquitatem
1498 4783 1528 4839 in
1549 4782 1672 4839 secunda
1692 4781 1806 4852 Lugdu-

134 4898 279 4955 possumus
292 4903 327 4943 ex
340 4888 446 4961 regulis
459 4890 571 4946 Caesarii
585 4894 614 4946 et
626 4890 781 4960 Aureliani,
795 4889 843 4962 qui
860 4889 944 4959 longe
994 4892 1085 4960 nansi,
1100 4889 1184 4945 idest
1198 4886 1227 4941 in
1250 4878 1473 4952 Rothomagensl
1493 4876 1625 4946 Ecclesia,
1643 4873 1755 4930 nullum
1772 4873 1807 4926 il·

135 4975 273 5034 diversum
287 4996 303 5035 a
315 4981 496 5054 Lugdunensi
511 4984 628 5039 modum
638 4984 834 5056 praescribunt.
855 4980 944 5037 Ambo
993 4986 1109 5044 lustrius
1121 4972 1517 5040 commendattcstimonium,
1532 4985 1620 5041 quam
1632 4965 1741 5022 Paulini
1751 4965 1809 5036 epi-

135 5084 197 5127 vero
209 5072 280 5129 duos
294 5076 405 5130 tantum
417 5082 569 5133 nocturnos
582 5078 686 5149 passim
702 5078 733 5132 in
751 5076 858 5151 Vigiliis
874 5090 943 5131 noc·
994 5081 1066 5136 stola
1078 5078 1114 5133 ad
1130 5072 1293 5130 victricium
1300 5066 1451 5141 ejus'urbis
1458 5063 1634 5135 episcopum.
1651 5058 1809 5131 «lienique

137 5166 223 5221 tumis
234 5167 388 5240 assignant,
403 5174 432 5225 et
443 5170 577 5227 lectiones
595 5176 715 5244 uterque
735 5154 834 5226 missas
851 5168 945 5241 appel·
994 5189 1071 5230 nnnc
1084 5170 1305 5239 ltothomagum,
1319 5168 1348 5217 et
1360 5158 1457 5215 ricinis
1471 5160 1537 5212 ante
1550 5152 1712 5225 regionibus
1729 5152 1809 5208 tenui

135 5254 199 5314 lant.
214 5260 248 5315 Et
262 5261 315 5316 tria
329 5262 446 5335 quidem
469 5263 536 5319 folia
553 5265 589 5320 ad
609 5280 838 5337 unamquamque
857 5261 947 5334 exigit
994 5267 1110 5324 nomine
1121 5261 1330 5337 pervulgatum,
1341 5255 1372 5309 in
1386 5248 1549 5323 longinquis
1559 5248 1644 5304 etiam
1658 5246 1810 5319 provinciis

134 5348 282 5423 Gentium
293 5357 352 5409 tres
362 5360 413 5412 aut
425 5362 547 5429 quatuor
558 5358 686 5431 paginas,
699 5375 751 5430 pro
763 5373 897 5413 mensura
909 5356 944 5410 li·
994 5358 1137 5419 nominari
1150 5351 1350 5411 venerabiliter
1365 5345 1508 5413 audimus,
1524 5347 1553 5398 at
1569 5342 1644 5397 inter
1663 5340 1750 5396 urbes
1767 5355 1810 5394 sa-

133 5440 184 5513 tn’,
196 5446 373 5527 Aurelianus,
392 5448 485 5522 407
503 5452 553 5523 qui
567 5453 703 5508 lectiones
724 5452 759 5507 de
771 5450 946 5523 passionibus
995 5454 1079 5512 cretis
1094 5451 1161 5507 locis
1175 5447 1284 5504 nobiles
1293 5458 1359 5498 cum
1371 5439 1466 5495 divina
1475 5431 1807 5492 laudenumerari.llaud

132 5544 289 5615 thamyrum
300 5542 333 5598 in
351 5559 450 5599 eorum
464 5545 544 5601 testis
569 5546 736 5618 prescribit,
755 5551 788 5601 ut
806 5543 945 5616 permittit
994 5547 1149 5612 immerito,
1165 5558 1231 5597 eum
1241 5534 1405 5606 totamillic,
1421 5532 1511 5605 qualis
1531 5531 1562 5585 in
1575 5529 1689 5586 Oriente
1702 5538 1807 5581 memo·

129 5635 245 5692 tertium
251 5636 404 5695 mutium
411 5640 642 5714 Carthaginense.
651 5641 693 5696 Ad
701 5641 762 5696 hoee
768 5639 905 5696 Caesarius
918 5642 946 5694 et
994 5648 1084 5711 ratur,
1101 5636 1257 5694 Hierusales
1269 5631 1381 5699 taciem,
1401 5627 1594 5699 apostolorum
1605 5633 1718 5693 quoque
1732 5630 1807 5718 proe·

128 5732 297 5792 ΑιιωΙίιιιιιιι
308 5734 341 5791 iu
355 5734 504 5793 matutinis
522 5736 662 5793 madibus
678 5735 818 5792 canticum
835 5736 944 5806 dloqui·
995 5734 1115 5794 sentiam
1127 5731 1262 5788 meritum
1274 5731 1331 5783 tuae
1345 5712 1682 5782 Sanctitstisedduxeritc
1697 5723 1806 5782 quipe·

124 5828 189 5897 tect
203 5829 389 5903 ethymnum
404 5830 540 5903 Gloriatur
563 5833 672 5889 eccelsia
694 5848 745 5905 pro
763 5832 861 5889 diebus
881 5847 944 5903 pas·
995 5829 1138 5903 regdnam
1151 5823 1297 5883 memoriis
1315 5819 1372 5875 suis
1391 5815 1503 5885 arbem,
1526 5806 1626 5866 aflectu
1648 5807 1810 5865 tunctorum
