3884 6150
254 290 560 349 stcauueurauwtt
577 291 800 349 drittenteil.
822 321 855 333 -
873 292 1023 351 tuutetes
1041 293 1321 352 POENITENTIALIS.
1581 293 1633 353 art

178 414 330 460 omnouas
348 416 532 460 vssraunun.
777 402 859 492 Atui
873 407 1005 480 estquod
1019 406 1054 463 ad
1069 411 1097 463 te
1120 405 1242 462 diluculo
1254 406 1417 479 vigilamus.
1431 405 1511 465 Dona
1524 405 1632 466 deside·

105 495 172 552 tens
184 496 357 569 sempiterne
371 497 458 567 Deua,
472 512 587 569 vespere
602 503 630 553 et
641 514 726 554 mane
739 501 768 554 et
816 494 934 550 rabilem
947 493 1056 552 fontem
1068 495 1139 551 lucis
1151 501 1214 567 post
1226 497 1356 552 tenebras
1366 497 1456 553 noctis
1464 515 1473 568 ;
1486 498 1633 571 utperfusi

105 588 265 663 najestatem
278 595 358 647 tuam
372 591 537 665 suppliciter
561 592 765 663 deprecamur,
816 605 880 643 rore
893 590 1006 661 calesti,
1026 593 1085 646 tota
1107 589 1152 646 die
1174 590 1329 663 refrigeriis
1353 591 1567 651 medicinalibus
1587 593 1631 649 fo·

105 700 121 740 s
135 684 170 741 de
182 684 312 742 cordibus
324 686 427 743 uostris
440 690 618 757 peccatorum
632 686 766 751 tenebris,
816 698 944 740 reamur.

114 779 218 849 iucem,
233 796 297 854 quae
319 780 446 838 Christus
465 785 516 852 est,
530 779 616 838 facias
634 797 685 837 nos
699 797 765 853 per·
1191 753 1256 804 ΑΗΕ·

851 844 1041 917 Exsurgentes
1058 842 1093 899 de
1106 842 1246 898 cubilibus
1259 845 1372 916 uostris,
1382 845 1521 903 auxilium
1536 848 1633 921 grotta

290 945 355 994 ltem
365 943 424 994 alio.
817 941 873 993 tua
887 936 1034 993 matutinis
1047 936 1178 1009 precibus
1193 937 1396 1010 implorantum
1413 942 1444 996 ut
1453 940 1584 997 discussis
1594 946 1633 998 te·

105 1028 277 1087 tiinluminas
287 1034 411 1100 noctem,
424 1030 557 1087 etlumen
566 1031 767 1103 posttenebras
816 1030 1630 1103 nebrisvitiorum,ambolaremereamuriulucerirtutum.

105 1123 170 1181 cede
194 1124 275 1181 uobis
296 1130 329 1180 ut
348 1125 421 1180 hanc
438 1129 551 1180 noctem
572 1123 632 1180 sinc
654 1124 764 1198 inpedi·
1189 1133 1254 1187 alia.
1441 1180 1445 1189 .

105 1235 164 1276 anae
179 1223 364 1289 transeamus,
381 1218 473 1291 adque
485 1218 522 1274 ad
531 1217 682 1274 matutinis
690 1217 767 1275 horis
851 1219 985 1278 Matutine
1006 1219 1169 1292 supplicum
1190 1224 1264 1288 rota,
1279 1221 1408 1292 Domine,
1426 1222 1567 1296 propitius
1585 1225 1628 1281 io·

105 1316 185 1370 tuum
200 1316 387 1381 revertentes,
404 1312 455 1369 tibi
469 1313 527 1369 Deo
542 1311 647 1386 gratias
660 1312 764 1369 refera-
816 1316 906 1385 tuere,
921 1318 949 1371 et
962 1313 1072 1370 occulta
1089 1314 1180 1370 cordis
1198 1313 1287 1370 nostri
1301 1314 1427 1372 remedio
1441 1320 1500 1373 tuae
1513 1316 1632 1375 clarifica

815 1406 947 1481 pietatis;
963 1410 996 1465 ut
1015 1406 1152 1464 desideria
1166 1408 1315 1465 tenebrosa
1329 1426 1389 1466 non
1408 1415 1541 1481 teneant,
1560 1427 1632 1487 quos

815 1499 864 1555 lux
878 1498 997 1555 celestis
1008 1499 1107 1572 gratiae
1122 1500 1271 1573 repararit.
1285 1501 1348 1559 Per.

105 1580 135 1635 a,
149 1581 323 1637 quaesumus,
345 1563 483 1632 Domine,
501 1563 632 1619 tenebras
645 1565 765 1632 nostros,
1186 1601 1250 1653 Alia·

105 1659 182 1715 coctis
195 1658 311 1713 insidias
325 1657 431 1730 repelle
443 1657 597 1730 propicius.
613 1659 676 1712 Per.

323 1760 387 1810 Alta.

105 1849 115 1902 t
132 1845 201 1913 dies,
217 1846 351 1915 llomine,
366 1850 395 1902 et
415 1850 523 1901 tuaest
542 1863 620 1902 nox:
643 1845 765 1902 concede

105 1938 165 1995 ilisa
179 1943 235 1995 tuae
249 1955 416 2011 permanere
429 1938 460 1994 in
473 1939 606 1995 cordibus
614 1939 719 1995 nostris
730 1938 766 1994 ad
1089 1990 1266 2033 mmm
1285 1992 1357 2033 om·

105 2033 482 2148 ”wgmmnumtfflfehm
495 2037 692 2107 mmmmm·
850 2071 984 2128 Exorcizo
1010 2075 1049 2142 te,
1075 2073 1192 2146 spiritus
1216 2073 1445 2146 inmundissime,
1467 2092 1519 2148 per
1541 2077 1631 2133 Deum

105 2222 107 2232 ,
235 2222 239 2231 ,
293 2136 421 2232 steinaha·
710 2221 715 2234 ‚
814 2166 1155 2238 Patremomnipotentem
1163 2172 1191 2223 et
1199 2168 1445 2225 lesumChristum
1457 2169 1561 2226 Filium
1570 2170 1631 2242 ejus

105 2220 766 2327 9821811ὼὸὡωρθηοιγῗῃῒθεόιθωωψ
815 2259 967 2316 homiuum
981 2263 1127 2331 nostrum;
1144 2265 1175 2317 ut
1188 2262 1281 2318 omnis
1291 2262 1379 2319 virtus
1389 2263 1552 2333 adversarii,
1567 2279 1630 2320 om·

105 2331 181 2386 nme’
196 2315 307 2371 h⁰m¹¹⁰
320 2331 403 2388 prece
414 2332 558 2420 p⁰⁸⁰¹fnu⁸
568 2358 576 2384 ’
588 2319 621 2372 ut
633 2318 765 2373 ”murm
814 2369 865 2409 nes
878 2353 1020 2409 exercitus
1033 2353 1147 2423 diaboli,
1162 2371 1245 2411 omne
1258 2356 1427 2428 phantasma
1437 2356 1596 2412 eradicetur
1604 2358 1632 2413 et

105 2409 245 2467 'smum
259 2414 286 2466 te
299 2413 467 2521 pmtessente
480 2413 611 2466 memm'
815 2446 932 2518 effugiat
945 2446 980 2501 ab
995 2446 1049 2502 hac
1070 2454 1199 2505 creatura
1217 2448 1287 2516 olei3
1309 2454 1337 2505 et
1354 2450 1389 2505 sit
1410 2450 1446 2520 ei,
1468 2450 1518 2522 qui
1532 2466 1567 2505 ex
1579 2451 1632 2507 hac

244 2596 249 2607 ,
286 2511 352 2560 “²¹¹¹
368 2510 475 2606 ³¹¹⁸·,‚
599 2594 604 2606 ,
654 2594 659 2605 ,
703 2594 708 2607 ,
815 2544 944 2595 creatura
970 2539 1024 2595 olei
1044 2540 1230 2613 contingitur,
1250 2542 1423 2614 ubicumque
1445 2543 1475 2598 iu
1497 2543 1632 2600 membris

105 2611 154 2667 Μ’
170 2597 304 2665 D⁰m¹¹¹⁰'
325 2600 491 2666 mpemms
512 2594 765 2667 supphffltmmbm
814 2632 889 2688 iilius
900 2632 1082 2705 tetigeritvel
1092 2635 1224 2704 perfusus
1235 2635 1630 2707 fuerit,llominoauxiliante,

114 2690 158 2747 ἠΰ
169 2707 223 2746 ¹¹⁰³
237 2706 299 2794 ,sm
313 2689 371 2745 ⁰1¹⁰
385 2694 465 2745 reatu
478 2691 626 2744 matum
638 2688 690 2745 ”hl
702 2689 764 2744 Μ’
814 2726 1041 2782 benedictionem
1054 2727 1199 2800 percipiat,
1208 2728 1329 2785 etvitam
1336 2734 1471 2785 aeternaru
1487 2730 1632 2802 perprera

105 2789 254 2840 cresentarr.
268 2785 330 2838 Per.
816 2831 986 2871 mereamur.

197 2902 296 2944 ortano
316 2903 349 2941 ua
369 2902 524 2943 urrunnu.
1110 2885 1260 2938 Benedictio
1277 2886 1338 2937 olei.

108 2979 160 3036 tibi
174 2981 300 3053 agimus,
322 2980 441 3036 Domine
456 2983 565 3050 sancte,
578 2981 660 3035 Pater
671 2977 764 3034 omni·
850 2971 911 3027 ilex
922 2970 1021 3043 gloria
1033 2971 1189 3043 majestatis
1203 2975 1268 3039 tuae,
1283 2972 1400 3028 Domina
1414 2974 1501 3044 Deus,
1515 2972 1633 3029 benedic

105 3078 179 3131 tarne
193 3075 276 3143 lleus,
292 3064 406 3147 qui'nos
419 3076 559 3129 transacto
571 3072 663 3129 noctis
674 3072 765 3145 spatio
815 3065 888 3120 hauc
901 3070 1061 3122 creaturam
1071 3065 1135 3132 olei,
1147 3070 1176 3121 et
1185 3065 1328 3121 sanctifica
1342 3083 1414 3122 eom.
1425 3066 1546 3123 infunde
1555 3065 1633 3123 illam

105 3183 150 3223 nas
163 3167 245 3223 horas
259 3168 415 3240 perducere
428 3167 562 3240 dignatus
581 3182 611 3221 es
627 3183 634 3220 :
649 3181 763 3237 quaesu-
775 3166 831 3241 (ζα
850 3175 914 3214 rore
933 3159 1038 3215 calesti
1058 3160 1159 3232 spiritu
1179 3160 1349 3230 sanctitatis,
1371 3164 1402 3216 ut
1429 3161 1633 3235 cujuscumque

105 3276 170 3316 ones
183 3261 262 3316 nobis
270 3261 346 3316 diem
356 3262 428 3315 hone
438 3261 497 3315 sinc
510 3263 626 3332 peccato
635 3258 764 3330 transire,
815 3269 917 3324 corpus
931 3253 975 3308 sel
993 3253 1155 3309 membrum
1170 3270 1205 3309 ex
1220 3271 1254 3310 eo
1272 3254 1359 3310 fuerit
1372 3254 1487 3311 linitum
1506 3256 1549 3311 rel
1566 3271 1631 3327 per-

105 3354 140 3411 nd
151 3370 306 3427 vesperum.
315 3355 419 3428 gratias
432 3353 600 3410 referamus.
814 3346 920 3412 fusum,
936 3345 1065 3402 salutaris
1085 3347 1215 3419 gratiam,
1230 3351 1258 3403 et
1274 3351 1455 3419 peccatorum
1467 3347 1587 3417 veniam,
1604 3352 1633 3403 at

324 3456 390 3507 Alia.
815 3439 963 3495 sanitatem
978 3440 1117 3495 caelestem
1132 3441 1266 3512 consequi
1287 3445 1441 3496 mereatur.
1460 3442 1514 3496 Per
1534 3440 1630 3496 Domi·

105 3541 121 3599 ri
135 3546 187 3612 cst,
202 3542 334 3613 bomine,
348 3542 424 3615 quod
440 3541 600 3614 quievimus
617 3555 624 3595 :
638 3539 765 3595 muneris
815 3549 885 3588 num
899 3537 1028 3588 nostrum
1043 3533 1138 3588 lesum
1152 3532 1295 3588 Christum
1308 3533 1332 3588 ⁸.

293 1479 359 1528 item
371 1477 430 1528 alia.

851 1686 888 1742 le
905 1685 999 1742 lucem
1017 1703 1114 1743 veram
1134 1690 1163 1744 et
1180 1687 1251 1744 lucis
1270 1692 1426 1762 auctorem,
1440 1688 1568 1760 Domine,
1582 1687 1632 1748 de·

775 1793 803 1866 B
816 1796 983 1852 precamur3
998 1785 1032 1837 ut
1043 1781 1169 1853 digneris
1181 1782 1262 1838 nobis
1275 1784 1407 1840 tenebras
1419 1784 1557 1858 repellere
1569 1800 1633 1856 pec·

815 1878 952 1947 catorum,
964 1876 993 1932 et
1004 1875 1156 1933 clarificare
1169 1893 1221 1933 nos
1233 1877 1296 1933 luca
1308 1877 1457 1934 virtutum.

105 3696 169 3736 nanc
193 3680 352 3735 orationem
374 3678 501 3751 sequitur
529 3677 584 3732 alia
606 3674 765 3732 benedictio
815 3683 933 3748 peregre
947 3665 1207 3748 proficiscebantur,
1221 3670 1254 3723 ut
1265 3665 1342 3723 varia
1356 3666 1488 3741 exempla
1500 3667 1630 3741 probent,

105 3751 139 3807 da
152 3768 248 3806 manu.
271 3752 414 3822 Frequens
427 3749 495 3805 otuu
509 3764 579 3804 usus
591 3748 645 3803 olei
658 3751 718 3802 erat
729 3746 766 3802 ad
815 3755 880 3811 (1¹1ae
893 3739 961 3794 elles
974 3737 1135 3794 retuhmus.

105 3822 224 3879 naudus.
243 3823 322 3878 Unde
334 3820 457 3894 episcopi
464 3835 614 3893 nunquam
627 3818 688 3875 sina
702 3818 764 3873 oleo

605 4098 660 4166 IN
674 4097 760 4164 DEI
777 4096 971 4167 NOMINE.

282 4235 490 4322 INCIPIT
534 4235 790 4323 JUDICIUS
835 4235 1294 4323 PAENITENTIALIS.

105 4532 555 4604 isclericushomioidiumfecerit,
566 4531 803 4629 etproximumD
815 4534 843 4587 et
856 4546 915 4586 non
934 4531 1041 4588 factum
1062 4532 1157 4602 fuerit,
1178 4537 1234 4589 tres
1248 4549 1338 4589 anuos
1351 4533 1500 4606 peniteat,
1518 4534 1588 4591 duos
1600 4534 1631 4590 iu

105 4627 187 4695 derit,
206 4628 303 4683 decem
317 4644 406 4682 anuos
425 4627 503 4682 exsol
516 4625 530 4656 ⁸
542 4625 686 4699 peniteat.
701 4627 765 4682 Post
814 4641 887 4696 pane
900 4629 930 4681 et
940 4641 1025 4698 aqua.

105 4723 174 4778 usur
194 4721 224 4776 iu
246 4722 369 4794 patriam
383 4720 429 4776 cui
449 4720 599 4787 conmisit,
616 4720 765 4777 satisfaciat
850 4731 888 4770 vt.
905 4714 932 4772 Si
953 4715 1017 4788 quis
1036 4716 1233 4789 perjuraverit,
1250 4722 1359 4791 septem
1382 4735 1473 4776 anuos
1484 4718 1630 4792 peniteat,

105 4833 115 4871 s
126 4816 189 4888 ejus
201 4831 287 4887 quem
300 4814 410 4870 occidit.
814 4814 871 4864 tres
886 4809 915 4865 io
928 4824 1001 4881 pane
1014 4814 1043 4866 et
1053 4827 1137 4882 aqua,
1152 4813 1181 4867 et
1193 4828 1351 4886 numquam
1360 4813 1440 4885 juret
1451 4817 1558 4886 postea.

105 4909 133 4965 iis
148 4908 232 4965 ruina
244 4909 368 4964 maxima
380 4906 510 4964 ceciderit
524 4907 548 4977 b,
564 4911 593 4963 et
606 4905 697 4963 [ilium
712 4923 763 4981 ge·
850 4919 900 4959 vu.
915 4902 944 4959 Si
963 4902 1027 4975 quis
1038 4909 1150 4960 coactus
1162 4910 1213 4962 aut
1224 4907 1351 4964 nesciens
1363 4906 1560 4980 perjuraverit,
1576 4910 1633 4964 tres

105 5008 174 5074 amm
186 5019 275 5059 anuos
287 5003 431 5075 paeniteat.
814 5017 903 5056 annos
915 5001 1061 5074 peniteat,
1074 5020 1166 5059 unum
1179 5004 1209 5060 in
1223 5021 1297 5078 pane
1311 5018 1336 5059 ⁰.

105 5097 144 5154 uis
155 5102 251 5153 autern
266 5096 456 5165 fornicaverit,
471 5095 542 5151 sicut
555 5095 708 5152 Sodomita
721 5094 763 5150 ie·
849 5110 908 5151 vm.
923 5092 953 5152 Si
968 5095 1033 5169 quis
1053 5098 1162 5154 furtum
1180 5099 1298 5171 capitale
1311 5098 1424 5171 fecerit,
1438 5099 1634 5172 quadrupedia

105 5207 170 5248 cem
184 5208 274 5247 annos
287 5190 431 5263 paeniteat,
443 5181 499 5245 tras
509 5191 539 5245 in
552 5205 626 5262 pane
636 5193 665 5245 et
679 5204 762 5261 aqua,
814 5188 857 5244 vel
869 5205 947 5245 casas
969 5188 1102 5264 fregerit,
1121 5192 1248 5266 quinque
1260 5208 1350 5248 annos
1365 5193 1513 5272 peniteat,
1529 5197 1587 5252 tres
1601 5197 1632 5253 iu

105 5301 225 5342 uncum
238 5285 294 5340 alio
308 5284 441 5340 dormiat.
814 5294 897 5351 pane.

105 5374 141 5430 nis
154 5391 221 5431 vero
235 5374 424 5430 homicidium
435 5389 501 5429 casu
515 5373 622 5443 fecerit,
639 5390 697 5429 non
711 5390 761 5429 vo·
849 5390 887 5429 11.
903 5373 931 5430 Si
943 5374 1007 5446 quis
1018 5374 1158 5432 maleficio
1170 5391 1221 5431 suo
1234 5374 1342 5449 aliquid
1353 5377 1517 5450 perdiderit,
1532 5378 1630 5435 decem

105 5484 154 5543 que
167 5485 255 5525 annos
268 5469 413 5541 paeniteat,
429 5472 487 5522 tres
500 5469 530 5523 in
547 5482 620 5539 pane
636 5471 664 5522 et
677 5483 760 5539 aqua.
813 5483 903 5522 annos
915 5468 1060 5540 peniteat,
1076 5473 1132 5525 tres
1145 5469 1176 5526 in
1188 5485 1271 5542 pane.

105 5562 128 5619 is
148 5563 184 5620 ad
206 5562 393 5618 homicidium
406 5561 565 5618 iaciendum
578 5560 760 5631 consenserit,
849 5577 876 5617 x.
891 5560 918 5618 Si
929 5561 993 5634 quis
1006 5577 1059 5634 pro
1071 5578 1168 5621 amore
1183 5563 1353 5624 veneficium
1365 5566 1472 5635 fecerit,
1492 5569 1521 5621 et
1533 5562 1626 5619 nemi·

105 5706 250 5781 mmmm
269 5723 320 5789 Pii
334 5706 421 5762 mul·
638 5776 643 5787 ,
694 5776 699 5788 ,
755 5778 760 5789 ,
847 5705 1076 5778 ⁰Supplandum
1096 5708 1209 5766 videtur
1230 5710 1276 5767 hic
1295 5713 1324 5766 et
1344 5710 1374 5767 in
1397 5703 1589 5780 umentibus,
1604 5710 1629 5761 et

105 5777 160 5862 qtn'
172 5795 260 5850 grave
280 5794 388 5835 cumen
409 5776 521 5834 carnale
541 5779 725 5846 commiserit,
738 5794 762 5833 οι
813 5792 896 5850 aquo.

105 5866 211 5907 termus
