3884 6150
125 247 178 308 820
752 255 786 309 ΙΝ
809 254 881 310 CAP.
902 253 934 309 tv
953 255 996 309 AD
1015 254 1181 311 EPHESIOE.
1753 253 1804 310 ssd

121 358 181 416 lus.
192 357 333 416 Caeterum
341 358 742 417 multividenturincbaritate
752 361 879 430 radicati,
890 361 1114 448 sedAttenttom
1137 365 1332 433 exspectamus.
1358 357 1439 425 Quod
1459 359 1497 418 illi
1512 364 1628 434 possunt
1647 359 1738 417 dicere
1751 362 1800 433 qui

123 469 185 510 uon
197 453 389 525 sunthrndati,
400 471 613 527 quosprospera
623 455 741 525 elevant,
751 456 867 511 adversa
877 472 941 528 per·
990 461 1085 512 mente
1098 457 1130 512 in
1145 455 1303 512 coelestibus
1315 455 1454 525 habitant,
1470 456 1543 510 sicut
1555 454 1603 510 ille
1615 455 1664 526 qui
1678 454 1802 513 dicebat:

123 549 262 618 turbant3
277 548 326 620 qui
339 552 467 621 tempore
482 548 558 621 pacis
571 549 685 604 credere
699 548 831 605 videntur
845 566 851 615 3
867 553 940 604 tem-
991 553 1162 608 conversatio
1178 553 1268 604 antem
1285 553 1380 605 nostro
1392 551 1422 604 in
1435 551 1507 606 eretis
1520 554 1568 604 est.
1580 548 1803 606 l‘roiuudumest

124 659 196 717 pore
212 642 389 698 adversitatis
408 647 532 714 negaut;
548 643 620 698 sicut
633 643 667 697 de
679 642 747 698 false
761 642 940 698 credentibus
990 644 1069 714 tides,
1083 641 1286 716 sperandarum
1300 643 1456 699 substantia
1479 658 1587 713 rerum,
1601 649 1804 714 argumentum

125 735 196 792 dicit
208 736 344 791 Dominus
357 753 364 791 :
389 740 449 795 Non
473 738 557 792 omnis
570 739 618 807 qai
631 736 697 791 dicit
710 737 778 791 milti
790 755 798 792 ε
819 739 939 800 Domine,
991 754 1048 793 non
1061 743 1258 810 apparentum.
1273 737 1381 809 Aliquis
1393 736 1470 792 euim
1485 737 1568 808 erepit
1581 735 1698 808 diligere
1711 736 1805 809 proxi·

124 832 247 894 Domine,
262 831 378 886 intrabit
388 833 417 885 in
432 846 544 901 regnum
557 831 690 885 cetorum.
705 831 739 885 Et
750 831 852 885 Paulas
868 847 875 885 :
890 831 942 898 Qui
990 849 1082 901 mum,
1098 832 1126 886 id
1139 834 1182 886 cst
1195 847 1310 887 omnem
1332 830 1488 900 homiuem,
1503 835 1531 886 et
1551 846 1698 901 nunquam
1718 830 1802 885 etiam

125 927 288 994 confitentem
299 940 326 980 se
339 940 415 980 nosse
428 928 521 989 Deum,
535 927 617 992 sectis
632 929 720 980 cutem
744 929 854 993 cenant.
874 924 943 979 Orat
990 942 1043 981 noc
1057 925 1086 979 in
1099 924 1294 996 persecutione
1308 924 1424 979 cessavit
1436 924 1470 978 ab
1487 925 1547 995 ejus
1557 923 1705 978 dilectione
1719 940 1727 991 ;
1742 922 1804 979 haee

124 1016 227 1073 beatus
248 1018 352 1073 Paulus
367 1019 509 1090 apostolus
530 1035 582 1090 pro
596 1017 733 1090 Ephesiis,
747 1022 780 1073 ut
805 1017 941 1072 essentia
990 1018 1112 1074 latitudo
1126 1022 1177 1074 est.
1197 1017 1273 1073 Facit
1284 1019 1337 1073 hoc
1356 1020 1449 1073 totum
1463 1022 1579 1089 propter
1593 1017 1804 1088 adipiscendam

126 1111 264 1166 charitate
277 1109 395 1166 radicati
408 1112 562 1181 etfundati,
574 1116 602 1167 et
615 1128 681 1167 cum
696 1111 827 1165 omuibus
839 1109 942 1165 sanctis
991 1113 1077 1167 vitam
1089 1117 1225 1168 aeternam
1238 1130 1246 1182 ;
1262 1117 1290 1168 et
1302 1112 1355 1167 hoc
1368 1111 1523 1167 sublimitas
1534 1117 1585 1167 est.
1600 1111 1726 1166 l‘endcnt
1744 1112 1804 1167 haec

126 1205 370 1276 comprehendere
382 1206 540 1277 potuissent
552 1222 616 1277 quse
631 1205 666 1260 sit
674 1205 802 1274 latitudo,
817 1204 943 1259 sublimi·
992 1207 1088 1262 omnia
1107 1222 1141 1261 ex
1166 1206 1274 1261 occulta
1291 1206 1387 1261 diviua
1402 1205 1596 1261 misericordia
1609 1221 1673 1277 quae
1685 1205 1804 1260 interius

127 1302 183 1367 tas,
198 1304 226 1354 et
238 1299 412 1370 profundum
423 1318 432 1368 3
460 1315 516 1354 non
531 1299 682 1354 mundanae
705 1298 861 1370 sapientiae,
877 1314 942 1369 quae
992 1317 1105 1373 semper
1117 1300 1264 1355 hominem
1272 1301 1394 1372 protegit
1405 1318 1413 1370 ;
1425 1304 1454 1354 et
1462 1300 1515 1354 hoc
1527 1298 1702 1371 profundum
1712 1304 1762 1353 est.
1774 1298 1802 1354 Si

126 1395 248 1449 stultitia
270 1398 309 1449 est
324 1395 400 1464 apud
415 1397 508 1457 Deurn,
523 1393 569 1448 sed
592 1392 754 1464 spiritualis,
779 1408 843 1465 quae
855 1394 943 1447 amieo
991 1401 1086 1451 autem
1095 1394 1227 1466 quislibet
1239 1393 1402 1465 ingeniosus
1414 1394 1503 1448 altero
1514 1408 1597 1447 seusu
1606 1393 1740 1463 indagare
1751 1396 1805 1446 sat·

126 1494 168 1542 est
180 1489 236 1543 Dei.
253 1487 397 1558 Sapientes
412 1488 489 1542 enim
502 1486 694 1557 hujusmundi
703 1485 942 1558 comprehendere
992 1489 1092 1561 egerit,
1100 1488 1272 1559 intelligatid
1285 1490 1361 1559 quod
1370 1472 1514 1559 sequitur:
1527 1487 1607 1542 Scine
1620 1503 1700 1542 arma
1709 1501 1804 1542 surna-

127 1581 223 1636 soleut
235 1581 324 1652 spatia
345 1584 495 1648 terrarum,
510 1581 688 1637 latitudinem
701 1580 805 1636 scilicet
817 1580 852 1634 ab
865 1581 943 1652 aqui·
991 1603 1144 1644 retruserant
1160 1602 1303 1642 sersnrnu
1325 1602 1494 1642 enumerans
1509 1585 1630 1653 Causam,
1648 1600 1681 1640 ur
1696 1600 1805 1640 mrum-

126 1679 193 1734 lone
209 1696 297 1750 usque
309 1680 344 1734 ad
358 1679 515 1743 meridiem,
527 1679 737 1751 longitudinem
746 1684 841 1734 autem
853 1679 889 1733 ab
899 1696 942 1734 or·
992 1697 1050 1737 sunt
1064 1696 1091 1736 tn
1113 1696 1206 1736 onaan
1227 1696 1423 1737 euenrruornaa
1444 1681 1502 1734 list.
1519 1677 1739 1749 supereminens
1764 1680 1806 1732 est

126 1777 161 1826 tu
173 1773 240 1827 solis
251 1789 341 1845 usque
351 1773 386 1826 ad
395 1789 536 1840 occasnm,
545 1773 749 1828 sublimitatem
758 1769 824 1828 sero
838 1790 855 1827 a
867 1747 979 1828 terraB
992 1775 1067 1830 enim
1082 1775 1203 1828 charitas
1215 1773 1317 1828 Christi
1330 1777 1358 1827 et
1371 1774 1533 1844 precellens
1543 1772 1636 1826 omnia
1646 1772 1709 1825 ista.
1726 1772 1805 1836 Quod

127 1883 219 1938 usque
232 1866 267 1921 ad
278 1867 390 1936 coelum,
404 1867 623 1937 profunditatem
641 1867 776 1939 usquead
790 1867 940 1938 abyssum3
991 1869 1119 1939 sequitur
1133 1884 1139 1921 :
1157 1869 1187 1922 Er
1198 1884 1287 1923 suren
1303 1883 1349 1930 cut
1367 1881 1469 1922 rorans
1484 1881 1532 1922 aar
1544 1881 1647 1922 racana
1661 1881 1746 1921 cunis
1762 1881 1806 1921 su·

126 1965 312 2016 numerantes
332 1961 416 2015 etiam
430 1964 523 2031 guttas
538 1961 627 2015 maris
651 1961 763 2030 Oceani,
790 1977 941 2015 numerum
992 1977 1218 2018 ransarnmnraa
1245 1977 1318 2025 ouon
1340 1976 1453 2016 carinus
1474 1976 1525 2016 nur
1549 1975 1745 2028 trasmisimus,
1764 1974 1806 2014 sr-

128 2066 282 2106 arenarum
298 2050 424 2120 cjtlsdem
441 2050 536 2118 maris,
549 2050 644 2104 stellas
658 2050 729 2120 eoeli,
744 2055 772 2105 et
786 2051 848 2105 haee
860 2050 943 2104 fatui·
993 2072 1102 2112 cnnnuu
1113 2071 1247 2111 rrnrureu
1258 2071 1318 2118 cun
1333 2070 1508 2111 crumenam
1525 2069 1614 2109 noers.
1623 2051 1804 2107 Nullusenim

127 2148 171 2197 tus
185 2149 237 2198 est.
252 2145 307 2197 Nos
323 2149 418 2197 autem
437 2160 501 2197 cum
514 2143 638 2214 apostolo
650 2143 737 2198 Paulo
751 2144 941 2214 spiritualibus
991 2155 1103 2206 tantum
1118 2153 1214 2221 petere
1227 2153 1320 2220 potest
1331 2148 1523 2220 etintelligere
1534 2147 1611 2218 quod
1624 2151 1806 2217 petatquan-

128 2237 287 2307 spiritualia
299 2242 497 2307 comparantes,
513 2237 787 2308 conrprehendamus
800 2253 865 2291 curn
879 2253 940 2291 om·
992 2248 1053 2298 tum
1068 2243 1127 2315 ipse
1140 2247 1231 2314 potest
1241 2241 1356 2314 largire,
1370 2242 1419 2313 qui
1434 2242 1481 2297 dat
1496 2245 1674 2312 utpetamus,
1691 2239 1741 2311 qui
1755 2255 1806 2311 per

128 2330 213 2385 nibus
226 2331 338 2399 sanctis,
361 2347 425 2401 quas
446 2330 481 2385 sit
492 2330 621 2398 latitudc,
636 2330 796 2402 longitudo,
810 2330 940 2385 sublimi-
992 2337 1160 2409 prophetam
1173 2336 1301 2407 loquitur
1312 2336 1426 2391 dicens:
1442 2336 1598 2405 Antequam
1612 2350 1653 2389 me
1667 2335 1805 2395 invocetis,

129 2430 182 2492 tas,
199 2428 228 2479 et
242 2424 425 2495 prafundum.
440 2424 533 2478 Primo
545 2440 658 2480 crucem
671 2425 759 2479 nostri
773 2424 943 2496 Redempto-
993 2448 1040 2500 epo
1055 2430 1210 2486 enandtnm.
1226 2431 1260 2484 Et
1271 2447 1321 2501 per
1335 2430 1519 2502 semetipsum
1533 2427 1600 2485 dicit
1614 2445 1621 2483 :
1636 2430 1700 2486 Sine
1711 2443 1752 2482 me
1766 2430 1807 2481 ni-

129 2517 167 2571 ris
190 2517 397 2573 considerantes
407 2517 437 2572 in
450 2535 505 2590 qua
519 2519 655 2589 emysteria
679 2517 838 2589 significata
864 2523 939 2572 sicut.
993 2527 1153 2594 superestis
1167 2527 1267 2592 necere,

130 2606 169 2660 lbi
185 2624 308 2677 nam‘1110
322 2607 375 2662 fuit
398 2607 528 2676 laliiUdQ
548 2606 707 2677 ¹⁰ssgit¹1d0s
724 2610 752 2660 θῑ
765 2606 943 2676 Pt⁰f1111dil³³
1028 2619 1081 2673 lest
1098 2633 1205 2687 clanis,
1215 2634 1247 2673 ur
1260 2635 1287 2674 ra
1297 2618 1668 2674 Eccuasmrncumsrolesu
1682 2632 1709 2672 ut
1721 2631 1808 2671 ouras

125 2706 235 2784 primo,
246 2705 439 2759 einonstailm
450 2704 607 2759 Sublimitas
617 2722 622 2758 2
632 2704 750 2759 latitudo
764 2705 818 2759 fuit
829 2705 943 2776 lignum
994 2727 1194 2768 ggngnfflopps
1210 2727 1310 2767 SAECULI
1326 2727 1503 2767 smmum,
1516 2714 1604 2767 Augu,
1620 2713 1687 2780 Ipsi,
1703 2709 1808 2763 scilicet

130 2799 207 2870 quod
231 2797 260 2852 iu
273 2801 466 2853 transversum
481 2798 580 2869 jacuit,
596 2798 643 2852 ubi
658 2814 759 2852 manus
774 2797 864 2852 nostri
887 2799 942 2852 Re·
994 2807 1050 2860 Deo
1062 2805 1153 2868 Patri;
1169 2807 1198 2858 in
1212 2807 1342 2868 Ecclesia,
1357 2805 1410 2859 hcc
1423 2804 1503 2859 estin
1517 2802 1738 2875 congregatione
1749 2803 1815 2872 jus.

130 2892 285 2964 demptoris
295 2891 359 2946 fixae
371 2893 486 2946 luerunt
497 2909 503 2946 :
514 2891 662 2963 longitudo
672 2891 783 2963 liguum
793 2891 944 2962 illudquod
993 2903 1088 2953 torum
1101 2898 1237 2966 fidelium,
1263 2898 1312 2969 qui
1327 2914 1394 2953 eum
1417 2901 1476 2953 stne
1490 2900 1687 2952 intermissione
1701 2896 1807 2966 glorili-

132 2987 168 3041 ab
180 3003 214 3042 eo
227 2987 257 3041 iu
271 2992 347 3042 terra
369 2985 517 3057 figebatur,
532 3002 621 3056 usque
633 2986 667 3039 ad
691 2985 870 3040 latitudinem
883 3001 944 3056 per·
994 2996 1067 3061 cant,
1080 2995 1184 3060 pretias
1198 2996 1314 3062 agentes
1328 2995 1390 3055 Deo,
1400 2995 1427 3045 et
1441 2992 1496 3046 hoe
1507 3008 1559 3063 per
1570 2991 1723 3046 Christum.
1738 2990 1808 3044 Cum

129 3080 255 3152 tingens,
273 3080 302 3135 in
317 3098 373 3151 quo
395 3097 495 3151 corpus
510 3079 598 3133 nostri
614 3079 811 3149 Redemptoris
832 3083 944 3134 tensum
994 3086 1061 3140 dicit
1075 3085 1104 3140 in
1121 3085 1230 3140 Christo
1244 3088 1310 3141 Jesu
1327 3085 1356 3140 in
1370 3101 1470 3140 omnes
1483 3085 1689 3156 generationes,
1703 3100 1754 3155 per
1768 3083 1809 3137 Fi·

130 3174 204 3244 fustt
225 3174 397 3245 PPOfUssdUffl
412 3174 481 3228 illud
496 3173 571 3244 q¹1⁰d
586 3173 615 3226 in
627 3177 705 3227 terra
719 3172 808 3226 fixum
820 3172 882 3240 suit,
894 3173 945 3226 ubi
994 3179 1064 3234 lium
1080 3179 1140 3250 ejus
1154 3179 1287 3233 laudatur
1308 3181 1389 3234 Pater
1401 3180 1430 3234 in
1443 3180 1535 3235 terris.
1552 3181 1586 3234 Et
1601 3179 1673 3234 bene
1696 3177 1766 3233 dixit
1780 3180 1809 3230 in

131 3271 270 3323 steterunt
282 3267 368 3339 pedes
378 3267 449 3337 ejus.
462 3266 556 3321 Primo
578 3282 702 3338 namque
716 3283 785 3321 crux
800 3266 830 3320 in
843 3265 942 3320 simili-
996 3288 1084 3328 ornnes
1090 3276 1273 3341 neuercttones
1280 3275 1371 3328 saculi
1377 3273 1723 3329 sacatorurn.Amen.Ante
1733 3270 1810 3325 cuim

130 3362 261 3417 tudinem
280 3368 327 3416 tun
340 3359 441 3415 litterae
464 3360 536 3414 facta
555 3360 618 3428 fuit,
639 3360 687 3414 sed
701 3365 798 3430 postea
816 3359 945 3414 additum
997 3378 1083 3434 quam
1097 3361 1143 3416 [lei
1153 3361 1239 3415 Filius
1248 3363 1368 3416 venisset
1379 3362 1410 3415 in
1431 3362 1582 3424 mundum,
1596 3378 1682 3415 unam
1698 3359 1809 3430 plebem

128 3454 185 3511 tuit
199 3455 238 3509 ihi
251 3455 373 3526 lignum,
387 3454 435 3508 uhi
448 3470 531 3508 causa
546 3453 633 3525 ipsius
648 3453 753 3524 scripta
764 3451 818 3506 luit
836 3469 842 3505 :
857 3456 886 3506 et
895 3469 946 3506 nu·
995 3454 1108 3505 tanturn
1122 3454 1301 3522 cognoverat,
1311 3452 1394 3520 juxta
1407 3451 1482 3521 quod
1497 3451 1633 3520 scriptum
1647 3454 1689 3504 est
1702 3468 1708 3503 :
1724 3451 1810 3506 Notus

130 3553 164 3603 tu
184 3548 234 3603 uei
246 3548 300 3602 hoc
314 3552 407 3602 actum
420 3547 483 3614 fuit,
510 3551 539 3602 ut
552 3547 671 3618 plenum
694 3546 861 3617 mysterium
874 3546 904 3599 in
917 3562 946 3599 se
997 3546 1026 3598 ιη
1038 3544 1133 3599 dudan
1150 3547 1229 3611 Deus,
1243 3546 1273 3597 in
1287 3545 1373 3598 lsrael
1386 3560 1515 3613 mcpnnm
1533 3559 1629 3598 nomen
1644 3544 1713 3612 ejus.
1736 3543 1811 3595 Post-

131 3643 299 3710 contineret,
314 3645 346 3696 ut
360 3641 543 3711 sauctosigno
557 3640 647 3694 crucis
655 3639 768 3708 muniti,
779 3639 833 3693 tuti
847 3655 945 3694 manc-
997 3653 1082 3708 quam
1093 3652 1158 3690 vero
1168 3637 1218 3691 liei
1231 3637 1315 3691 Filius
1326 3637 1401 3692 venit
1414 3637 1545 3706 interris,
1558 3636 1752 3706 ejusdoctriua
1761 3652 1812 3706 pcr

130 3741 198 3791 rent
207 3736 240 3789 ah
250 3736 330 3789 hoste
345 3735 473 3806 antiquo.
488 3735 551 3788 Haec
563 3733 597 3788 ad
609 3733 743 3788 litteram.
998 3730 1160 3785 uuiversum
1174 3732 1313 3786 mundum
1326 3731 1435 3785 claniit.
1445 3731 1505 3785 tem
1516 3730 1700 3785 nuucdicitur
1711 3746 1717 3784 :
1729 3730 1813 3785 Enni

170 3828 356 3901 spiritualiter
366 3827 426 3882 rult
438 3826 578 3899 apostolus
592 3825 695 3881 Paulus
709 3825 868 3896 intelligere
884 3842 948 3897 quae
998 3830 1056 3879 tare
1066 3827 1244 3894 superatos,
1261 3829 1340 3889 Deus,
1352 3831 1377 3880 et
1389 3828 1419 3880 tn
1428 3837 1533 3880 omnem
1544 3829 1643 3880 terram
1653 3826 1741 3894 glorta
1752 3831 1811 3879 tuo.

132 3924 170 3978 sit
182 3922 313 3987 latitudo,
327 3926 355 3976 ct
367 3921 523 3992 longitudo.
538 3920 668 3974 Latitndo
682 3924 724 3974 est
737 3919 869 3988 charitas,
883 3935 948 3990 quae
999 3920 1054 3972 lloc
1070 3923 1111 3972 est
1127 3918 1201 3989 quod
1215 3918 1282 3974 dicit
1295 3919 1444 3990 Apostolus
1459 3936 1465 3972 :
1481 3923 1511 3974 ln
1525 3935 1614 3974 omnes
1630 3920 1813 3987 neumationes

133 4033 191 4070 uon
207 4015 296 4069 solum
311 4014 416 4069 amicos
429 4014 458 4068 in
468 4015 567 4080 ileum,
581 4029 679 4067 venum
693 4012 822 4066 inimicos
832 4017 949 4084 propter
999 4013 1091 4066 saculi
1107 4014 1273 4066 serculorum.
1288 4014 1384 4068 Amen.
1400 4013 1470 4067 Cum
1485 4029 1550 4067 vero
1563 4013 1632 4068 dicit
1644 4014 1744 4075 secali,
1758 4012 1815 4066 for-

132 4111 223 4164 Deum
241 4108 359 4179 diligere
386 4107 537 4172 consuerit,
553 4107 587 4161 dc
601 4123 657 4178 qua
670 4106 806 4177 scriptum
821 4110 879 4160 est:
894 4109 947 4162 Lu-
1000 4122 1076 4160 maur
1088 4106 1210 4161 ostendit
1224 4106 1515 4178 praescnlistemporis
1532 4124 1539 4175 ;
1562 4123 1627 4161 cnm
1639 4112 1733 4161 autern
1749 4106 1813 4158 sub

132 4209 191 4257 tum
210 4202 369 4256 mandatum
383 4206 458 4255 turem
473 4204 563 4255 niente.
587 4200 745 4272 longitudo
760 4202 802 4255 est
817 4216 948 4270 perseve·
996 4199 1094 4271 jungit
1117 4201 1283 4261 seculorem,
1308 4200 1367 4254 sine
1390 4199 1446 4254 fine
1459 4200 1582 4254 ostendit
1596 4198 1709 4253 laudere
1725 4199 1813 4252 Deum

133 4295 302 4350 rantiahoni
317 4293 419 4365 operis,
436 4294 469 4347 de
485 4310 542 4364 qiua
555 4294 693 4348 Dominus
706 4292 800 4347 dixit:
816 4292 869 4358 Qut
885 4309 948 4363 per·
999 4293 1030 4347 iu
1045 4293 1158 4348 sanctis.
1174 4294 1207 4348 Et
1220 4293 1284 4348 ideo
1294 4292 1353 4346 sine
1361 4292 1569 4346 intermissione
1584 4292 1624 4344 illi
1639 4291 1814 4362 gratiasagc-

132 4391 296 4444 serenaverit
311 4391 432 4458 usquein
445 4390 534 4456 tittrm,
544 4388 585 4442 hie
601 4389 762 4442 solvissent.
776 4384 948 4454 Sublimitas,
1000 4402 1031 4440 re
1044 4386 1190 4456 debemus,
1201 4386 1250 4457 qui
1264 4386 1351 4440 talem
1364 4386 1446 4439 nohis
1457 4385 1536 4439 dedit
1547 4385 1714 4453 doctrinam,
1733 4387 1763 4437 ut
1775 4384 1814 4438 sic

134 4487 179 4537 est
195 4499 267 4554 spes.
285 4483 362 4549 Quod
375 4481 452 4535 enim
468 4498 522 4534 non
537 4482 658 4535 uidemus
672 4495 822 4550 speramus,
834 4495 885 4549 per
895 4495 949 4549 pa·
1002 4495 1067 4533 eum
1082 4495 1249 4551 cognoscere
1263 4479 1413 4550 possimus.

820 4899 823 4903 .
924 4800 1044 4925 ΙΧ.’

132 5012 241 5077 Lectio
261 5012 410 5094 Epistola
432 5013 518 5076 beati
540 5012 632 5075 Pauli
653 5012 793 5157 apostoli
811 5013 852 5075 ad
868 5011 1025 5094 Ephesios
1041 5012 1096 5092 (m,
1115 5014 1167 5094 l):
1190 5014 1331 5091 Fratres,
1349 5015 1477 5077 obsecro
1491 5032 1547 5076 eos
1562 5030 1620 5093 eqo
1641 5013 1767 5075 vinctus
1783 5013 1817 5075 in

448 5094 600 5170 Domino,
616 5101 653 5155 ut
690 5095 764 5174 ipim
778 5091 950 5156 ambuletis
964 5094 1133 5157 vocatione
1147 5113 1215 5176 qno
1225 5097 1334 5158 coacti
1346 5096 1431 5172 estis,
1445 5098 1506 5158 etc.

755 5228 963 5284 COllllENTUll
982 5229 1193 5283 LUCULENTll.

172 5337 203 5390 ln
230 5334 282 5389 hac
303 5335 441 5391 sententia
465 5335 569 5408 duplex
593 5336 776 5407 intelligenda
801 5341 843 5391 est
868 5336 949 5392 ratio.
960 5351 990 5425 D
1003 5335 1151 5391 vuictusin
1166 5336 1286 5392 Domino
1299 5343 1361 5393 eret
1373 5339 1485 5394 viuculo
1496 5337 1639 5394 charitatis
1649 5354 1715 5393 curn
1727 5337 1818 5407 Ephe-

134 5431 278 5493 Quantum
301 5429 377 5483 enim
399 5429 433 5483 ad
455 5429 578 5483 litteram
594 5429 705 5499 attinet,
721 5430 830 5484 vinctus
845 5436 905 5484 erat
922 5431 951 5485 in
1001 5431 1069 5500 siis;
1097 5430 1131 5484 dc
1146 5447 1201 5502 quo
1214 5430 1244 5485 in
1265 5431 1319 5487 alio
1333 5433 1393 5486 loco
1406 5433 1473 5488 dicit
1489 5449 1495 5488 :
1521 5435 1609 5504 Super·
1622 5435 1714 5487 omnio
1727 5434 1818 5482 cutem

134 5522 267 5589 nomino,
281 5522 310 5576 id
326 5527 368 5577 est
379 5528 498 5595 propter
512 5523 674 5592 herminum,
688 5524 754 5595 quia
769 5524 854 5578 iidem
868 5523 950 5579 Chri·
1002 5526 1056 5580 hac
1069 5524 1229 5578 eternitatem
1244 5525 1378 5590 tabentes,
1395 5543 1455 5597 qua
1467 5531 1506 5582 est
1524 5527 1661 5581 uinculum
1672 5523 1816 5592 perfectio-

136 5614 172 5669 sti
185 5615 351 5686 praedicans,
374 5632 391 5671 a
406 5617 482 5671 nullo
497 5621 674 5687 persecutore
695 5617 790 5671 obsisti
803 5617 895 5690 potuit
909 5618 952 5672 vel
1002 5616 1820 5691 nis.Sicsanctipostquamineharitateaggtuunantur‚se-

137 5709 250 5776 clerari,
265 5713 293 5764 et
304 5710 339 5764 oh
356 5711 430 5765 hanc
445 5728 557 5765 causam
573 5713 600 5765 in
615 5728 724 5766 carcere
737 5716 830 5766 trusus
846 5712 907 5777 luit,
923 5713 952 5765 et
1004 5711 1095 5785 parari
1104 5726 1162 5765 non
1173 5720 1291 5783 queunt.
1299 5715 1342 5771 Sic
1350 5715 1384 5769 de
1393 5712 1480 5766 David
1491 5708 1664 5764 attonathau
1676 5705 1797 5777 legimus
1810 5718 1819 5755 ι

139 5802 193 5856 hoc
208 5807 248 5856 est
270 5804 345 5875 quod
366 5804 405 5860 ait
421 5821 427 5860 :
445 5807 502 5862 Eae
530 5822 641 5862 sineris
663 5823 688 5862 us
719 5807 839 5881 Desino.
865 5806 952 5865 Aliter
1004 5810 1249 5885 Gcnptutinotaest
1264 5806 1488 5868 artimntonatttae
1498 5817 1557 5861 mm
1571 5802 1664 5858 animo
1673 5799 1772 5857 Dauid.
1787 5798 1824 5855 Et
