3878 6150
126 289 177 345 78l

767 297 788 347 A
807 293 965 349 coenoso
983 294 1170 350 ADORNATA.

1751 303 1803 358 782

123 398 232 465 (Mettis.
247 399 284 467 v),
299 403 327 451 et
342 397 447 452 eisdem
460 399 556 453 diceus
570 399 686 453 intulit:
710 400 797 470 Opera
815 418 874 470 qaae
894 418 939 468 ego
950 415 979 486 Α
990 403 1130 472 poscebat.
1147 404 1201 456 Nec
1217 402 1277 473 ipsa
1288 402 1348 474 ejus
1362 403 1477 458 audieus
1490 422 1587 476 preces
1605 406 1732 476 distulit;
1754 408 1803 463 sed

118 493 204 558 sueto,
216 493 270 560 ipsi
278 494 391 558 socient,
402 497 428 545 ct
437 493 541 561 inejoru
555 494 648 546 borum
657 496 759 560 sociarit
772 495 857 561 (toan.
871 498 935 565 xiv).

160 585 226 638 lude
236 600 321 654 quem
335 585 470 639 naturalis
481 591 577 656 partus
588 603 694 640 caecum
703 587 935 657 protulitnatum,

121 677 192 730 fides
205 677 331 747 ejusdem
344 679 461 748 [trigidae
473 696 560 749 grano
576 684 691 751 operata
700 679 815 750 sinapis,
832 685 860 735 et
872 697 938 736 cou-

121 768 223 822 slmilis
247 771 349 839 eidem,
373 773 466 825 oculus
488 773 629 843 simplices
651 778 679 827 et
695 774 803 828 lucidus
829 774 937 844 ingenii

121 863 258 916 miraculo
270 863 390 933 aperuit.
405 864 468 918 Haec
485 865 580 936 itaque
602 865 685 919 tantis
704 866 855 920 virtutibus
870 867 935 920 illu-

121 955 475 1019 stris,huu1ilitetocordis
494 964 522 1013 ct
546 959 668 1029 puritate
686 960 798 1027 mentis,
824 976 936 1014 morum

123 1049 309 1118 temperantia
319 1055 346 1103 et
359 1050 495 1120 spirituali
510 1051 598 1121 gratia
617 1051 708 1122 plena,
723 1056 832 1106 tantam
844 1058 936 1108 aucto

121 1140 235 1195 ritatem
250 1148 278 1197 et
302 1143 410 1197 celebre
427 1160 531 1198 nomen
556 1161 613 1214 pra
635 1145 767 1200 omnibus
789 1145 936 1200 coaetaneis

120 1235 278 1306 virginibus
292 1235 395 1291 habere
415 1238 530 1292 meruit.

158 1328 191 1381 Et
206 1327 328 1399 qiiadam
352 1329 406 1399 die,
429 1347 494 1384 cum
517 1348 573 1385 una
595 1348 629 1387 ex
652 1332 862 1386 adhaerentibus
883 1332 935 1386 sibi

122 1421 296 1475 extrinsecus
308 1422 423 1492 lentina,
435 1440 500 1477 eum
510 1423 567 1479 lilia
575 1425 725 1480 duodecim
739 1441 827 1479 annos
837 1426 935 1495 aetatis,

122 1530 157 1568 ex
177 1514 298 1568 naturali
316 1516 510 1586 procreatione
523 1521 612 1585 muta,
625 1518 660 1571 ad
674 1535 736 1572 eam
750 1518 857 1573 veniret
869 1519 931 1572 visi·

121 1607 249 1674 mudum,
277 1624 341 1661 cum
362 1610 450 1680 digua
469 1611 647 1665 veneratione
669 1617 696 1666 et
713 1612 882 1680 reverentia,
904 1615 937 1666 ut

120 1716 221 1754 omues
233 1701 369 1770 solebant,
384 1719 413 1756 se
428 1703 565 1757 inclinans
576 1711 604 1758 et
618 1705 719 1758 humili
732 1706 802 1758 collo
819 1705 855 1759 ad
876 1704 936 1775 ejus

989 512 1057 549 mox
1083 496 1159 549 illam
1182 513 1267 567 quam
1292 497 1429 566 optimam
1443 499 1476 553 de
1491 500 1623 555 omuibus
1636 517 1758 570 caecam,
1774 505 1802 556 et

987 589 1057 641 alius
1067 605 1157 642 vaccae
1170 590 1290 643 vitulum
1311 591 1471 661 elegantem
1485 598 1513 647 et
1533 594 1675 664 optimum
1691 594 1804 665 roganti

988 681 1100 735 infirmo
1113 682 1268 736 voluntarie
1279 683 1410 752 donavit3
1431 688 1459 738 et
1479 685 1700 741 misericorditer
1718 703 1803 742 suum

987 788 1052 827 eum
1066 775 1113 828 illu
1127 775 1321 829 transmittens
1334 792 1450 831 currum
1463 778 1578 848 pariter,
1594 779 1713 850 longum
1726 785 1754 834 et
1765 780 1803 834 la·
1817 827 1820 831 ,

986 870 1127 924 tissimum
1141 889 1282 941 campum,
1299 889 1335 926 nc
1347 874 1502 928 molestiam
1517 875 1547 928 in
1569 892 1649 930 vacca
1666 877 1802 933 minanda

986 963 1116 1017 intirmus
1139 965 1225 1035 longo
1249 966 1338 1019 lessus
1360 967 1462 1021 itinere
1483 973 1660 1038 sustentaret,
1682 971 1803 1025 vitulum

986 1059 1050 1127 post
1063 1062 1174 1127 tergum
1187 1059 1247 1129 ejus
1261 1059 1290 1112 iu
1305 1075 1421 1114 currum
1434 1061 1502 1131 poni
1514 1061 1704 1133 praecipiebat.
1716 1065 1750 1118 Et
1763 1065 1802 1119 sic

987 1164 1053 1203 eum
1063 1166 1145 1204 vacca
1156 1151 1254 1221 lingua
1266 1152 1402 1219 lambens,
1414 1157 1442 1207 et
1451 1138 1584 1224 tauquam
1603 1156 1749 1226 proprium
1764 1156 1803 1211 di·

985 1241 1087 1313 ligeus,
1102 1243 1217 1300 nemine
1225 1260 1288 1299 cam
1301 1251 1428 1316 cogente,
1442 1263 1531 1317 usquc
1542 1247 1643 1302 adloca
1663 1249 1801 1304 destinata

986 1341 1134 1391 consecuta
1149 1342 1200 1392 est.

1021 1429 1183 1483 Charissimi
1203 1431 1302 1485 videtis
1323 1432 1434 1498 iratres,
1457 1433 1533 1503 quod
1554 1438 1582 1488 et
1598 1432 1682 1491 bruta
1705 1439 1800 1490 contra

986 1523 1219 1577 consuetudinem
1232 1524 1257 1579 ei
1271 1524 1483 1579 famulabantur
1497 1526 1638 1581 animalia.

1021 1614 1147 1679 Quodam
1162 1615 1308 1670 intervallo
1322 1618 1457 1688 temporis
1471 1619 1517 1672 alii
1529 1620 1695 1690 nequissimi
1712 1621 1800 1690 iures,

986 1707 1035 1778 qui
1048 1724 1100 1762 nec
1111 1709 1259 1763 Dominum
1267 1726 1319 1764 nec
1330 1710 1458 1764 homines
1469 1712 1645 1779 verebantur,
1662 1715 1696 1768 de
1706 1715 1801 1786 aliqua

120 1794 272 1863 pacificum
291 1795 416 1849 osculum
429 1796 585 1866 procidens,
600 1797 659 1868 ipsa
674 1798 804 1851 omnibus
821 1798 936 1852 allabilis
947 1788 974 1859 B
986 1796 1128 1867 provincia
1137 1796 1173 1850 ob
1182 1797 1360 1852 latrocinium
1371 1799 1526 1864 venientes,
1540 1816 1707 1870 peremnem
1720 1816 1808 1874 gran·

120 1887 245 1957 Brigida,
274 1894 302 1942 ct
328 1888 404 1956 felix,
433 1890 552 1943 conditis
571 1890 628 1944 sale
643 1891 819 1945 sermonibus
840 1890 935 1945 divino

120 1997 184 2033 eam
198 1981 348 2035 salubriter
360 1983 480 2037 allocuta
489 1988 540 2050 est,
555 2000 587 2037 ac
610 1984 756 2038 salvatoris
775 1985 864 2038 nostri
885 1986 933 2055 ju-

119 2073 214 2128 bentis
228 2077 359 2145 exemplo
371 2076 502 2146 parvulos
516 2077 591 2131 adse
609 2077 714 2146 venire,
733 2076 799 2131 filiae
817 2094 934 2133 manum

120 2169 246 2223 retinens
260 2185 347 2222 mauu
359 2186 420 2237 sua,
438 2170 580 2224 nesciente
598 2169 645 2223 illa
659 2171 734 2241 quod
756 2174 829 2226 esset
846 2177 932 2241 muta,

120 2262 328 2317 etsoluntatem
339 2263 427 2334 ipsius
440 2264 629 2334 interrogans,
640 2270 737 2318 utrum
746 2265 835 2319 velato
845 2265 934 2335 capite

119 2372 288 2427 permanere
307 2356 386 2427 virgo
412 2373 447 2410 au
470 2357 576 2428 nuptiis
601 2357 735 2411 tradenda
759 2374 819 2412 esse
840 2358 932 2427 vellet,

119 2455 211 2503 matre
227 2450 315 2520 ipsius
328 2449 506 2517 admonente,
520 2451 596 2522 quod
611 2451 664 2504 sibi
681 2451 739 2504 filia
761 2452 838 2505 nulla
856 2451 935 2506 daret

121 2559 265 2613 responsa,
279 2543 451 2613 respondens
461 2545 547 2598 matri
554 2545 635 2613 dixit,
646 2561 675 2598 se
683 2560 740 2597 non
753 2544 934 2599 dimissuram

121 2636 186 2689 filiae
200 2652 328 2703 manum,
347 2635 442 2690 nisibi
463 2637 542 2707 prius
560 2654 726 2708 responsum
742 2637 880 2692 redderet.
901 2639 934 2693 Et

121 2729 208 2783 filiam
221 2746 287 2783 cum
300 2730 419 2783 secunda
434 2730 493 2784 vice
508 2731 705 2802 interrogaret,
720 2732 863 2803 respondit
875 2731 935 2786 lilia

121 2822 174 2876 sibi
187 2822 283 2877 diceus
297 2839 304 2876 ε
319 2823 379 2876 Non
391 2823 543 2890 aliud,nisi
564 2825 639 2895 quod
662 2830 693 2880 tu
717 2826 846 2894 volueris,
871 2825 934 2879 volo

986 1889 1050 1944 dem
1063 1889 1137 1943 facili
1152 1895 1247 1945 meatu
1260 1891 1365 1961 pedum
1390 1892 1575 1962 egredientes,
1593 1893 1692 1948 bovem
1713 1896 1800 1966 ipsius

984 1982 1069 2036 iurati
1084 1986 1159 2037 suut.
1175 1983 1230 2038 Sed
1242 1999 1290 2037 eos
1303 1984 1432 2038 eamdem
1448 1989 1618 2040 revertentes
1629 1987 1703 2041 viam
1713 1989 1800 2059 impe-

984 2079 1029 2130 tus
1041 2076 1165 2147 ingentis
1185 2077 1321 2144 fluminis,
1342 2077 1525 2132 inundatione
1547 2095 1685 2149 aquarum
1708 2081 1800 2137 subito

983 2168 1064 2238 facte,
1085 2170 1270 2225 conturbavit.
1299 2171 1360 2224 Non
1385 2171 1462 2225 enim
1486 2172 1593 2225 ssumen
1615 2172 1704 2227 instar
1724 2174 1799 2228 muri
1862 2183 1865 2190 '

984 2267 1108 2316 erectum
1131 2263 1353 2317 scelestissimam
1377 2264 1465 2318 boum
1486 2264 1616 2319 fraudem
1630 2265 1719 2319 beata
1735 2266 1796 2320 Bri·
1815 2290 1830 2311 υ

984 2354 1056 2426 gidae
1070 2373 1121 2426 per
1130 2372 1159 2410 se
1174 2357 1289 2411 transire
1303 2358 1434 2428 permisit
1440 2375 1448 2426 ;
1464 2358 1511 2412 sed
1521 2359 1634 2412 eosdem
1653 2358 1730 2413 fures
1749 2360 1797 2415 de-

984 2464 1115 2518 mergens
1128 2455 1156 2504 et
1168 2467 1263 2504 secum
1276 2451 1400 2517 trahens,
1419 2451 1504 2505 bores
1516 2451 1551 2506 de
1564 2452 1690 2522 ipsorum
1708 2455 1798 2509 mani·

983 2540 1035 2596 bus
1055 2542 1176 2612 liberati,
1198 2544 1264 2597 loris
1283 2543 1311 2597 in
1327 2543 1458 2598 cornibus
1470 2545 1668 2615 pendentibus,
1683 2548 1719 2601 ad
1733 2564 1799 2618 pro·

983 2635 1078 2707 prium
1090 2641 1284 2691 armentorum
1298 2637 1334 2690 ad
1348 2637 1489 2692 bubulum
1510 2639 1613 2693 reversi
1631 2644 1705 2694 sunt.
1730 2641 1799 2695 Ecce

984 2733 1012 2783 et
1025 2729 1070 2783 hic
1083 2729 1170 2783 virtus
1184 2729 1418 2800 divinaapparet.

1019 2824 1091 2878 Cum
1103 2821 1225 2894 quadam
1238 2822 1282 2877 die
1295 2822 1356 2892 ipsa
1368 2822 1541 2877 sanctissima
1549 2823 1670 2896 brigida,
1682 2828 1799 2896 cogente

121 2931 218 2986 agere.
246 2917 285 2968 Ac
306 2915 344 2968 sic
365 2920 461 2986 postea
481 2922 579 2988 aperto
597 2934 645 2972 ore
671 2919 730 2973 sine
750 2919 856 2990 linguae
883 2918 934 2973 im·
983 2916 1077 2988 aliqua
1090 2915 1253 2971 necessitate
1265 2915 1403 2983 utilitatis,
1417 2922 1449 2970 ut
1469 2917 1684 2972 conventionem
1707 2919 1797 2988 plebis

121 3008 302 3080 pediment0,
325 3015 353 3063 et
379 3009 472 3063 soluto
498 3010 585 3081 ipsius
610 3011 738 3081 viuculo,
766 3013 934 3085 loquebatur
983 3009 1262 3076 visitaret,incur1u
1279 3010 1379 3064 sedens
1401 3009 1480 3080 equis
1496 3009 1570 3064 binis
1588 3010 1753 3080 vehebatur,
1772 3015 1800 3067 et

984 3120 1050 3158 cum
1062 3103 1091 3156 iu
1105 3119 1155 3157 suo
1168 3102 1297 3157 vehiculo
1311 3103 1492 3158 meditatione
1510 3103 1635 3158 theorica
1657 3105 1798 3160 coelestem

155 3197 189 3249 Et
201 3195 306 3266 quibus
318 3195 372 3250 hoc
385 3197 512 3267 ejusdem
526 3214 596 3268 opus
610 3198 694 3253 nullis
714 3199 869 3253 multorum
883 3216 933 3254 au·
984 3213 1070 3268 agens
1083 3196 1112 3250 in
1125 3196 1207 3250 terris
1217 3196 1312 3265 vitam,
1329 3212 1422 3264 suum,
1446 3198 1487 3262 ut,
1507 3196 1625 3265 solebat,
1641 3197 1797 3252 dominato-

122 3288 198 3342 ribus
212 3287 371 3343 iuauditum
385 3290 551 3360 scrupulum
565 3308 622 3345 nou
636 3293 784 3346 moveret?
984 3305 1047 3343 rem
1062 3293 1163 3354 oraret,
1180 3289 1214 3342 de
1227 3288 1280 3342 alio
1291 3288 1597 3358 precideusloco,alter
1609 3289 1691 3344 bruto
1703 3289 1798 3345 animo

154 3383 229 3436 Ilum
244 3383 321 3437 enim
332 3383 393 3437 haec
404 3384 499 3438 auimo
511 3388 583 3438 esset
594 3384 702 3439 intenta
712 3385 867 3438 caelestium
877 3401 936 3440 me·
984 3381 1073 3451 equus
1086 3380 1186 3434 salicus
1199 3379 1228 3433 in
1241 3396 1336 3447 curru,
1348 3384 1376 3433 et
1388 3381 1574 3436 inrefrenatus
1587 3380 1703 3436 habenis
1716 3383 1797 3438 forti·

122 3473 265 3545 ditatioue,
279 3481 312 3530 ut
323 3493 434 3548 semper
447 3477 561 3545 solebat,
573 3493 654 3531 suam
668 3479 702 3531 de
712 3476 890 3532 terrestribus
900 3477 936 3533 ad
983 3480 1027 3527 ter
1039 3489 1068 3527 se
1082 3473 1235 3539 excutiens,
1256 3478 1284 3526 et
1304 3472 1337 3525 de
1355 3472 1427 3542 jugo
1448 3473 1597 3527 exterritus
1618 3490 1670 3544 per
1688 3491 1798 3547 campe-

122 3569 244 3624 coelestia
256 3570 368 3624 elevans
377 3571 625 3639 conversationem,
638 3570 792 3641 quamdam
804 3586 862 3624 nou
873 3586 935 3641 par·
983 3566 1050 3620 stria
1062 3565 1185 3620 cucurrit
1196 3582 1203 3630 ;
1220 3568 1248 3619 et
1264 3564 1302 3618 sic
1314 3581 1416 3618 manus
1430 3565 1539 3620 Domini
1549 3567 1654 3638 J'ugum
1672 3569 1798 3638 pendens

122 3679 193 3731 ram,
209 3662 258 3716 sed
272 3663 407 3733 grandem
421 3663 493 3717 lardi
512 3668 623 3733 partem
644 3679 708 3717 cum
730 3679 798 3716 canc
817 3662 932 3717 dimisit.
983 3659 1044 3713 sine
1057 3657 1211 3730 precipitio
1222 3658 1394 3713 sustentavit.
1410 3658 1561 3714 stridente
1571 3661 1663 3730 turba,
1676 3661 1711 3715 ob
1723 3663 1800 3717 testi·

122 3756 232 3810 Etcum
247 3762 319 3810 esset
332 3755 478 3827 inquisita,
493 3773 550 3810 non
564 3755 677 3822 alicubi,
693 3757 742 3811 sed
757 3756 806 3810 ubi
819 3756 893 3810 canis
903 3755 933 3809 iu
983 3752 1111 3806 monium
1124 3750 1343 3805 divinaevtrtutis
1354 3755 1460 3819 secuta,
1469 3752 1499 3806 in
1508 3769 1558 3806 suo
1572 3770 1656 3808 orans
1667 3754 1797 3810 vehiculo

121 3865 153 3903 eo
164 3849 226 3903 luco
241 3848 346 3903 solebat
358 3864 427 3918 esse,
439 3865 536 3904 mense
548 3854 697 3914 trausacto,
713 3849 817 3904 intacta
839 3853 866 3904 et
887 3849 933 3903 in·
983 3862 1049 3900 cum
1061 3861 1119 3899 uuo
1132 3861 1204 3915 equo
1217 3844 1269 3899 sub
1285 3860 1371 3899 curru
1392 3845 1492 3915 posito,
1510 3847 1545 3900 ad
1564 3847 1655 3917 plebis
1675 3864 1796 3903 conven-

121 3946 200 4012 tegra
213 3947 387 4013 repertaest.
401 3943 462 3996 Non
475 3942 552 3997 enim
574 3941 650 3996 cenis
674 3958 759 3997 ausus
786 3943 933 3998 comedere
982 3939 1099 4007 tionem,
1122 3938 1249 3993 discursu
1268 3937 1408 4008 placabili,
1433 3938 1520 3993 illaesa
1538 3941 1676 4010 pervenit,
1703 3947 1731 3997 et
1758 3939 1797 3996 sic

120 4034 279 4106 depositum
291 4034 379 4089 beata
391 4032 519 4105 virginis,
534 4035 583 4089 sed
595 4040 687 4089 custos
700 4036 811 4105 patiens
821 4035 893 4090 lardi
905 4038 934 4091 et
983 4032 1071 4102 signis
1084 4037 1112 4086 et
1124 4031 1273 4086 virtutibus
1286 4047 1337 4086 sua
1349 4031 1530 4101 confirmans,
1540 4033 1677 4103 doctriua,
1692 4050 1798 4089 sermo·

119 4126 238 4183 idoneus
250 4134 346 4182 contra
358 4145 442 4183 suum
456 4128 568 4183 solitum
581 4145 692 4184 morem
703 4128 798 4184 divina
811 4129 934 4184 refrena·
982 4126 1065 4181 nibus
1082 4124 1259 4194 salutaribus,
1282 4128 1310 4179 et
1330 4126 1386 4180 sale
1412 4125 1505 4179 divino
1530 4125 1656 4193 conditis,
1682 4127 1795 4197 plebem

122 3118 196 3155 sana.

945 3149 973 3223 (l

120 4225 166 4277 tur
178 4222 282 4277 virtute
295 4222 411 4278 exstitit.
592 4280 595 4284 Α

154 4321 336 4371 decrescente
355 4315 479 4387 quotidie
495 4316 698 4370 miraculorum
717 4332 845 4384 numero,
868 4333 933 4389 quas

122 4409 165 4465 six
179 4409 341 4464 enumerari
350 4413 621 4480 possunt,quantum
631 4409 829 4464 misericordia
841 4411 932 4482 etpia-

982 4220 1242 4274 exhortaremur
1262 4217 1315 4273 hoe
1332 4217 1483 4273 virtutibus
1502 4218 1562 4288 ejus
1586 4218 1697 4273 ridetur
1713 4219 1795 4273 nobis

983 4329 1041 4367 esse
1055 4311 1256 4383 deputandum.

1018 4407 1088 4460 Cum
1101 4420 1169 4475 aper
1182 4403 1259 4458 ierus
1271 4401 1420 4473 singularis
1435 4408 1463 4457 et
1480 4402 1612 4458 silvestris
1630 4402 1745 4460 territus
1767 4411 1795 4462 et

118 4503 194 4572 tatis,
215 4509 243 4556 ct
260 4502 291 4556 in
309 4518 447 4574 pauperes
464 4502 705 4573 eleemosynarum
725 4507 883 4574 opportune
904 4509 971 4584 etD
982 4498 1117 4570 fugitivus
1129 4501 1210 4565 essct,
1224 4497 1259 4550 ad
1270 4510 1387 4567 gregem
1399 4510 1549 4566 porcorum
1561 4496 1682 4569 Brigidae
1695 4498 1795 4558 felicis·

119 4595 307 4667 inopportune
320 4595 523 4665 postulantium
538 4601 651 4666 operata
663 4594 713 4649 estl
722 4597 864 4650 Nemeum
876 4597 928 4651 ali·

119 4689 181 4760 quis
193 4688 394 4759 indigeusciho
406 4705 562 4760 pauperum
572 4705 633 4743 eam
646 4693 767 4759 rogaret,
782 4690 830 4742 illa
842 4691 930 4746 adeas

119 4782 168 4853 qui
180 4797 279 4836 carnes
287 4787 428 4850 coxerant,
441 4787 472 4836 ut
483 4783 517 4835 ab
530 4782 584 4835 illis
594 4781 701 4853 aliquid
715 4783 832 4854 pauperi
842 4784 931 4839 deser-

119 4881 171 4945 ret,
185 4875 338 4944 festinavit,
351 4880 377 4929 et
389 4875 505 4929 illorum
512 4891 587 4929 uuus
596 4875 789 4930 stolidissimus
796 4877 929 4946 famulus,

119 4968 168 5039 qui
180 4984 280 5022 carues
293 4973 414 5036 coxerat,
428 4968 593 5039 insipienter
605 4973 716 5040 partem
727 4970 854 5025 nondum
867 4986 928 5025 car-

119 5062 162 5116 nis
174 5066 294 5130 coctam,
309 5062 338 5115 in
350 5061 474 5116 albatum
487 5062 574 5132 ipsius
580 5062 696 5117 siriuatae
706 5064 790 5117 vestis
803 5068 929 5134 recepta·

120 5155 215 5210 culum
230 5155 381 5225 transjecit,
397 5160 425 5209 et
438 5155 476 5209 sic
490 5155 548 5224 illa,
571 5172 628 5210 non
648 5156 784 5210 suffocato
806 5156 928 5225 mantili,

120 5249 191 5304 etin
205 5265 256 5303 suo
277 5248 395 5302 candido
414 5248 509 5302 colore
529 5253 660 5303 manente
677 5255 791 5319 portans
811 5249 930 5320 pauperi

120 5343 227 5397 tribuit.
242 5343 297 5396 Nec
312 5357 370 5396 non
381 5344 410 5395 et
421 5342 474 5395 hoc
489 5342 523 5396 de
544 5341 628 5412 gestis
649 5341 774 5396 feticibus
796 5341 931 5396 admirari

120 5435 211 5491 debet.
225 5435 440 5490 (lorillueutibus
450 5434 526 5489 enim
535 5434 570 5488 ad
581 5451 643 5488 eam
654 5435 780 5505 nudique
801 5435 931 5506 pauperi·

119 5528 170 5584 bus
185 5534 215 5585 et
225 5529 392 5600 peregrinis,
407 5529 516 5600 ingenti
529 5528 729 5594 iamavirtutis,
741 5527 932 5582 etnimiaelar·

120 5622 213 5694 gitatis
235 5622 326 5690 tracti,
348 5622 480 5677 accedens
504 5622 539 5676 ad
561 5638 624 5676 eam
644 5621 718 5675 iuter
738 5636 784 5674 eos
802 5620 931 5693 ingratus

119 5717 233 5790 quidam
246 5717 381 5789 leprosus,
398 5717 535 5789 optimam
549 5716 583 5771 de
596 5719 726 5770 armento
740 5731 851 5770 vaccam
865 5731 931 5770 cum

118 5811 225 5891 optimo
238 5811 325 5868 vitulo
336 5810 465 5871 omnium
479 5811 631 5867 vitulorum
640 5809 755 5867 insimul
767 5809 820 5865 sibi
833 5809 932 5866 donari

979 4594 1057 4651 simae
1076 4590 1202 4646 concitus
1224 4605 1308 4644 cursu
1321 4587 1458 4660 precipiti
1472 4589 1609 4660 pervenit.
1626 4591 1716 4655 Quem
1731 4593 1791 4664 ipsa

978 4691 1095 4742 ventum
1112 4684 1186 4738 iuter
1205 4699 1268 4737 suas
1281 4699 1399 4737 cerneus
1412 4682 1566 4737 benedixit.
1581 4684 1685 4738 Deinde
1700 4684 1792 4757 impa-

979 4781 1058 4836 vidus
1070 4794 1101 4832 ac
1115 4775 1258 4831 familiaris
1269 4792 1335 4830 cum
1348 4775 1436 4846 ipsius
1447 4792 1598 4847 porcorum
1612 4793 1699 4848 grege
1709 4794 1791 4832 man-

979 4873 1023 4929 sit.
1039 4875 1116 4937 Ecce,
1128 4870 1237 4938 fratres,
1251 4868 1350 4924 videtis
1363 4868 1439 4939 quod
1452 4874 1480 4923 et
1502 4868 1584 4922 brute
1607 4870 1739 4924 animalia
1765 4877 1793 4927 et

978 4965 1074 5022 bestiae
1095 4963 1271 5018 sermonibus
1293 4967 1321 5016 et
1339 4961 1476 5017 voluntati
1497 4961 1558 5031 ejus
1582 4962 1710 5017 resistere
1735 4980 1793 5020 non

978 5061 1119 5131 poterant,
1132 5057 1179 5112 sed
1193 5056 1297 5111 domita
1316 5060 1343 5110 et
1364 5055 1489 5126 subjecta
1500 5053 1552 5109 sibi
1569 5054 1791 5114 famulabantur.

1014 5156 1139 5219 Quadam
1160 5158 1254 5208 autem
1277 5152 1331 5219 die,
1351 5167 1416 5206 cum
1440 5151 1541 5223 aliquis
1559 5153 1639 5208 nulla
1664 5154 1793 5210 suffultus

979 5249 1105 5316 scientia,
1113 5247 1227 5317 vulpem
1237 5245 1312 5316 regis
1327 5246 1362 5299 ad
1374 5244 1508 5316 palatium
1520 5247 1713 5303 ambulantem
1720 5249 1793 5303 vide-

979 5347 1033 5411 ret,
1058 5344 1160 5412 putans
1185 5337 1272 5406 illam,
1302 5337 1447 5392 obcaecatis
1467 5338 1594 5395 sensibus
1614 5341 1681 5408 suis,
1703 5341 1792 5395 feram

979 5451 1040 5491 esse
1053 5433 1181 5499 bestiam,
1190 5435 1219 5484 et
1230 5430 1305 5502 quod
1321 5430 1351 5485 in
1365 5431 1428 5484 aula
1442 5432 1517 5504 regis
1526 5432 1673 5488 familiaris
1679 5438 1707 5488 et
1714 5448 1791 5485 man-

979 5531 1059 5583 sueta
1074 5529 1155 5592 esset,
1166 5524 1250 5577 variis
1258 5524 1468 5580 artibusedocta
1481 5526 1607 5595 agilitate
1615 5524 1747 5594 corporis,
1764 5527 1791 5577 et

980 5618 1131 5676 subtilitate
1143 5616 1242 5686 animi,
1253 5616 1314 5687 regi
1324 5622 1352 5673 et
1364 5617 1422 5672 suis
1437 5617 1584 5673 comitibus
1594 5614 1699 5686 grande
1713 5630 1790 5686 prae-

980 5711 1249 5781 staussiguaculum,
1258 5707 1793 5782 ignor·aret,videntemultitudineocci·

981 5806 1022 5864 dit
1034 5821 1106 5865 cem.
1121 5805 1154 5860 Et
1168 5804 1261 5863 statim
1275 5804 1310 5861 ab
1323 5805 1368 5861 his
1379 5802 1429 5882 qui
1441 5802 1571 5864 videmnt
1581 5801 1686 5859 tactum
1700 5801 1793 5884 alliga·
