3884 6150
140 393 143 399 ,
961 390 963 395 .

926 598 1023 722 lV.

136 822 243 887 Lectio
260 820 411 905 Epistola
433 820 520 885 beati
543 820 634 884 Pauli
658 819 797 902 apostoli
813 820 853 882 ad
868 818 1034 882 Romanos
1057 823 1123 895 (au,
1142 819 1172 897 6)
1193 838 1200 879 :
1216 818 1359 894 Fratres,
1380 816 1530 880 habentes
1545 813 1757 879 donationem
1770 833 1814 878 se·

530 902 674 965 erendum
688 902 844 982 qratiam,
858 918 931 981 qnae
945 899 1024 962 data
1039 906 1086 961 est
1103 899 1204 975 nobie,
1225 897 1417 978 defferentes.

749 1055 957 1111 COllhlENTUll
981 1053 1191 1109 LUCULENTll.

170 1175 283 1230 Donum
299 1190 357 1229 non
373 1191 405 1228 ex
430 1178 537 1242 nostro,
560 1175 609 1229 sed
630 1191 662 1228 ex
685 1174 820 1229 donantis
840 1174 947 1245 pendet
957 1180 1058 1261 Ainos
1079 1176 1252 1228 aeternitates.
1273 1173 1325 1238 Om
1353 1186 1530 1228 amonmrun
1559 1187 1586 1226 ru
1617 1181 1810 1224 uxuonmnoo.

134 1268 260 1322 arbitria.
278 1267 334 1323 Sed
352 1267 763 1338 donationesquaedonantur,
780 1285 851 1338 quas
865 1268 893 1321 in
905 1285 946 1321 se·
996 1271 1073 1321 lnter
1092 1267 1194 1321 deicere
1218 1269 1247 1320 ot
1268 1266 1412 1320 exhortari
1433 1265 1485 1320 hoc
1501 1264 1620 1318 interest
1636 1279 1642 1317 :
1661 1261 1760 1331 major
1774 1264 1815 1313 est

133 1360 286 1431 queniibus
301 1361 452 1431 Apostolus
465 1365 651 1414 enumeratus
666 1364 718 1427 est,
735 1361 865 1432 superius
878 1378 944 1432 per·
997 1361 1045 1431 qui
1056 1360 1139 1413 docet
1153 1376 1241 1430 quam
1259 1360 1307 1430 qui
1323 1360 1507 1423 exhortatum
1522 1358 1627 1412 dooere
1643 1372 1702 1409 non
1721 1356 1815 1425 potest

133 1454 226 1506 tinent
248 1454 295 1507 ubi
317 1453 425 1507 dixerat
442 1471 447 1507 :
471 1457 504 1508 ln
521 1471 575 1508 nero
597 1470 706 1524 corpore
722 1456 809 1509 merita
828 1455 946 1508 neembra
996 1455 1049 1507 nisi
1065 1454 1101 1507 sit
1114 1453 1222 1519 doetus,
1237 1453 1305 1523 quia
1320 1453 1368 1523 qui
1380 1470 1438 1506 non
1453 1450 1541 1506 inerit
1563 1448 1721 1520 discipulus
1741 1446 1812 1500 veri·

132 1547 257 1601 babemus
267 1566 276 1614 ;
287 1550 316 1599 et
326 1551 400 1601 recte
412 1547 581 1601 donationes
591 1552 738 1613 vocantur,
748 1547 946 1618 quiadesuper
997 1548 1070 1613 tatis,
1086 1547 1140 1600 erit
1152 1545 1292 1615 magister
1311 1545 1424 1599 erroris.
1447 1543 1595 1598 Exhortari
1618 1558 1687 1596 vero
1713 1556 1813 1595 omnes

133 1640 238 1693 dantur
254 1657 261 1692 ι
279 1640 360 1693 Omna
376 1643 447 1694 enim
460 1642 555 1694 datam
569 1644 699 1709 optimum
713 1646 738 1695 et
749 1656 825 1695 oraine
845 1642 945 1694 (tortam
995 1657 1143 1711 possumus
1156 1639 1242 1694 dante
1257 1641 1326 1704 lleo,
1341 1639 1505 1709 quibonum
1520 1640 1667 1708 operatur,
1684 1638 1714 1689 et
1730 1636 1811 1688 cate·

129 1735 281 1802 perfectam
294 1733 326 1786 de
340 1749 447 1787 sursum
464 1739 511 1787 est.
531 1735 565 1786 Et
587 1733 655 1787 illud
671 1733 751 1788 Pauli
766 1751 772 1788 :
787 1735 859 1799 Quid
875 1737 945 1789 enim
995 1750 1041 1788 ros
1057 1733 1092 1786 ad
1107 1732 1305 1804 peragendum
1321 1732 1459 1785 hortatur.
1482 1730 1552 1784 lline
1572 1729 1730 1800 Apostolus
1749 1725 1812 1780 dicit

131 1826 211 1879 babes
224 1827 498 1897 qnodnonarcepisti,
508 1831 564 1880 etsi
575 1829 712 1899 accepisti,
729 1828 796 1897 qnid
806 1830 943 1894 gloriaris,
994 1827 1031 1881 ad
1046 1827 1158 1881 Titum:
1174 1829 1237 1880 llaec
1253 1828 1358 1895 toquere
1370 1830 1395 1880 et
1409 1826 1559 1880 exhortare.
1576 1824 1611 1876 Et
1627 1821 1770 1876 Dominus
1783 1819 1808 1873 io

131 1922 212 1988 quasi
221 1935 274 1973 non
286 1924 441 1991 acceperis?
453 1923 485 1974 Et
497 1921 665 1975 reetodicit:
679 1937 944 1977 secrrsnauomrmu
994 1921 1148 1991 Evangelio
1166 1920 1228 1974 :Sic
1244 1921 1332 1974 laceat
1347 1920 1396 1973 lna
1408 1924 1499 1973 oestro
1514 1933 1603 1972 eoram
1617 1915 1774 1970 bominibus
1784 1918 1809 1967 at

130 2028 190 2074 oue
214 2030 281 2069 narr
306 2029 353 2068 aar
373 2030 462 2080 roais,
487 2030 683 2081 nrrrsannres;
710 2015 776 2085 quia
803 2018 942 2085 quantum
993 2015 1103 2068 uideant
1117 2030 1197 2083 opero
1210 2018 1299 2067 vestra
1318 2015 1397 2075 bono,
1419 2019 1445 2067 et
1470 2013 1620 2081 glorificent
1641 2013 1755 2066 Patrem
1773 2024 1808 2062 re·

129 2106 447 2177 graliasanetiSpiritus
456 2107 563 2173 tribuit,
577 2108 761 2177 tantumquis
772 2108 892 2179 aceepit,
906 2108 942 2161 si·
993 2114 1079 2161 stram
1092 2111 1140 2176 qni
1154 2109 1183 2161 in
1197 2109 1268 2161 catis
1282 2112 1331 2161 est.

130 2200 312 2269 cuisuperius
323 2200 433 2254 dixerat
444 2218 450 2254 :
463 2204 686 2270 Uriicniqucsicnt
695 2205 763 2255 oeus
773 2203 866 2257 rtieisit
874 2219 945 2255 men·
1030 2201 1082 2265 on
1096 2217 1202 2257 ruinius
1217 2218 1245 2257 m
1261 2217 1454 2256 srurtrcrmrn.
1472 2199 1511 2253 De
1523 2196 1763 2269 eleemosynariis
1773 2195 1808 2250 di-

128 2307 221 2346 snram
234 2294 307 2362 fidei.
322 2295 383 2347 lton
401 2294 478 2348 eninr
491 2294 611 2365 quilibet
626 2295 680 2349 hoe
704 2299 754 2348 aut
773 2294 841 2348 illud
866 2294 943 2365 quod
994 2295 1041 2363 cit,
1056 2296 1104 2366 qui
1126 2296 1277 2365 egentibus
1297 2295 1456 2349 necessaria
1476 2294 1617 2364 praebent.
1639 2293 1763 2362 Propter
1778 2291 1805 2344 il·

129 2386 189 2438 vult
203 2386 314 2456 accipit,
332 2387 381 2439 sed
393 2387 485 2455 gratia
496 2389 585 2442 sancti
601 2388 721 2458 Spiritus
737 2389 775 2441 illi
789 2388 886 2458 largiri
901 2388 941 2441 di·
994 2388 1042 2442 lud
1059 2406 1065 2442 :
1082 2389 1379 2450 Camoiderisnadnm,
1394 2390 1468 2457 operi
1481 2403 1550 2448 crem,
1568 2391 1721 2440 stramem
1737 2392 1804 2438 tram

129 2483 243 2549 gnatur.
260 2481 294 2533 Et
308 2480 382 2535 bene
398 2480 573 2547 differentes,
589 2482 655 2551 quia
671 2482 766 2534 dillert
783 2499 839 2535 una
853 2482 941 2536 dona·
992 2498 1025 2535 ne
1049 2483 1209 2551 disponeris.
1229 2481 1311 2546 Quod
1324 2482 1373 2552 qui
1386 2481 1462 2548 lacit,
1479 2497 1544 2534 eum
1562 2478 1749 2549 simplicitate
1765 2477 1806 2531 de·

128 2572 168 2626 tio
183 2573 218 2626 ab
234 2573 298 2627 alia.
315 2575 375 2643 Ego
392 2573 468 2627 enim
483 2575 576 2628 habeo
591 2576 666 2645 quod
682 2575 754 2628 alius
770 2592 827 2628 non
845 2576 941 2637 habet,
952 2560 980 2631 Β
993 2575 1040 2629 het
1055 2576 1158 2641 laetere,
1175 2592 1234 2629 nou
1250 2592 1313 2628 curn
1333 2575 1461 2645 irrugata
1476 2573 1559 2627 lacio.
1585 2574 1713 2627 Hilarem
1735 2572 1805 2625 enirn

104 2693 107 2701 e
128 2669 157 2719 et
172 2669 202 2719 tu
218 2666 394 2737 hebesquod
406 2684 460 2735 ego
474 2685 567 2734 careo,
586 2672 614 2721 et
624 2668 670 2721 ille
684 2668 756 2721 alius
771 2668 940 2739 habetquod
992 2669 1112 2722 datorem
1128 2668 1219 2735 cltttpit
1234 2670 1319 2730 ileum
1342 2670 1370 2720 et
1389 2668 1412 2720 si
1427 2667 1548 2720 hilarem
1572 2665 1681 2735 diligit,
1702 2663 1805 2717 tristem

128 2777 180 2814 nec
198 2776 251 2828 ego
268 2777 321 2814 nec
336 2764 365 2813 tu
386 2761 536 2814 habemus.
558 2761 602 2815 Sir
627 2761 723 2815 differt
749 2779 805 2815 una
828 2762 863 2815 ab
887 2762 942 2816 alia
992 2761 1053 2814 sine
1069 2760 1155 2815 dubio
1171 2760 1241 2814 odit.
1258 2762 1292 2814 Et
1306 2760 1374 2814 alibi
1388 2778 1394 2814 ε
1409 2763 1441 2814 ln
1455 2763 1528 2814 emm
1545 2760 1610 2814 elato
1630 2760 1749 2812 hilarem
1766 2761 1806 2823 tac

128 2853 293 2907 donatione.
311 2855 371 2906 Alii
390 2856 474 2908 datar
483 2871 534 2923 per
545 2857 679 2924 Spiritum
691 2871 776 2910 sermo
791 2859 940 2925 sapientia,
990 2856 1095 2908 nultum
1112 2861 1197 2909 tuam.
1211 2855 1260 2908 Vel
1276 2871 1340 2907 eum
1351 2854 1533 2925 simplicitate
1545 2852 1623 2918 lacit,
1640 2869 1681 2905 ne
1695 2849 1804 2905 laudem

127 2946 178 2998 alii
195 2961 279 2999 sermo
298 2948 423 2999 seientia.
446 2948 542 3000 Nullus
568 2948 666 3001 omnia
691 2948 778 3002 habet
803 2948 855 3001 nisi
879 2948 940 3018 ipse
992 2951 1121 3018 captetur
1136 2948 1170 3001 ab
1182 2947 1357 3001 hominibus.
1375 2949 1409 3001 Et
1420 2950 1538 3018 propter
1552 2946 1640 3000 illud:
1662 2945 1805 3012 Gramineis

128 3038 213 3104 solus,
240 3055 324 3108 super
348 3055 433 3109 quem
452 3040 626 3109 septiformis
645 3041 766 3111 Spiritus
790 3041 940 3111 requievit,
991 3042 1178 3109 elemosyna-m,
1190 3044 1292 3095 nesciat
1304 3044 1416 3096 sinistra
1431 3040 1549 3104 tenori
1569 3054 1680 3095 ruseasr
1704 3056 1731 3094 rs·
1750 3052 1805 3093 sot-

127 3131 173 3185 oui
189 3147 247 3185 non
259 3131 296 3185 ad
311 3148 475 3185 mensuram
487 3133 535 3185 dat
551 3134 625 3186 Deus
638 3134 784 3204 Spiritum.
799 3138 940 3190 ueterum
991 3150 1151 3190 trcirunmu.
1169 3136 1208 3189 Do
1223 3135 1266 3188 his
1280 3135 1356 3201 dicit,
1370 3134 1417 3205 qui
1429 3138 1556 3206 praesunt
1569 3133 1597 3186 in
1610 3133 1745 3199 Ecclesia,
1760 3131 1803 3202 qui

126 3223 226 3279 fideles
239 3225 315 3278 inter
330 3241 432 3279 onmes
447 3226 555 3279 habent
565 3227 672 3281 omnia.
991 3228 1084 3281 locum
1098 3228 1255 3298 magisterii
1267 3227 1420 3298 accipiunt,
1434 3227 1569 3281 admonet
1584 3229 1613 3279 ut
1624 3225 1739 3280 solliciti
1752 3226 1802 3278 siut

161 3319 225 3375 Suu
247 3334 400 3374 rnoruarrs
422 3335 564 3375 saoaunuu
581 3337 716 3376 aerioma
729 3339 808 3377 riori.
822 3325 884 3377 lam
901 3323 941 3378 in·
991 3337 1078 3391 supra
1092 3337 1210 3390 gregem
1227 3320 1280 3374 sibi
1296 3320 1493 3384 commissum,
1509 3337 1544 3374 ne
1561 3319 1668 3389 aliquis
1691 3321 1802 3391 propter

126 3411 194 3484 cipit
209 3430 379 3466 enumerare
394 3414 565 3467 donationes
586 3431 649 3484 quse
675 3415 741 3481 sint,
767 3417 858 3486 primo
878 3419 940 3472 loco
992 3414 1052 3485 ejus
1065 3413 1198 3468 inertiam
1215 3417 1323 3486 pereat,
1340 3418 1369 3468 et
1384 3414 1493 3468 dicatur
1508 3413 1552 3467 ei:
1569 3414 1737 3481 Sanguinem
1748 3411 1801 3479 ejus

127 3523 237 3577 ponens
250 3507 443 3577 prophetiam.
460 3508 613 3578 Prophetia
629 3509 733 3562 dicitur
748 3526 810 3579 quas
832 3527 889 3564 non
910 3511 939 3564 in
991 3508 1023 3561 de
1035 3524 1118 3561 nnana
1134 3513 1182 3563 tna
1192 3510 1337 3577 reperirem.
1354 3507 1430 3571 Quos
1445 3507 1522 3561 idem
1536 3506 1681 3561 admonet
1694 3507 1800 3561 dicens:

127 3601 260 3669 prasenti
274 3600 395 3665 videtur,
408 3600 458 3653 sed
474 3601 501 3653 in
519 3602 614 3655 tuturo
634 3602 789 3672 protendit.
815 3604 847 3656 Et.
867 3603 939 3658 bene
990 3602 1130 3655 Attendite
1144 3602 1218 3655 cotis
1229 3607 1253 3655 et
1267 3604 1391 3656 onicerso
1406 3603 1489 3669 prepi.
1503 3601 1536 3654 Et
1554 3600 1665 3654 iterum
1683 3618 1690 3654 ι
1708 3600 1803 3654 Pascite

128 3691 205 3758 dixit,
220 3694 365 3746 serrandum
379 3696 511 3747 rationem
523 3696 596 3762 fidei,
611 3696 678 3764 qum
691 3696 762 3749 tides
778 3696 853 3750 illam
877 3715 941 3768 pro·
990 3697 1039 3764 qui
1051 3698 1080 3748 in
1091 3696 1163 3749 nobis
1176 3701 1215 3749 est
1224 3711 1329 3763 prepem
1344 3697 1399 3749 dei.
1412 3694 1463 3758 ch
1479 3709 1641 3761 ursunerca,
1661 3711 1688 3750 m
1703 3709 1800 3749 armar·

126 3784 241 3838 meruit.
256 3786 328 3839 Nam
344 3787 387 3838 lex
398 3787 439 3838 vel
452 3787 603 3856 prophetia
617 3789 775 3843 seeundum
790 3790 878 3844 sidem
893 3791 940 3845 da·
989 3805 1055 3843 reru
1075 3789 1169 3842 lacere
1188 3789 1284 3856 debet,
1307 3789 1388 3858 juxta
1410 3789 1561 3859 preafatam
1584 3789 1741 3843 rationem.
1757 3787 1801 3840 l'el

42 3937 46 3943 ,
128 3880 183 3942 tur,
202 3878 268 3947 quia
284 3879 824 3948 quantumquishabetlidenr‚ta11turn
838 3885 940 3954 :scripit
990 3882 1038 3952 qui
1055 3881 1192 3935 nescienti
1205 3882 1314 3936 litteras
1327 3882 1438 3948 imbuit,
1461 3899 1524 3936 curn
1544 3881 1693 3936 hilaritate
1711 3883 1801 3936 lacere

127 3987 143 4025 a
159 3971 291 4033 Domino,
307 3972 418 4026 Christo
436 3971 566 4026 dicento:
585 3974 660 4027 Sient
672 3976 822 4034 credidisti.
839 3981 888 4046 fiat
904 3922 977 4031 tic
991 3975 1086 4039 debet,
1104 3976 1175 4028 sieut
1190 3975 1297 4029 dietum
1321 3979 1383 4029 est:
1405 3977 1438 4029 ln
1452 3979 1525 4030 orani
1544 3977 1608 4029 eluto
1629 3977 1745 4031 hilarem
1761 3979 1802 4042 [ae

127 4064 161 4118 bi.
177 4066 227 4120 Et:
244 4065 274 4119 Si
288 4066 351 4119 bene
366 4066 515 4119 trachonitis
536 4067 615 4134 tidem
636 4073 666 4120 ut
687 4085 803 4135 maenum
824 4073 940 4140 sinapis,
990 4070 1334 4124 orcitnmtnmn.lhmcr10
1351 4084 1609 4125 sisnsrurmrroxa.
1628 4069 1750 4140 Fingere
1761 4086 1802 4123 re-

125 4159 248 4212 diceretis
261 4160 323 4212 hnic
336 4161 433 4212 moirti:
448 4160 549 4212 Tollere
559 4165 584 4213 ct
596 4163 701 4214 initiae
717 4164 744 4215 in
756 4166 837 4223 inari,
854 4165 941 4218 obedi·
991 4162 1146 4232 proborum
1162 4165 1214 4227 est,
1229 4162 1278 4232 qui
1291 4162 1394 4216 timent
1416 4180 1452 4216 ne
1476 4162 1654 4244 pugnantum
1676 4163 1802 4233 diligere,

125 4258 166 4307 ret
180 4254 264 4306 nobis.
276 4253 309 4306 Et
323 4253 352 4306 iu
363 4253 456 4306 Veteri
466 4254 647 4308 Testamenta
661 4255 784 4326 legimus
799 4257 940 4327 quosdam
990 4255 1124 4320 filiorum,
1141 4258 1169 4308 et
1184 4255 1247 4309 ideo
1262 4256 1339 4310 nulla
1352 4256 1448 4310 finctio
1461 4256 1546 4310 debet
1559 4273 1622 4310 esse
1634 4256 1664 4310 in
1674 4257 1803 4312 Christia-

125 4347 278 4417 perfidem
296 4349 352 4401 [leo
373 4347 529 4417 placuisse3
555 4347 626 4401 sicut
649 4349 804 4416 Abraham,
826 4351 861 4404 de
883 4368 939 4421 (pao
992 4366 1038 4403 no.
1052 4348 1130 4403 lllrrlti
1140 4348 1273 4402 videntur
1286 4349 1405 4421 diligere
1416 4350 1495 4417 loris,
1507 4349 1630 4403 interius
1641 4352 1802 4406 inachinan·

126 4441 262 4511 scriptum
278 4445 337 4494 est:
356 4441 476 4497 Credidit
489 4441 629 4495 Abraham
646 4445 707 4504 lieo,
723 4447 748 4496 et
761 4448 886 4513 pietatum
902 4449 941 4498 est
991 4443 1171 4497 turmalum:
1189 4460 1312 4513 quorum
1329 4447 1430 4515 typum
1441 4443 1511 4498 toab
1522 4443 1626 4511 tenuit,
1643 4445 1691 4515 qui
1707 4448 1802 4500 tenens

125 4534 169 4588 illi
187 4535 223 4587 nd
238 4535 387 4602 justitiam.
409 4533 466 4587 Sed
482 4535 575 4603 magis
590 4535 619 4587 in
636 4536 723 4589 Novo:
739 4537 802 4591 Sive
818 4554 937 4593 ursrsrn-
990 4553 1079 4590 manu
1094 4554 1144 4590 sua
1157 4540 1288 4590 mentum
1297 4539 1420 4605 Arrrasre,
1435 4537 1531 4591 delinit
1544 4538 1679 4608 gladium
1696 4541 1725 4595 in
1741 4557 1802 4594 ren-

127 4642 192 4684 nau
214 4627 301 4698 idad„
321 4623 519 4697 mp'steriunil3
542 4644 569 4683 m
585 4644 776 4685 uisrsrnmno.
797 4632 836 4684 lle
854 4632 938 4685 mini·
989 4634 1063 4683 trem
1079 4630 1149 4699 ejus.
1171 4631 1210 4684 lle
1236 4630 1340 4684 talibus
1359 4631 1494 4702 scriptum
1513 4635 1557 4685 est
1570 4648 1576 4686 :
1591 4632 1746 4689 simulator
1763 4649 1802 4688 cre

127 4722 191 4776 stris
210 4720 339 4775 Ecclesia
355 4719 433 4783 dicit,
454 4719 746 4790 scilicetdiaconibus‚
762 4723 940 4779 subdiaconi·
989 4723 1089 4793 deripit
1098 4726 1214 4778 ornicum
1222 4740 1310 4778 snam.
1325 4725 1359 4778 Et
1373 4725 1540 4779 Psalmista:
1556 4726 1639 4781 Vana
1653 4728 1801 4782 tocntisunt

126 4816 190 4882 hus,'
200 4818 229 4869 et
245 4814 354 4868 caeteris
368 4813 525 4880 ordinibus,
543 4831 606 4884 quas
621 4816 667 4885 qui
688 4817 799 4887 accipit,
816 4817 939 4872 fideliter
989 4819 1173 4886 encomiisque
1182 4819 1219 4872 nd
1227 4818 1382 4888 proximam
1395 4834 1484 4873 sunm.
1500 4819 1534 4872 Et
1547 4818 1658 4874 iterum
1676 4839 1682 4876 :
1700 4818 1752 4887 aar
1765 4821 1798 4874 lo-

127 4913 156 4962 et
170 4909 287 4963 sollicite
299 4923 432 4961 exercere
442 4906 537 4974 debet,
549 4913 667 4978 propter
682 4909 767 4964 illud:
782 4911 845 4976 Quis
857 4918 939 4981 partos
988 4917 1111 4980 quantur
1120 4928 1216 4981 pacem
1232 4928 1292 4966 curn
1301 4915 1427 4982 proximo
1440 4928 1499 4974 suo,
1512 4913 1587 4966 enata
1599 4921 1692 4969 autem
1704 4917 1799 4969 suntin

127 5007 165 5055 est
179 5003 265 5071 {idelis
280 5002 448 5071 dispensator
459 5006 485 5055 et
493 5001 626 5071 praedans,
643 5018 721 5071 qnam
739 5008 876 5059 constitnit
890 5009 939 5060 lto
988 5004 1112 5058 cordibus
1125 5021 1224 5059 eornm.
1240 5005 1296 5060 Sed
1314 5006 1364 5059 viri
1380 5005 1533 5061 Christiani
1546 5005 1714 5073 dilectione,
1736 5009 1800 5063 sicut

126 5097 215 5149 minas
231 5110 296 5148 sarrs
311 5111 392 5164 super
411 5097 547 5162 familiam
562 5098 659 5149 sunm?
677 5097 711 5149 Et
730 5097 752 5150 si
774 5098 836 5168 quis
851 5099 936 5152 mini·
988 5097 1055 5165 dixi,
1070 5098 1270 5154 nonsimulata
1284 5098 1390 5153 debent
1405 5116 1477 5167 esse,
1490 5099 1617 5155 sedeam
1630 5102 1799 5157 exhibitione

126 5191 206 5254 strat,
222 5190 359 5258 tanquam
375 5206 408 5241 ex
424 5188 526 5243 virtute
542 5206 629 5261 quam
650 5189 833 5244 administrat
853 5193 935 5247 Deus.
988 5192 1092 5266 operis,
1109 5199 1227 5263 propter
1241 5192 1310 5247 illud
1325 5210 1331 5248 :
1348 5194 1399 5260 Qui
1411 5194 1510 5249 viderit
1521 5196 1639 5263 fratrem
1661 5213 1741 5252 snum
1756 5214 1796 5250 n·

125 5283 191 5339 Srvn
207 5297 252 5344 ocr
268 5296 353 5335 nocer
369 5298 393 5336 m
410 5297 553 5339 nourrius.
571 5285 610 5337 lle
627 5283 791 5338 doctoribus
804 5287 975 5371 Ecclesiail)
986 5288 1135 5341 cessitatem
1144 5289 1301 5357 patientem,
1317 5292 1342 5343 et
1363 5288 1492 5344 clauserit
1510 5292 1615 5344 uiscera
1635 5306 1687 5346 saa
1710 5291 1744 5345 ab
1762 5307 1796 5350 eo,

126 5377 202 5443 dicit,
223 5374 271 5446 qui
285 5372 476 5428 ministerium
489 5375 700 5446 predicationis
716 5383 888 5449 acceperunt
902 5380 933 5434 fi·
986 5380 1116 5450 quaerendo
1127 5381 1246 5435 ebaritas
1258 5383 1306 5436 Dei
1319 5388 1410 5437 monet
1421 5385 1515 5437 ineo?

125 5474 203 5529 deles
216 5469 299 5534 servi,
326 5472 354 5520 et
373 5483 430 5520 non
453 5468 632 5524 abscondunt
656 5471 734 5543 quod
752 5476 933 5545 acceperunt.
1021 5475 1155 5530 Omnurns
1194 5491 1305 5543 aaron,
1342 5491 1521 5533 anuauaurus
1556 5493 1640 5535 aoso.
1678 5479 1798 5536 odientes

124 5566 267 5638 Scriptum
284 5564 327 5616 est
344 5561 440 5615 enim:
456 5563 595 5631 Sapientia
609 5565 778 5628 abscondito,
794 5574 819 5622 et
831 5569 936 5622 theson·
985 5568 1097 5630 matum,
1113 5567 1143 5621 id
1159 5571 1201 5622 est
1215 5568 1371 5637 diabolum,
1389 5569 1424 5624 de
1445 5587 1502 5641 quo
1524 5570 1667 5627 Dominus
1686 5572 1755 5629 dicit
1771 5573 1796 5626 in

122 5676 170 5715 rus
192 5661 307 5719 titanas,
323 5672 383 5726 qaae
397 5656 503 5709 utilitas
518 5658 547 5710 in
565 5659 710 5726 atrisque?
731 5661 879 5716 athaniel
897 5661 936 5716 di·
986 5659 1140 5732 Evangelio
1157 5679 1163 5715 :
1179 5663 1270 5717 Malus
1284 5665 1360 5718 bomo
1379 5667 1606 5734 superseminavit
1621 5669 1755 5722 maantam
1772 5669 1797 5719 in

124 5753 181 5806 cit:
202 5754 278 5808 boeti
290 5751 435 5820 fulgebant
457 5755 485 5804 nt
505 5750 633 5822 splendor
653 5755 828 5820 prinammtn
848 5759 873 5807 ct
889 5758 938 5823 qai
985 5754 1072 5808 medio
1091 5758 1183 5819 tritici,
1205 5763 1229 5810 et
1243 5758 1322 5821 obiit,
1336 5761 1443 5814 ataenit
1455 5759 1554 5824 malas,
1571 5765 1598 5815 et
1613 5766 1717 5832 rapuit.
1740 5760 1795 5817 Ad·

122 5846 302 5917 adjustitiam
316 5847 445 5901 eradiant
455 5846 598 5921 plurimos,
616 5845 685 5894 sient
700 5847 782 5899 stelin
794 5850 824 5902 in
837 5862 933 5920 perpe-
987 5847 1249 5915 trecentesimam
1268 5854 1311 5907 est
1333 5851 1455 5924 Christo,
1481 5851 1612 5911 dieentes
1633 5863 1701 5912 cum
1722 5854 1794 5913 Psoi·
