3884 6150
136 244 186 318 'sai

764 266 797 320 ΙΝ
816 264 887 319 ChP.
910 263 929 316 V
945 262 988 316 lu
1007 257 1176 317 Errtrstos

1766 266 1818 320 842

134 370 276 424 scelerum
291 368 441 425 malitiam.
453 373 562 436 Quanto
574 372 652 425 euim
666 371 826 426 callidiores
839 377 904 426 sunt
916 371 951 425 ad
961 385 990 457 A
1001 369 1193 424 circulumbos
1204 385 1280 438 suos,
1291 385 1326 424 nc
1337 368 1414 423 tluxu
1425 370 1540 424 seminis
1548 370 1733 441 pollueretur.
1746 373 1817 426 Hinc

134 462 313 518 suadendam
328 464 480 534 malitiam,
500 469 580 520 tanto
596 465 716 537 majores
730 482 791 520 esse
807 464 948 520 videntur.

134 557 173 611 Ut
185 555 262 610 verbi
275 556 368 627 gratia
383 558 485 629 dicam,
501 559 571 614 mali
585 562 651 613 sunt
666 558 809 614 daemones
822 559 870 630 qui
884 546 949 630 per·⁴

134 652 287 720 petrantur
295 649 458 719 homicidia,
469 652 582 722 pejores
594 651 643 723 qui
658 652 813 707 fratricidia
828 652 951 723 etparri-

134 742 221 797 cidia.
235 741 280 797 Sic
295 741 329 798 de
345 741 490 814 adulteris,
513 745 548 799 dc
570 745 694 815 incestis,
718 745 869 817 dequibus
889 762 951 817 pro

133 835 224 905 pheta
243 834 331 891 dicit:
348 837 453 906 Spiritu
475 839 664 918 fornicationis
685 839 788 893 seducti
807 844 880 894 sunt.
897 840 951 893 llos

135 929 216 982 eninr
227 928 353 1000 appellat
365 930 510 1002 principes
524 935 552 985 et
565 937 725 1002 potestates,
737 932 786 986 hos
799 932 899 986 mundi
909 948 950 987 re·

133 1025 229 1076 atores
243 1023 427 1077 tenebrarum
448 1024 563 1094 harum,
580 1025 631 1079 hos
650 1026 778 1081 nominat
801 1040 950 1081 srrarrsua

134 1115 407 1185 asou1r1a[lnGod.,
424 1123 575 1172 constanter
589 1119 725 1189 nequitia]
735 1136 761 1174 rs
774 1135 948 1175 cacssrrscs.

133 1207 229 1262 ltundi
243 1212 369 1263 rectores
378 1209 523 1265 daemones
532 1212 666 1282 appellat,
677 1212 753 1266 unde
764 1213 948 1267 etDominus:

133 1302 215 1356 Nune
225 1304 354 1372 princeps
367 1304 463 1357 meandi
475 1304 595 1372 ejicietur
607 1308 691 1373 (oros.
710 1306 770 1377 lpse
785 1305 839 1360 luit
861 1321 948 1376 ange-

133 1392 180 1447 lus
196 1395 316 1465 primus,
332 1396 381 1468 qui
396 1400 513 1468 propter
529 1399 689 1469 superbiam
705 1399 804 1454 cecidit
820 1400 854 1454 de
868 1399 948 1454 coelo.

133 1488 230 1558 lpsum
242 1488 416 1560 improperat
426 1489 522 1544 dicens
534 1508 541 1544 :
556 1491 690 1557 Quomodo
699 1492 817 1548 cecidisti
830 1493 863 1547 de
874 1493 950 1556 ocio,

133 1581 245 1647 lucifer,
259 1584 308 1650 qui
316 1582 447 1636 oriebaris
456 1587 560 1638 mone?
575 1588 712 1648 corruisti,
726 1589 773 1655 qui
785 1586 949 1641 vulnerabas

132 1679 226 1743 gentes
238 1677 253 1729 t
267 1675 327 1745 lpse
350 1680 392 1729 est
406 1678 524 1748 angelus
547 1678 739 1746 tenebrarum,
762 1678 796 1734 de
816 1696 871 1750 quo
882 1679 949 1735 dicit

1001 464 1133 518 Salomon
1148 463 1218 518 dixit
1233 479 1240 516 :
1258 465 1323 517 Trio
1347 469 1411 518 sunt
1426 481 1486 534 qua
1503 465 1564 519 bene
1589 464 1768 532 erudiuntur,
1792 471 1817 520 ct

1001 562 1129 627 quartum
1144 559 1244 611 incedit
1262 558 1379 624 feliciter
1388 576 1397 623 ,·
1415 559 1626 625 lcosortissirnus
1643 559 1786 614 bestiarum
1800 577 1817 613 o

1000 651 1104 705 nultius
1116 651 1227 720 parebit
1239 666 1371 716 occursu;
1388 652 1477 719 pullus
1492 654 1641 706 succinctus
1655 653 1752 706 lumbis
1768 659 1817 719 ,·et

1000 747 1083 808 ories,
1106 761 1154 799 nec
1175 750 1213 800 cst
1237 761 1286 799 rear
1303 747 1351 813 qui
1374 747 1482 800 resistat
1501 748 1534 799 ei.
1551 745 1644 799 Gallus
1658 745 1816 801 succinctus

1000 837 1122 906 lumbos,
1134 841 1244 892 sanctos
1255 837 1393 908 significat
1405 837 1611 908 predicatores,
1627 838 1714 908 quiin
1729 855 1816 893 mem·

1000 930 1058 984 bris
1072 930 1181 985 ssuxum
1195 930 1313 985 luxuria
1326 930 1510 1001 restringuat.
1525 932 1614 986 Estote
1628 948 1690 999 erpo
1704 935 1817 987 succinti

1002 1024 1104 1079 lumbos
1124 1030 1225 1080 cestros
1239 1027 1403 1088 inveritate,
1421 1024 1447 1078 id
1464 1028 1506 1078 cst
1520 1025 1644 1079 castitate
1659 1024 1764 1079 muniti
1779 1041 1814 1078 ne

1000 1116 1035 1171 ab
1047 1117 1173 1173 hostibus
1186 1118 1331 1172 corruatis.

1036 1211 1073 1265 Er
1084 1226 1206 1267 caccrarr
1217 1227 1300 1266 rencs
1312 1227 1339 1264 rr
1353 1227 1564 1266 raarsmrrosr
1578 1226 1716 1268 urracam
1726 1229 1814 1269 racis.

1000 1303 1077 1359 Sicut
1090 1303 1167 1357 enim
1183 1308 1248 1358 sunt
1271 1303 1411 1358 exteriora
1425 1304 1563 1373 membra,
1583 1317 1682 1358 manus
1697 1306 1813 1374 scilicet,

1000 1397 1083 1467 oculi,
1105 1396 1229 1464 auditus,
1252 1397 1379 1464 olfactus,
1397 1399 1425 1450 ct
1441 1399 1541 1465 tactus,
1558 1396 1596 1450 sic
1618 1402 1683 1451 sunt
1697 1403 1725 1452 et
1738 1399 1811 1454 intc-

999 1491 1084 1544 riora.
1105 1491 1138 1544 Et
1152 1495 1217 1544 nota
1230 1490 1297 1561 quia
1321 1489 1438 1560 quidem
1458 1489 1592 1544 virtatem
1615 1490 1716 1544 animae
1732 1491 1811 1558 dixit,

999 1583 1085 1654 pedes
1099 1599 1169 1650 esse,
1180 1582 1245 1654 quia
1255 1582 1410 1638 exteriores
1419 1582 1504 1654 pedes
1514 1581 1567 1635 nisi
1577 1581 1684 1636 calciati
1696 1584 1812 1653 fuerint,

999 1676 1147 1732 olicudnnt
1165 1677 1195 1731 in
1211 1675 1335 1746 lapidem
1355 1692 1404 1730 seu
1427 1679 1546 1745 sentem,
1565 1679 1593 1729 et
1614 1676 1737 1746 expediti
1759 1677 1814 1731 iter

132 1766 236 1821 Paulus
251 1785 257 1821 :
273 1769 397 1836 Quicum
412 1772 570 1838 sitanqelas
586 1772 765 1835 tenebrarum,
777 1754 987 1842 fiqur·obatseB
1000 1787 1114 1840 carpere
1130 1785 1186 1823 non
1201 1773 1328 1840 possunt.
1345 1768 1388 1823 Sic
1411 1768 1497 1840 pedes
1518 1768 1620 1822 animm
1642 1772 1745 1823 nostra
1759 1769 1814 1824 nisi

132 1863 164 1914 in
175 1862 302 1930 angelum
318 1863 396 1917 lueis.
411 1863 457 1917 list
467 1863 567 1918 mandi
583 1869 684 1935 rector,
700 1865 829 1919 omnium
842 1866 950 1920 scilicet
998 1862 1221 1917 fueriutcalciati
1233 1878 1267 1920 cx
1282 1862 1365 1916 coriis
1379 1867 1560 1916 mortuorum
1573 1861 1751 1930 animalium,
1766 1880 1814 1916 an-

132 1956 298 2007 amatorum
324 1955 432 2024 muudi,
455 1957 503 2027 qui
525 1958 662 2012 mundum
682 1959 816 2030 diligunt.
842 1960 947 2013 tiorum
998 1956 1143 2027 liquorum
1165 1955 1270 2010 scilicet
1292 1957 1424 2027 exemplo
1455 1960 1569 2025 patrum
1594 1955 1713 2023 muniti,
1737 1960 1813 2011 recte

132 2046 210 2100 euim
224 2051 327 2116 rector,
338 2051 365 2102 et
378 2066 468 2103 sessor
482 2050 597 2120 pariter,
612 2057 639 2104 et
652 2052 780 2106 diabolus
791 2057 842 2121 cst,
853 2058 881 2106 et
891 2070 949 2107 om·
999 2050 1104 2120 absque
1123 2049 1289 2103 offendiculo
1311 2049 1339 2103 in
1355 2048 1399 2101 via
1413 2047 1613 2103 mandatorum
1628 2048 1676 2102 oei
1700 2065 1814 2102 currere

134 2156 187 2200 nes
200 2144 363 2211 peccatores
373 2142 497 2196 tenebrae
510 2143 657 2213 aliquoties
670 2149 827 2213 mutantur,
840 2150 867 2199 et
877 2146 949 2199 liunt
998 2159 1055 2196 nou
1067 2143 1170 2196 ratem.
1184 2143 1268 2196 Recte
1283 2142 1350 2196 dicit
1368 2143 1509 2211 Eonnqclii
1520 2145 1609 2210 pects,
1624 2142 1658 2195 dc
1673 2159 1729 2213 quo
1744 2142 1811 2195 alibi

132 2232 191 2299 lux,
205 2233 277 2287 sicut
291 2234 393 2289 dicitur
407 2235 441 2289 de
453 2234 508 2289 illis
522 2252 528 2288 :
545 2238 645 2290 Fuistis
658 2238 807 2305 aliquando
823 2239 947 2301 tenebra,
998 2236 1143 2306 Scriptura
1152 2253 1159 2289 :
1169 2237 1254 2302 Quom
1262 2238 1375 2304 speciosi
1385 2236 1467 2304 pedes
1475 2236 1719 2302 evangelizantium
1728 2236 1814 2288 bona!

132 2329 360 2381 nuncauterntua
368 2330 493 2382 Domino:
503 2344 625 2400 quorum
634 2329 949 2385 rectorcffieitanhris-
998 2327 1093 2382 lnduti
1108 2330 1218 2382 loricam
1225 2328 1349 2396 justitia.
1366 2328 1461 2381 lorica
1473 2328 1550 2382 euim
1563 2344 1595 2380 ex
1610 2327 1707 2381 multis
1719 2327 1813 2396 virgu-

132 2424 188 2485 tus,
205 2425 233 2473 et
247 2420 349 2474 dicitur
362 2420 396 2475 de
410 2420 463 2474 illis
478 2438 484 2474 :
509 2421 667 2490 Quicunque
681 2425 780 2491 spiritu
798 2426 848 2479 Dei
860 2441 945 2493 opiin-

132 2517 189 2575 tur,
205 2515 227 2566 ii
236 2513 291 2582 filii
302 2519 365 2568 sunt
378 2517 435 2569 Dei.
452 2515 553 2571 Contra
566 2516 706 2585 spiritalia
718 2518 844 2586 neqadtia
858 2519 887 2570 in
900 2533 948 2573 ca·

133 2606 256 2660 testibus.
271 2606 414 2676 spiritalia
428 2607 504 2662 enirn
514 2609 649 2680 nequitia
660 2609 723 2678 fuit,
737 2609 899 2680 quihabitat
917 2610 946 2664 in

132 2698 302 2754 coelestibus.
318 2700 488 2771 Quanquam
501 2701 661 2757 amisissent
683 2702 904 2773 beatitudiuem,
920 2709 948 2760 et

132 2792 321 2863 perdidissent
331 2793 496 2861 claritatem,
509 2811 567 2849 non
580 2795 738 2850 caruerunt
750 2796 946 2864 subtilitatem,

132 2888 161 2939 ct
173 2884 237 2940 ideo
250 2884 318 2939 dicit
329 2888 359 2941 in
368 2887 526 2949 celestibus,
540 2888 606 2959 qaia
616 2888 645 2943 in
653 2888 811 2944 caelestibus
822 2895 898 2958 sunt,
913 2890 948 2944 de

132 2977 236 3048 quibus
260 2978 289 3033 in
310 2979 462 3052 Evangeho
486 2981 623 3036 Dominus
636 2982 724 3037 dicit:
744 2983 870 3039 Volucrcs
890 2984 948 3038 coeti

999 2422 1032 2474 lis
1045 2421 1160 2489 texitur,
1174 2421 1212 2474 sic
1234 2422 1318 2474 homo
1337 2420 1434 2474 multis
1448 2420 1599 2474 virtutihus
1621 2420 1718 2485 lullus,
1740 2421 1811 2474 inte·
1856 2474 1860 2484 ,

998 2515 1057 2569 rius
1070 2515 1187 2569 loricam
1197 2514 1314 2585 justitia
1329 2514 1455 2580 indutus,
1471 2513 1506 2566 ab
1522 2513 1600 2566 omni
1621 2513 1679 2566 zelo
1705 2513 1812 2567 inimici

998 2608 1053 2663 erit
1065 2608 1178 2661 illaesus.
1196 2609 1223 2662 la
1240 2623 1358 2663 ounrscs
1370 2621 1506 2662 susurras
1522 2621 1628 2662 scuruu
1641 2622 1720 2660 rrorr.
1737 2605 1814 2661 Sicut

998 2701 1128 2772 superius
1138 2704 1233 2759 texere
1247 2701 1384 2770 coepimus
1394 2700 1428 2754 de
1443 2699 1538 2767 armis,
1552 2699 1591 2753 sic
1604 2716 1679 2753 nuuc
1689 2699 1723 2753 de
1733 2702 1812 2752 scuto

997 2794 1102 2865 aliquid
1119 2792 1271 2848 dicendum
1285 2796 1337 2846 est.
1356 2794 1382 2847 Si
1406 2793 1469 2862 quis
1487 2792 1563 2846 enim
1586 2792 1671 2846 honio
1693 2791 1810 2859 cinctus,

997 2887 1113 2942 indutus
1135 2886 1221 2941 lorica
1243 2885 1338 2952 fuerit,
1359 2890 1387 2939 et
1407 2885 1536 2940 calciatos
1562 2885 1695 2939 habuerit
1712 2884 1811 2955 pedes,

996 2996 1119 3052 porgens
1138 2980 1167 3034 in
1189 2978 1337 3033 inimicum
1363 2994 1458 3044 suum,
1477 2993 1536 3032 non
1560 2973 1667 3031 hahens
1688 2982 1811 3041 scutum,

131 3072 304 3127 comederunt
316 3073 398 3127 iilud.
413 3075 473 3128 Non
487 3074 549 3129 dico
563 3074 666 3129 coelum
678 3076 844 3143 aethereum,
859 3077 903 3130 vel
913 3075 948 3130 si·
957 3115 985 3189 C
998 3075 1160 3128 vulneratus
1174 3072 1302 3127 alauceis
1315 3087 1365 3126 seu
1378 3069 1498 3140 sagittis,
1510 3071 1541 3124 iu
1554 3069 1737 3124 similitudine
1754 3084 1812 3123 cer·

130 3164 262 3235 dereum,
270 3165 316 3220 sed
326 3181 443 3221 aereum
448 3208 455 3235 ‚
464 3168 604 3239 quidquid
612 3185 675 3224 ares
683 3168 746 3224 coeli
754 3169 880 3225 volitant.
890 3170 947 3224 Coe·
998 3166 1024 3221 vi
1038 3167 1144 3222 corruit
1157 3183 1164 3232 ;
1181 3166 1203 3220 si
1217 3169 1313 3220 autem
1327 3169 1439 3219 scutum
1453 3162 1593 3231 habuerit,
1603 3163 1701 3234 jacula
1714 3162 1811 3217 inimi·

130 3258 191 3312 lum
206 3258 270 3326 hoc,
286 3259 362 3330 quod
373 3258 448 3315 iuter
465 3261 568 3315 coelum
581 3266 609 3316 et
631 3265 738 3318 terram
756 3267 797 3317 est
808 3262 946 3330 medium,
998 3259 1199 3317 cihucetilluc
1213 3257 1469 3330 projicereralebit.
1482 3256 1812 3327 Spiritahterautemper

130 3351 252 3423 spiritali
264 3353 392 3424 nequitia
406 3355 523 3424 plenum
538 3371 598 3409 esse
611 3355 725 3410 dieitur.
739 3357 773 3411 Et
787 3354 851 3410 ideo
864 3356 945 3427 spiri-
998 3359 1108 3408 scutum
1133 3352 1220 3406 tidem
1244 3351 1402 3422 inteffigere
1429 3365 1592 3419 possumus,
1620 3364 1707 3419 quam
1730 3347 1812 3402 miles
1843 3341 1844 3344 ’

131 3445 198 3500 talia
210 3445 345 3518 nequitia
364 3462 501 3518 superare
513 3464 566 3518 pro
584 3448 752 3516 coelestihus,
767 3448 882 3518 seilicet,
904 3449 945 3503 di·
997 3447 1100 3501 Christi
1119 3447 1234 3517 plenam
1253 3441 1476 3498 haheredehet:
1495 3457 1582 3512 quam
1605 3441 1654 3512 qui
1668 3439 1810 3506 hahuerit,

131 3538 238 3593 micare
248 3537 398 3609 debemus,
415 3540 482 3610 quia
491 3556 604 3609 regnunt
618 3543 744 3596 catorum
757 3544 812 3596 oirn
826 3544 944 3610 potitur.
996 3541 1110 3594 hostem
1120 3555 1214 3603 suum,
1225 3538 1254 3591 id
1265 3535 1469 3603 estdiabolum,
1479 3533 1643 3588 interimere
1656 3532 1769 3603 poterit,
1780 3532 1811 3586 in

167 3633 328 3689 Paommm
343 3648 467 3689 accrrrrr
479 3650 644 3691 namrumu
657 3651 710 3705 ori,
727 3652 760 3690 ur
774 3650 893 3691 sossius
903 3651 947 3690 na·
997 3638 1107 3688 tantum
1121 3637 1152 3686 ut
1172 3631 1201 3686 in
1215 3645 1293 3684 mare
1308 3631 1455 3698 mergatur
1463 3645 1471 3696 ;
1486 3627 1557 3681 sieut
1571 3625 1707 3681 Dominus
1721 3625 1807 3680 dicit:

133 3739 243 3782 srsrsas
264 3742 291 3783 rr
310 3743 355 3783 ors
375 3743 458 3797 uaso,
471 3744 503 3784 rr
521 3745 548 3786 m
566 3744 684 3785 ouranos
705 3744 832 3785 rsmrcrr
852 3744 944 3784 srans.
997 3728 1027 3782 st
1041 3727 1190 3781 habueritis
1202 3725 1282 3794 fidem
1296 3727 1327 3776 ut
1340 3737 1455 3791 pronum
1472 3722 1587 3790 sinopis,
1604 3720 1726 3774 dicastis
1747 3720 1810 3773 nuic

131 3819 286 3891 Propterea
304 3821 370 3892 quia
390 3837 448 3877 non
461 3821 539 3876 vobis
552 3822 711 3877 colluctatio
727 3821 861 3876 adversus
882 3838 944 3876 aar·
995 3819 1081 3871 monti
1094 3817 1210 3870 transire
1221 3816 1251 3866 in
1260 3825 1344 3874 mare,
1354 3810 1472 3864 obediret
1481 3809 1565 3863 vobis.
1581 3809 1608 3862 lu
1623 3823 1677 3870 otto
1691 3822 1811 3864 rossms

133 3926 202 3967 nem
216 3919 244 3968 et
263 3913 440 3984 sanguinem,
455 3918 565 3986 occipite
580 3921 751 3972 armatarum
764 3918 821 3982 ltei,
839 3932 903 3986 quae
916 3915 946 3969 in
997 3925 1160 3966 ousiarum
1179 3920 1344 3969 asoorssrua
1356 3920 1436 3960 rarae
1454 3917 1646 3959 srsrracurur.
1670 3901 1736 3957 Tela
1748 3901 1809 3956 dia-

130 4005 368 4078 subsequentihus
389 4010 531 4079 apostolus
556 4010 657 4064 Paulus
683 4012 865 4065 enumeratus
892 4015 944 4067 est,
995 3999 1054 4054 boli
1066 3991 1153 4069 ipsius
1161 3994 1258 4066 jacula
1272 3992 1461 4064 intelligenda
1473 3994 1549 4061 sunt,
1566 3992 1637 4046 sicut
1649 3996 1691 4046 est
1706 3990 1809 4061 gastri-
1857 4024 1863 4033 =

133 4100 167 4154 Ut
176 4101 289 4169 possitis
301 4102 424 4156 resistas
439 4104 469 4157 in
486 4103 531 4157 dic
544 4103 625 4158 moto.
647 4103 727 4157 [tiam
745 4104 853 4158 malum
877 4104 946 4159 dicit
996 4092 1116 4164 margia,
1133 4089 1264 4154 ebrietas,
1292 4085 1520 4153 ⁰0ffle³⁵³ii⁰ssesss
1554 4083 1704 4149 adulteria,
1721 4088 1749 4137 ei
1767 4083 1811 4136 111³

128 4209 255 4264 praesens
267 4198 391 4266 tempus,
403 4195 437 4249 de
450 4211 505 4266 quo
520 4212 604 4267 supra
618 4197 724 4252 dictum
735 4200 776 4251 est
787 4214 793 4250 :
805 4197 945 4253 Regimen.
995 4187 1111 4243 similia.
1126 4185 1160 4239 Et
1173 4185 1246 4239 benc
1259 4182 1330 4237 dixit
1342 4184 1432 4250 igneo,
1443 4178 1581 4250 quoniam
1592 4177 1684 4247 ignoae
1694 4179 1810 4229 suntsa·

129 4290 170 4342 ιω
184 4292 298 4358 tempus,
314 4291 443 4358 qnoniam
461 4288 517 4343 dies
531 4291 598 4344 mari
612 4294 686 4345 sunt,
700 4292 756 4345 Aut
778 4290 854 4346 diem
865 4290 943 4361 judi.
995 4281 1075 4353 gittae
1088 4277 1203 4339 diaboli.
1217 4278 1280 4330 liae
1293 4274 1370 4337 euim
1380 4271 1474 4326 omnia
1486 4286 1535 4340 per
1549 4269 1727 4335 charitatem,
1743 4284 1807 4338 quae

127 4379 174 4445 cii,
191 4380 226 4434 dc
241 4396 299 4451 quo
313 4381 454 4453 propheta
468 4380 520 4436 ait:
536 4384 596 4438 tlies
610 4382 661 4436 itta
674 4383 730 4436 dies
740 4385 796 4438 irae.
815 4386 848 4439 Ut
861 4385 944 4439 in‘die
994 4380 1035 4430 est
1048 4373 1122 4445 pacis
1136 4370 1242 4426 ioedera
1252 4382 1400 4439 possumus
1409 4363 1601 4432 exstinguere,
1610 4367 1637 4417 et
1648 4377 1754 4416 orama
1765 4376 1808 4416 sa·

126 4473 200 4527 meio
214 4476 336 4530 resistere
344 4477 466 4544 possitis,
481 4477 593 4546 occipite
605 4480 775 4530 annotarem
789 4479 846 4539 liet,
862 4477 890 4531 id
901 4482 944 4533 est
952 4481 982 4552 D
993 4483 1068 4524 iuris
1082 4480 1234 4520 assumere.
1249 4461 1324 4516 Sicut
1337 4459 1413 4513 enim
1427 4473 1477 4527 per
1497 4461 1607 4510 scutum
1626 4455 1711 4509 iidem
1725 4455 1808 4510 intel-

125 4566 310 4636 accingimini
332 4584 380 4622 ros
403 4569 552 4625 [lominum
575 4571 670 4624 iesum
691 4569 843 4625 Christum.
867 4571 898 4625 Et
912 4571 942 4625 in

126 4659 261 4715 omnibus
279 4661 396 4732 perfecti
415 4667 498 4719 stare.
522 4663 631 4719 Scihcet
641 4679 693 4734 per
707 4681 785 4719 erma
794 4665 913 4733 Justiciae
925 4682 943 4719 e

126 4753 233 4808 deutris
252 4759 277 4809 ct
289 4771 306 4810 e
317 4758 446 4812 sinistris.
466 4759 571 4813 Esrors
589 4774 659 4813 anco
674 4773 814 4815 succracri
834 4774 941 4815 roaros

127 4861 247 4903 rrsrnos
261 4865 286 4905 rs
302 4865 441 4920 rrnrrars,
456 4867 487 4907 ar
498 4867 588 4908 raourr
603 4867 722 4910 toarcis
732 4868 868 4909 susurra.
880 4855 942 4908 iam

126 4939 206 4995 enim
221 4941 320 5014 incipit
339 4959 481 5015 exponere
497 4961 561 5016 quoa
575 4946 610 5000 sit
623 4949 768 5003 armatura
781 4947 839 5015 Dei,
855 4963 942 5020 quma

125 5034 258 5105 superius
271 5036 352 5091 indui
364 5038 497 5109 jusserat.
519 5041 552 5094 Et
565 5057 651 5112 quem
669 5041 757 5095 alium
772 5042 869 5097 debuit
882 5043 939 5114 pri·

123 5143 209 5183 mum
222 5145 326 5200 ponere
335 5131 365 5186 in
374 5136 519 5187 armatura
531 5134 590 5201 liei,
600 5151 686 5206 quarn
699 5135 846 5206 cingulum
856 5137 941 5190 tVer·

123 5221 154 5277 hi
168 5222 290 5293 gratiam
303 5224 403 5293 dicam,
414 5226 446 5279 in
456 5227 519 5297 quis
527 5227 708 5300 belligerator
721 5231 819 5285 contra
828 5230 940 5285 hostem

123 5330 259 5388 pergens,
279 5333 392 5373 necesse
416 5320 501 5376 hahet
523 5321 680 5392 cingulum,
701 5340 736 5377 ne
759 5325 837 5377 tluxa
854 5323 939 5377 vesti-

122 5414 224 5466 menta
245 5409 449 5483 impedimento
471 5413 549 5482 liant,
567 5418 596 5469 et
614 5420 726 5471 corruat
744 5417 774 5470 in
790 5421 941 5487 conspectu

123 5502 235 5559 inimici
245 5505 305 5576 sui;
317 5504 355 5559 sic
370 5505 506 5562 nimirum
515 5516 630 5564 necesse
643 5515 695 5577 est,
711 5513 743 5564 ut
755 5509 843 5564 lumbi
857 5509 940 5564 vestri

122 5597 272 5672 praeeiucti
284 5599 341 5654 sint
352 5599 382 5655 iu
394 5602 530 5671 castitate,
545 5603 579 5658 de
593 5619 649 5675 (pao
665 5601 693 5656 in
715 5604 864 5674 Evangelio
886 5604 938 5658 llo·

123 5691 238 5747 minum
248 5691 349 5751 dixisse
360 5698 428 5767 puto
441 5712 447 5750 :
459 5695 520 5751 Sint
529 5697 613 5752 lranbi
625 5699 860 5768 oestripracincti.
871 5696 940 5754 ltine

124 5791 168 5841 est
182 5785 259 5840 euim
281 5789 356 5859 quod
379 5791 501 5844 toauucs
522 5806 622 5846 zurtam
648 5790 787 5862 pelliciam
809 5792 940 5864 cingclmt

291 5883 429 5963 Parnoi.
452 5886 569 5953 LXXII.

992 4562 1123 4629 lenimus,
1137 4557 1205 4630 quid
1219 4572 1269 4626 per
1283 4554 1393 4625 galeam
1408 4550 1462 4605 uisi
1478 4566 1557 4620 spem
1575 4549 1731 4620 intelligere
1744 4566 1807 4618 pos-

992 4656 1108 4712 sumusl
1122 4653 1204 4708 Galea
1219 4649 1294 4704 errim
1308 4648 1337 4700 in
1352 4645 1441 4716 capite
1455 4643 1581 4715 ponitur,
1593 4659 1629 4697 ne
1643 4643 1677 4696 ah
1691 4642 1805 4698 inimico

993 4751 1120 4807 feriatur.
1131 4747 1176 4802 Sic
1187 4742 1350 4815 spiritaliter
1364 4740 1444 4811 galea
1454 4742 1559 4805 nostra,
1569 4736 1598 4791 id
1606 4742 1704 4808 estspc
1712 4738 1804 4806 lirma,

992 4849 1077 4917 caput
1089 4844 1228 4902 nostram,
1243 4836 1317 4908 quod
1330 4839 1372 4890 est
1390 4830 1545 4905 principale
1564 4830 1679 4898 mentis,
1692 4829 1805 4884 munire

993 4940 1145 5006 debemus,
1154 4950 1190 4988 nc
1204 4931 1239 4986 ah
1253 4929 1377 4995 inimico,
1389 4927 1419 4981 id
1431 4929 1474 4981 ost
1487 4924 1608 4991 diaholo,
1619 4923 1768 4978 feriamur.

1028 5036 1065 5089 Er
1085 5045 1203 5087 amorra
1222 5040 1353 5090 srrnrrcs,
1369 5038 1440 5085 oron
1466 5035 1513 5074 rsr
1535 5033 1642 5073 sanson
1665 5034 1719 5073 ort.
1743 5018 1805 5072 tam

992 5129 1068 5184 enim
1090 5125 1205 5180 dederat
1227 5120 1384 5191 cingulum,
1406 5114 1524 5168 dederat
1543 5113 1673 5179 loricam,
1688 5112 1806 5167 dederat

991 5221 1218 5285 calciamentum,
1234 5214 1350 5269 dederat
1361 5213 1482 5277 scritum,
1491 5206 1541 5262 sed
1555 5206 1676 5262 necdum
1688 5206 1806 5262 dederat

992 5315 1129 5389 gladium.
1143 5315 1177 5367 Et
1190 5309 1257 5380 quid
1268 5305 1378 5377 prodest
1401 5304 1515 5366 homini,
1530 5304 1555 5356 si
1577 5305 1660 5356 toturn
1674 5296 1805 5355 muriciam

992 5411 1133 5467 lucretur?
1142 5406 1165 5459 si
1180 5403 1259 5458 omni
1272 5401 1426 5466 armatura,
1443 5395 1647 5469 quiasuperius
1660 5407 1806 5449 enumera·

991 5509 1047 5572 tur,
1064 5502 1178 5556 indutus
1192 5498 1237 5567 sit,
1259 5500 1287 5550 et
1309 5484 1439 5565 ffladium
1460 5492 1489 5546 iu
1506 5507 1593 5545 mauu
1615 5504 1667 5542 raon
1688 5484 1805 5540 territat?

992 5599 1072 5654 Corte
1083 5609 1248 5666 quanquam
1259 5590 1320 5661 ejus
1329 5589 1383 5643 tela
1394 5587 1480 5660 possit
1494 5585 1592 5650 vitare,
1608 5583 1700 5652 ipsum
1711 5576 1806 5630 inimi-

991 5709 1057 5748 curn
1067 5707 1125 5745 nou
1141 5686 1242 5758 poterit
1254 5685 1423 5739 interlicere.
1439 5679 1508 5735 Etsi
1522 5673 1653 5730 halmerit
1667 5671 1804 5738 nitidiora,

992 5790 1026 5844 ab
1039 5788 1101 5861 cjrrs
1112 5782 1213 5855 jaculis
1228 5797 1284 5835 nou
1298 5779 1426 5843 ferietur,
1438 5781 1466 5828 et
1480 5773 1573 5842 ipsurn
1587 5765 1746 5823 interliciat.
1763 5765 1808 5825 sic

1608 5868 1648 5933 2¹<
