3884 6150
577 263 851 343 ammirarentur!
871 243 1072 316 uoulsrrurl
1091 217 1352 294 BENCHORER'SlS.

122 326 175 382 585
322 349 326 356 -

158 432 215 485 llat
226 426 328 480 docens
343 409 485 487 praecepta
496 398 578 472 legis,

124 522 179 578 Dat
194 514 324 571 divinum
336 500 483 576 Spiritum,

126 608 270 682 Spiritum
278 597 328 658 Dei
339 590 507 667 perlectum,

125 693 276 756 Trinitatis
289 682 445 743 vinculum.

168 789 302 862 Praecipit
309 787 401 841 totum
412 790 464 850 per
475 770 573 828 orbem

130 878 274 958 Baptizari
288 871 425 939 credulos,

132 978 248 1035 Nomen
262 965 351 1024 Pauis
364 958 534 1020 invocantes,

134 1061 311 1123 Confitentes
322 1051 435 1109 Filium.

1216 342 1221 350 '
1309 328 1381 381 'lum
1394 331 1444 390 per
1455 307 1624 384 prophetam

1277 415 1439 487 Completur
1451 406 1484 459 ut
1495 399 1602 456 dictam
1616 408 1623 446 ε

1280 509 1364 567 Saliet
1378 497 1493 558 claudus

1281 603 1317 657 Ut
1327 608 1425 653 cerrus
1436 580 1599 660 perniciter.

1320 699 1459 762 Plenaque
1473 685 1550 739 latur

1285 787 1418 849 llbsoluto
1430 774 1542 833 vinculo

1287 883 1398 951 Lingua
1408 873 1562 930 mutorum,

1291 967 1449 1043 imperante
1463 953 1595 1013 Domino.

1328 1066 1411 1128 Sardi
1426 1061 1572 1122 sanantur,

1294 1162 1378 1229 Caeci,
1394 1162 1478 1227 atque
1489 1138 1605 1218 leprosi,

1296 1258 1374 1312 Tune
1386 1253 1494 1306 retroso

710 381 809 438 Polum
823 369 928 428 nodoso

711 469 797 530 Solvit
809 459 907 520 mortis
916 449 1026 509 vinculo

749 575 885 636 Tenebrae
900 579 985 637 super

713 676 784 731 llnte
798 667 878 722 erant
890 659 1033 729 abyssum,

717 766 809 830 Quam
822 750 946 811 radiaret

720 852 834 911 Primus
846 844 904 901 dies
918 837 1039 896 diemm.

759 971 824 1026 llaec
834 976 921 1036 quam
932 949 1058 1027 prodiret

727 1065 798 1117 Vera
810 1058 859 1111 lux
872 1042 1002 1105 mortalia

729 1141 925 1210 Contexitalta

176 1159 293 1234 llystica
304 1153 358 1209 lide
371 1145 477 1204 revelat

730 1240 819 1299 Corda
831 1223 1004 1307 ignorantia.

138 1256 256 1313 'linctos
269 1246 364 1302 sancto
378 1234 502 1311 Spiritu,

141 1347 235 1404 Ponte
247 1339 349 1395 tinctos
360 1327 517 1388 innovatos,

142 1433 232 1492 Filios
244 1428 334 1484 iactos
347 1419 409 1476 [lei.

769 1348 874 1406 Eodem
885 1340 931 1396 die

734 1442 874 1503 Rubrum,
888 1434 921 1486 ut
934 1425 1023 1497 ajunt,
1036 1427 1115 1471 mare

186 1515 457 1632 Anieiuoemturha
460 1538 655 1568 '''''
737 1534 804 1590 Post
815 1531 928 1596 tergum
938 1510 1023 1587 liquit

147 1623 284 1684 c⁰n⁰¹mt
322 1623 705 1670 ''''''''
740 1620 886 1678 Liberatus
899 1584 1016 1664 lsrahR.

193 1888 268 1949 Calli
280 1887 390 1946 cantus,
406 1871 471 1948 galli
483 1868 596 1941 plausus

158 1980 329 2042 Proximum
342 1965 427 2026 sentit
439 1961 526 2026 diem,

159 2076 218 2131 lios
232 2072 377 2127 canentes,
391 2058 419 2111 et
432 2048 579 2126 precantes

162 2166 235 2229 Quae
249 2158 345 2212 lutura
354 2145 505 2205 credimus.

202 2255 433 2329 ldaJestatemque
446 2240 606 2296 inmensam

166 2346 379 2410 concinnemus
390 2332 501 2397 imiter3

170 2446 245 2500 Ante
258 2438 354 2491 lucem
367 2420 532 2482 nuntiemus

172 2529 321 2590 Christum
332 2522 441 2589 Regem
455 2502 566 2564 saecolo.

213 2631 286 2685 Ante
299 2622 394 2678 lucem
406 2605 580 2668 nuntiemus,

179 2719 327 2780 Christum
338 2710 448 2778 Regem
460 2691 573 2753 saeculo.

181 2811 236 2879 Qui
249 2808 280 2863 in
293 2803 374 2859 illum
387 2793 464 2850 recte
477 2778 595 2840 credunt

184 2890 344 2971 Regnaturi
357 2899 423 2941 cam
436 2894 479 2935 eo.

223 2993 318 3055 Gloria
329 2983 405 3045 Patri
416 2971 554 3050 ingenito,

192 3085 284 3146 Gloria
297 3071 447 3148 unigenito

196 3174 284 3236 Simul
296 3183 363 3226 curn
376 3160 479 3220 Sancto
494 3147 599 3224 Spiritu

198 3271 228 3325 ln
238 3259 412 3334 sempiterna
424 3241 537 3304 secula.
639 3268 648 3281 .

305 3416 442 3482 Romnum
453 3391 645 3471 apostotorum.

239 3539 391 3596 Precamur
401 3521 514 3577 Patrem

210 3629 313 3700 Regem
322 3607 558 3683 omnipotentem,

210 3718 241 3774 Et
251 3717 349 3771 lesum
361 3698 516 3760 Christum,

212 3808 344 3867 Sanctam
356 3803 469 3868 quoque
484 3778 630 3856 Spiritum.

610 1811 617 1828 ι
779 1729 831 1783 Per
839 1723 893 1777 hoc
902 1717 1036 1771 docemur

744 1813 842 1877 blundi
852 1813 913 1866 acta
925 1810 1069 1876 spernere,

748 1910 782 1965 Et
794 1906 824 1960 in
836 1900 946 1957 deserto

749 1999 892 2054 Virtutum
906 1983 1067 2043 consistere.

788 2098 948 2152 Summerso
962 2093 1037 2137 saevo

754 2186 831 2246 Ciani
843 2180 948 2239 canunt
961 2167 1073 2228 aemulo.

756 2274 890 2337 Certatim
903 2270 959 2324 Deo

758 2368 866 2428 Laudes
881 2358 950 2417 Ruci
965 2356 1059 2428 igneo.

796 2459 897 2527 Sicque
909 2444 1001 2518 erepti

763 2555 888 2622 Nequam
899 2541 1035 2614 jubemur
1048 2525 1127 2585 iretis

764 2640 891 2700 Laudare
904 2634 991 2688 Deum

768 2729 896 2805 Explosis
908 2716 1038 2779 inimicis.

806 2853 841 2908 Et
848 2847 921 2903 sicut
933 2841 979 2897 ille

772 2941 855 3001 Lucis
863 2936 918 2993 luit
930 2929 1055 2996 initium,

776 3038 816 3091 lta
827 3034 855 3087 et
866 3026 911 3083 isti

778 3121 881 3182 Salutis
895 3110 1054 3174 exordium.

814 3239 957 3312 Loquetur
970 3228 1083 3304 primus

783 3339 815 3393 ln
828 3337 927 3389 tenore
941 3321 998 3380 diei

786 3420 929 3485 Secundus
940 3427 1007 3470 vero

788 3521 821 3574 la
834 3514 925 3570 calore
939 3501 1016 3562 fidei.

827 3637 858 3690 ln
869 3632 926 3687 fine
937 3620 1039 3682 mundi

792 3729 857 3785 Post
868 3721 947 3778 tanta
959 3707 1093 3786 mysteria

795 3816 881 3875 Adest
890 3808 1014 3868 Salvator

797 3910 868 3965 Cum
885 3895 986 3976 grandi
997 3886 1155 3951 clementia.

836 4017 961 4083 Tamque
975 4005 1073 4078 aperte

803 4105 948 4166 Elementa
959 4090 1151 4170 pretendunt,

718 4251 725 4268 .
765 4247 772 4264 .
804 4196 1003 4266 Onamratum
1015 4186 1086 4243 hora

807 4286 910 4348 Lucida
923 4272 1130 4338 concelebrant.

847 4397 931 4451 Natus
947 4386 1073 4444 uthomo

811 4482 922 4546 llortali
936 4479 966 4535 in
978 4470 1104 4546 tegmine

816 4580 877 4637 Non
891 4574 968 4630 deest
979 4564 1049 4624 ooelo

818 4671 932 4727 ldanens
943 4661 975 4716 in
987 4653 1133 4714 trinitate.

856 4772 939 4847 Vagit
951 4769 982 4826 in
993 4762 1105 4840 pannis,

821 4869 978 4928 veneratur
986 4876 1003 4915 a
1012 4854 1115 4928 magis,

826 4961 928 5033 Fulget
939 4957 970 5012 in
983 4949 1077 5018 stellis,

830 5044 1011 5111 adoratorio
1024 5035 1109 5095 uelis.

868 5171 983 5226 Statura
993 5159 1042 5215 rili

834 5259 1000 5320 continetur
1011 5241 1143 5324 praesepi,

839 5351 925 5423 Cujus
936 5342 1045 5419 pugillo

842 5443 935 5500 Potest
948 5433 1024 5493 orbis
1039 5419 1179 5485 concludi.

879 5557 1064 5623 Primumque
1077 5543 1192 5617 signum

847 5643 993 5709 Portendit
1008 5632 1151 5710 discipulis

850 5747 939 5817 Aque
952 5745 1095 5793 conversae

854 5838 886 5893 ln
899 5840 999 5906 sapore
1008 5817 1138 5881 nectaris.

1300 1341 1474 1402 suscitantur
1487 1323 1602 1386 mortui.

1337 1437 1465 1497 Totidem
1478 1441 1565 1502 panes

1304 1532 1435 1600 Quinque
1447 1517 1547 1578 dividit
1558 1512 1651 1569 virum

1306 1613 1479 1680 Saturataris

1307 1707 1408 1769 Procul
1417 1701 1504 1759 dubio
1516 1692 1652 1752 millibus.

1344 1808 1410 1864 Post
1423 1803 1516 1858 tantas
1530 1792 1619 1850 moles

1312 1899 1419 1956 Divina
1432 1884 1589 1947 clementiae

1315 1994 1423 2048 Exosus
1437 1982 1484 2037 ille

1318 2067 1571 2137 Stimuloinridiae.

1355 2168 1547 2242 Quiinridere

1323 2265 1447 2327 Etodire
1463 2257 1588 2315 animam

1324 2363 1378 2418 Pro
1390 2350 1512 2410 inimicis

1326 2413 1865 2518 Prorogans......ti

1363 2519 1502 2594 Adversus
1515 2540 1581 2582 eum

1332 2628 1422 2686 lnitur
1434 2617 1595 2680 consilium,

1333 2718 1389 2786 Qui
1400 2706 1601 2784 magnidictus

1335 2805 1451 2869 Consilii
1466 2805 1508 2858 est
1519 2793 1647 2854 nuntius.

1374 2903 1518 2965 Accedunt
1530 2895 1558 2953 ei

1341 3005 1377 3060 tlt
1388 2993 1492 3055 latroni
1504 3005 1571 3047 cum
1584 2980 1684 3060 gladiis

1343 3097 1448 3151 Parem
1463 3082 1577 3141 eternis

1344 3176 1486 3242 Tradituri
1498 3170 1625 3228 aestibus.

1383 3278 1508 3339 Tandem
1519 3270 1647 3328 humano

1349 3370 1480 3431 Traditur
1489 3357 1595 3435 judicio

1351 3457 1461 3522 nortui
1473 3467 1542 3524 rege

1355 3547 1511 3610 Damastor
1521 3535 1687 3614 perpetuus.

1393 3639 1613 3708 Cruciconllxus

1360 3742 1461 3802 Polum
1473 3734 1546 3791 mire
1558 3719 1693 3788 concutit,

1362 3820 1605 3901 Lumenquesolis

1364 3924 1464 3985 Tribus
1477 3911 1605 3974 obtondit
1613 3903 1702 3964 horis.

1404 4025 1475 4080 Sam
1488 4012 1672 4084 rumpuntur,

1370 4114 1471 4173 Velum
1485 4102 1622 4163 scinditur
1633 4085 1743 4162 templi,

1372 4203 1433 4261 Viri
1446 4191 1619 4264 consurgant

1376 4296 1415 4351 lle
1427 4280 1585 4362 sepulchris
1598 4267 1715 4333 mortui.

1414 4373 1665 4449 Conrosnmnodis

1381 4492 1476 4542 Annos
1488 4475 1546 4533 lere
1558 4465 1684 4527 millibus

1383 4571 1505 4632 Entricat
1517 4561 1591 4620 senis

1385 4658 1491 4722 inferni
1503 4652 1637 4713 feralibus

1426 4806 1432 4820 .
1472 4801 1480 4816 .
1520 4747 1738 4826 ‚to-plaustum

1396 4900 1401 4913 .
1443 4894 1449 4910 .
1490 4861 1565 4907 .osa
1579 4836 1698 4905 soboles,

1394 4945 1508 5017 Lbjecta
1520 4934 1589 4993 mali
1602 4931 1693 4988 morte

1397 5028 1593 5098 Saevaultrice.

1434 5137 1581 5201 Quemque
1596 5117 1746 5193 antiquum

1402 5221 1534 5286 Paradiso
1550 5211 1674 5271 incolam

1403 5321 1532 5375 Recursu
1544 5321 1595 5363 sao

1407 5401 1566 5464 Clementer
1577 5387 1712 5451 restituit.

1446 5502 1578 5563 Exultans
1590 5499 1676 5568 caput

1414 5591 1541 5658 Universi
1554 5584 1690 5661 corporis,

1420 5693 1451 5747 ln
1462 5683 1597 5745 Trinitate

1423 5774 1535 5840 Locarit
1543 5764 1684 5825 Ecclesiae.

1778 5851 1823 5913 ta

1627 6083 1869 6114 „.—
