3884 6150
934 485 1036 530 EODEM
1058 486 1208 531 TEMPORE.

239 631 1501 936 *inuniunnos

791 1049 1348 1170 cocuntium

497 1257 554 1348 m
591 1255 840 1368 neroum
874 1256 1016 1350 novi
1050 1259 1403 1352 ansrnnmn
1438 1258 1654 1350 plnres

764 1438 1392 1568 COMMENTARII

234 1640 292 1706 EX
320 1637 543 1705 CODICIBUS
576 1637 739 1706 PRISClS
768 1637 1150 1707 BIBLIOTHECARUM
1174 1638 1413 1708 VATICANAE
1443 1639 1498 1707 ET
1531 1637 1903 1708 VALLICELLIANAE.

667 1808 672 1812 .
700 1787 1524 1829 „W

1052 1901 1097 2025 1.

233 2099 340 2164 Lectio
355 2096 457 2161 saneti
473 2093 642 2173 Evangelii
658 2092 842 2157 seeundum
869 2091 1060 2155 Mutthaeum
1076 2094 1129 2173 (vr,
1146 2094 1197 2173 rt)
1215 2114 1222 2169 ;
1239 2094 1279 2158 In
1295 2093 1349 2156 illo
1362 2101 1505 2177 tempore
1519 2094 1604 2158 dicit
1625 2095 1722 2159 iesus
1743 2097 1902 2179 discipulis

586 2177 653 2237 suis
669 2193 679 2236 .·
695 2192 788 2236 nemo
800 2180 905 2256 potest
918 2173 1043 2235 duodus
1058 2173 1199 2236 dominis
1212 2173 1344 2252 seruire,
1361 2182 1393 2237 et
1405 2175 1542 2257 reliquo.

844 2301 1054 2357 COMMENTUM
1073 2302 1285 2357 LUCULENTll.

266 2406 385 2472 Quidam
399 2405 469 2459 duos
481 2402 713 2457 hominesrolunt
723 2401 879 2472 inlelligere
888 2401 1042 2471 Christum,
1054 2413 1084 2487 Α
1094 2407 1166 2465 tuus,
1180 2403 1220 2456 ibi
1230 2407 1268 2456 est
1279 2405 1305 2456 et
1320 2407 1461 2458 cortuum.

230 2507 258 2556 et
272 2499 424 2564 diabolum,
439 2513 560 2568 quorum
583 2496 699 2550 societis
712 2511 772 2549 esse
788 2511 845 2548 non
859 2498 961 2565 potest.
976 2495 1044 2558 Quae
1129 2497 1192 2550 luno
1218 2511 1280 2550 mco
1298 2511 1377 2551 roms
1398 2513 1431 2551 nr.
1456 2512 1586 2553 sonuum
1605 2512 1673 2553 sins
1692 2514 1787 2554 iarun
1804 2514 1897 2554 rrsmn

230 2594 307 2648 onim
322 2593 437 2646 societas
446 2590 501 2644 luci
511 2591 546 2644 ad
559 2590 710 2644 tenebras?
723 2606 787 2660 quae
797 2587 1044 2658 conjunctiollhri-
1093 2605 1156 2651 omo
1170 2605 1346 2645 nosocomis.
1356 2590 1736 2663 Cumcihuspluspertinent
1745 2593 1782 2646 ad
1795 2609 1896 2664 corpus,

229 2689 262 2742 sti
276 2687 310 2740 ud
325 2686 409 2739 Belial
423 2686 436 2739 ‘l
452 2685 493 2738 vel
509 2701 572 2755 qum
583 2700 645 2754 pers
659 2683 733 2737 tideli
749 2699 813 2736 eum
829 2682 965 2736 infidele?
979 2681 1042 2735 sub·
1092 2695 1177 2747 (pirum
1190 2678 1225 2731 ud
1238 2678 1374 2746 animum,
1391 2695 1477 2750 quare
1491 2679 1578 2734 dicit:
1593 2683 1633 2738 Ne
1648 2682 1766 2735 solliciti
1778 2685 1836 2736 sitis
1848 2686 1896 2736 oni

228 2781 342 2842 eliditur
354 2779 442 2833 nulla.
458 2779 511 2833 Sed
525 2777 574 2848 qui
587 2777 708 2831 sinlduo
720 2775 828 2830 domini
838 2775 971 2845 deinceps
979 2791 1043 2845 ape·
1091 2777 1251 2834 maevestrua
1264 2773 1331 2842 quid
1338 2773 1505 2829 manducetis
1514 2774 1584 2828 ised
1596 2774 1724 2828 enimam
1740 2775 1797 2830 hoc
1809 2777 1837 2829 in
1846 2777 1895 2829 loeo

228 2876 264 2929 ril
277 2890 344 2928 cum
364 2871 511 2942 subjungit
526 2886 532 2925 :
557 2871 617 2925 Non
641 2885 766 2925 riirnsns
793 2885 843 2922 ono
864 2883 986 2935 sanvmu,
1010 2883 1041 2921 nr
1091 2881 1143 2936 pro
1159 2865 1290 2935 presenti
1304 2865 1360 2920 vito
1374 2882 1455 2922 nosse
1471 2866 1623 2934 debemus;
1638 2867 1712 2922 sicut
1724 2873 1754 2922 et
1767 2868 1797 2922 in
1811 2868 1895 2923 mullis

230 2981 377 3021 niuuonn.
393 2961 963 3033 Noneuimdixit:quidiritiashabent,
984 2961 1039 3014 llo-
1091 2957 1242 3029 scripture
1255 2957 1331 3028 locis,
1342 2963 1374 3013 ut
1387 2964 1429 3013 est
1440 2959 1509 3014 illud
1530 2959 1637 3014 David:
1665 2963 1727 3018 Viri
1745 2963 1896 3016 isttoninus

228 3060 306 3114 raino
327 3057 430 3112 servire
449 3072 507 3110 non
529 3072 610 3127 posse
626 3073 632 3122 ;
653 3055 700 3109 sed
714 3055 763 3126 qui
786 3054 888 3108 divitiis
904 3053 1039 3109 serviunt.
1089 3066 1152 3106 suas
1162 3057 1310 3121 posuerunt
1322 3055 1350 3106 in
1364 3053 1489 3108 manibus
1498 3056 1569 3120 sois3
1583 3058 1609 3108 et
1624 3056 1717 3108 anima
1732 3071 1795 3110 meu
1807 3058 1835 3109 in
1845 3072 1894 3110 rno-

227 3152 304 3207 llulti
318 3151 394 3205 enim
409 3149 544 3203 habentes
558 3147 667 3202 divitias
686 3164 744 3202 non
759 3147 932 3202 distribuunt
944 3163 991 3200 eos
1008 3151 1041 3202 ut
1089 3145 1166 3199 roilus
1178 3147 1242 3200 meis
1252 3161 1363 3216 semper.
1377 3147 1478 3201 Paulus
1490 3163 1603 3218 quoque
1616 3148 1762 3218 apostolus
1772 3165 1780 3202 :
1792 3152 1843 3207 Ner
1853 3152 1892 3215 ta-

226 3244 343 3311 domini,
360 3243 409 3297 sed
432 3242 593 3296 custodiunt
606 3246 638 3296 ut
657 3240 739 3295 servi.
760 3241 798 3294 ne
817 3240 947 3311 qualibus
973 3240 1040 3295 dicit
1089 3241 1129 3292 cio
1142 3241 1261 3293 citimam
1275 3255 1361 3292 meam
1371 3241 1557 3308 pretiosiorem
1570 3256 1652 3310 quum
1666 3257 1718 3296 me.
1732 3241 1813 3296 Siout
1822 3241 1895 3296 ethic

225 3338 373 3411 Apostolus
388 3355 395 3392 :
413 3337 590 3392 Thesaurizat
601 3335 655 3389 sili
666 3337 737 3389 iram
750 3337 778 3388 in
793 3334 836 3388 die
851 3336 909 3396 irae,
922 3338 947 3388 et
964 3349 1037 3389 reoc-
1088 3347 1153 3385 cum
1166 3331 1233 3386 dicit
1247 3348 1253 3386 :
1268 3335 1307 3389 Ne
1318 3334 1428 3387 solliciti
1447 3336 1506 3388 sitis
1518 3337 1615 3389 anione
1626 3339 1723 3390 omne
1739 3336 1810 3405 quid
1823 3351 1891 3389 non-

226 3435 338 3488 lotionis
350 3434 380 3486 in
389 3430 504 3500 judiciis
517 3431 575 3484 Dei.
586 3430 620 3484 Et
631 3445 646 3482 e
659 3427 785 3499 regione,
796 3427 877 3482 multi
887 3427 1039 3482 habentdi-
1088 3425 1190 3480 ducetis
1202 3441 1211 3494 ,²
1225 3441 1257 3478 uc
1271 3425 1377 3481 sidicat
1391 3443 1398 3481 :
1413 3427 1482 3481 Viles
1492 3432 1590 3482 vestroe
1603 3428 1728 3499 qualiter
1737 3430 1831 3484 virere
1842 3445 1895 3500 pos

224 3527 315 3596 vitias,
330 3528 358 3580 el
376 3523 547 3578 distribuunt
567 3524 600 3576 ut
614 3521 730 3588 domini,
755 3538 812 3576 non
833 3520 994 3576 custodiunt
1007 3526 1039 3574 ut
1087 3517 1156 3572 sitis.
1170 3518 1224 3572 Sed
1239 3518 1375 3589 queritur
1392 3535 1480 3591 quare
1493 3520 1585 3576 dicat:
1600 3524 1640 3579 Ne
1651 3522 1766 3577 solliciti
1777 3524 1833 3578 sitis
1844 3524 1895 3576 eni

225 3620 307 3688 servi,
330 3619 402 3673 sicul
422 3617 577 3685 Abraham,
595 3617 677 3684 isaac,
691 3614 784 3683 Jacob,
803 3614 864 3681 lob,
885 3613 1037 3685 coeterique
1086 3627 1136 3665 mae
1148 3616 1243 3666 oestrae
1255 3612 1322 3681 quid
1334 3614 1511 3678 manducetis,
1532 3630 1598 3669 cum
1612 3615 1717 3669 Paulus
1731 3616 1809 3671 dieat
1823 3632 1829 3670 :
1841 3616 1894 3672 Sol-

224 3713 274 3785 qui
287 3712 345 3766 suis
354 3710 457 3765 divitiis
469 3709 541 3763 bene
557 3725 677 3780 proeesse
692 3702 843 3775 noverunt,
855 3724 902 3762 eus
918 3707 1038 3762 fideliter
1087 3705 1226 3760 licitudiae
1239 3721 1293 3760 non
1301 3709 1387 3776 pigri.
1403 3707 1455 3762 Sed
1468 3707 1508 3762 ibi
1518 3707 1676 3763 sollicitudo
1695 3709 1848 3780 spiritualis
1857 3709 1894 3764 iu·

225 3804 428 3860 distribuendo.
448 3819 502 3857 ior
518 3818 581 3857 nuru
601 3818 677 3856 anun
692 3818 755 3856 omo
768 3817 891 3869 nisenii,
909 3817 940 3855 er
955 3816 1036 3855 nuru·
1047 3777 1075 3850 Β
1087 3797 1241 3870 telligenda
1253 3812 1304 3867 est,
1320 3799 1350 3853 in
1360 3816 1416 3871 que
1429 3800 1505 3872 pigri
1518 3817 1577 3856 esse
1591 3817 1649 3856 uon
1663 3801 1814 3873 debemus,
1835 3803 1895 3874 qrrir

226 3915 282 3955 nur
304 3912 416 3963 proicer,
430 3895 458 3948 id
471 3899 513 3949 est
532 3895 640 3961 lleum3
657 3910 710 3949 nur
728 3911 802 3950 usuri
825 3909 989 3963 susrrnemr,
1005 3909 1037 3948 ur
1087 3908 1119 3945 eu
1131 3907 1196 3963 qum
1208 3892 1322 3962 spiritus
1334 3898 1409 3963 sunt,
1433 3910 1498 3947 eum
1515 3893 1649 3950 aviditate
1671 3911 1804 3967 quaerere
1817 3895 1894 3951 debe·

226 4007 349 4048 narnium
364 4004 520 4044 consenum
534 4004 542 4057 ;
556 4004 612 4041 non
626 3986 695 4041 dixit
717 3987 781 4041 odio
796 3986 890 4055 habel,
905 3986 952 4041 sed
966 4003 1035 4041 coa·
1086 4000 1160 4040 mus.
1175 3985 1215 4040 nd
1225 3986 1394 4042 exteriorem
1407 3987 1552 4058 pertinens
1565 3987 1725 4058 hominem,
1740 3989 1823 4045 labor
1835 3988 1894 4060 qui·

225 4090 342 4154 lemnet,
352 4099 409 4138 non
419 4082 483 4137 ideo
497 4081 587 4136 timet.
600 4079 698 4134 Nullus
713 4080 789 4134 enim
799 4083 858 4133 lam
868 4080 983 4133 demens
995 4085 1037 4135 est
1085 4079 1149 4134 dem
1173 4080 1346 4134 exercendus
1371 4085 1422 4151 est,
1446 4081 1602 4136 sollicitudo
1625 4082 1761 4137 tollendo.
1783 4084 1822 4137 lle
1842 4097 1895 4154 que

224 4186 256 4237 ut
267 4179 352 4245 dieat,
368 4193 398 4232 se
413 4174 500 4231 ileum
512 4174 575 4229 odio
587 4173 703 4242 habere,
719 4173 768 4227 sed
783 4173 857 4226 Deus
869 4172 951 4226 illum
966 4171 1034 4242 odit,
1085 4172 1220 4227 Dominus
1240 4173 1352 4244 ludaeis,
1367 4190 1432 4229 eum
1452 4190 1500 4230 eos
1513 4174 1620 4230 videret
1636 4174 1667 4229 in
1685 4177 1801 4232 terreno
1819 4176 1894 4247 eupi-

222 4277 271 4348 qui
296 4275 436 4346 prreeeptu
457 4268 532 4324 illius
553 4266 719 4333 contemnit,
738 4265 847 4320 dicente
873 4265 1033 4337 prophetat
1084 4264 1172 4321 ditate
1184 4266 1321 4337 laborare,
1335 4267 1427 4323 dixit:
1448 4269 1605 4339 operamini
1617 4284 1671 4324 non
1683 4269 1786 4333 eibum,
1800 4272 1847 4340 qui
1855 4285 1895 4340 pc

222 4370 311 4427 Odisti
322 4382 410 4423 omnes
421 4367 469 4435 qui
479 4367 627 4434 operantur
637 4362 819 4431 iniquitatem.
833 4359 909 4413 Sicut
917 4358 992 4413 enim
1000 4376 1034 4414 ex
1082 4361 1120 4414 rit
1132 4378 1139 4414 ε
1153 4360 1200 4415 sed
1209 4362 1257 4430 qui
1265 4366 1403 4432 permanet
1417 4363 1445 4416 in
1455 4364 1540 4416 vitam
1553 4366 1689 4417 eternum.
1706 4363 1744 4417 Et
1756 4363 1821 4418 ideo
1833 4363 1892 4435 qui·

221 4480 279 4518 uno
290 4430 638 4524 fontedulceetanisrum,
651 4452 892 4525 utrumquesimul
903 4469 1034 4508 emanere
1068 4452 1148 4521 (dem
1167 4469 1237 4525 opus
1255 4455 1446 4510 exercendum
1465 4459 1516 4524 est,
1537 4455 1610 4510 sicut
1625 4455 1735 4510 Paulus
1760 4457 1893 4528 apostolus

222 4569 278 4610 non
303 4558 404 4625 potest,
418 4553 456 4606 ita
475 4550 569 4604 nullus
584 4548 692 4620 pariter
708 4546 817 4601 duobus
831 4545 961 4609 dominis,
976 4546 1033 4601 lleo
1083 4545 1154 4602 dixit
1167 4562 1174 4601 :
1190 4549 1243 4615 Qui
1252 4563 1305 4602 non
1317 4549 1376 4603 uult
1388 4550 1505 4620 operari,
1525 4564 1572 4604 nee
1588 4549 1744 4604 manducet.
1768 4552 1803 4605 Et
1814 4550 1892 4605 olibi:

221 4649 325 4704 seilicet
337 4651 365 4702 et
380 4645 493 4710 divitiis,
505 4641 609 4698 servire
619 4646 719 4712 polest.
733 4643 792 4698 Non
800 4642 911 4711 potestis
917 4642 970 4694 neo
980 4655 1034 4694 ser·
1083 4640 1228 4710 operantes
1237 4641 1406 4696 cumsilcotio
1415 4642 1585 4697 manducent.
1596 4642 1630 4696 Et
1639 4641 1695 4697 hoc
1705 4644 1834 4716 estquod
1842 4644 1891 4698 ait:

221 4746 277 4800 vire
291 4746 315 4797 et
327 4754 493 4796 mammone.
507 4738 647 4791 Mammon
667 4735 768 4806 Syrum
785 4738 836 4803 est,
850 4733 925 4804 quod
937 4733 1033 4788 Latine
1082 4735 1121 4790 Ne
1130 4734 1241 4788 solliciti
1251 4737 1311 4790 sitis
1322 4736 1421 4790 animae
1439 4739 1533 4791 oestrae
1543 4735 1609 4805 quid
1621 4736 1794 4792 manducetis
1806 4756 1815 4792 ε
1829 4735 1892 4791 acsi

221 4836 325 4894 divitiae
338 4837 528 4904 nuncupatur.
544 4830 630 4884 Nemo
645 4833 737 4900 polest
751 4828 807 4881 ileo
819 4826 934 4897 pariter,
951 4828 979 4880 el
994 4827 1035 4881 di·
1082 4825 1157 4880 dieat
1168 4816 1239 4890 :Oui
1254 4827 1360 4898 majora
1374 4827 1472 4896 dedit3
1492 4827 1591 4899 utique
1605 4830 1634 4882 et
1650 4827 1768 4884 minora
1778 4835 1892 4903 preste·

221 4934 294 4987 viliis
306 4925 493 4998 serviro,qaio
504 4924 552 4996 qui
561 4924 617 4978 Ileo
628 4924 685 4976 tolo
695 4920 778 4975 corde
788 4920 923 4989 servierit,
936 4936 1033 4975 servus
1081 4918 1122 4973 hit
1135 4936 1143 4988 ;
1155 4918 1233 4990 quie,
1250 4920 1300 4992 qui
1310 4922 1434 4975 unimam
1444 4925 1473 4976 et
1491 4937 1592 4994 eorpus
1604 4921 1682 4988 feeit,
1693 4922 1776 4978 dabit
1790 4929 1818 4979 et
1829 4923 1891 4978 sub·

221 5026 380 5080 diviliarum
392 5039 450 5077 esse
463 5036 521 5074 non
536 5016 651 5090 poterit.
666 5015 755 5070 Omne
769 5013 956 5084 qrrodeunque
970 5012 1033 5084 plus
1081 5010 1194 5066 sidium.
1209 5014 1303 5069 Nonne
1315 5031 1401 5069 eniri
1416 5030 1481 5070 rios
1496 5031 1542 5070 ner
1557 5031 1631 5078 eoin
1646 5031 1710 5070 uses
1725 5017 1740 5071 t
1754 5034 1787 5072 er
1799 5033 1891 5072 coneus

220 5118 312 5188 diligit
324 5118 418 5182 homo,
430 5116 483 5169 hoc
497 5114 539 5168 est
551 5127 661 5177 avarus,
675 5124 776 5162 aornim
791 5107 878 5161 [loom
892 5107 989 5174 habet,
1005 5110 1033 5161 et
1041 5144 1069 5218 C
1082 5121 1148 5161 rnits
1160 5122 1234 5167 auin
1249 5123 1433 5163 vesrrrnnrun
1448 5108 1574 5162 linime
1586 5108 1651 5179 plus
1664 5113 1708 5164 est
1723 5126 1811 5182 quum
1823 5128 1890 5180 esca

220 5210 379 5264 vorantium
399 5209 471 5261 lleus
487 5210 585 5260 venter
600 5209 650 5259 est.
677 5204 794 5270 erorum
817 5202 877 5268 finis
897 5201 1030 5262 ostentus,
1081 5199 1149 5270 quia
1160 5216 1272 5272 semper
1292 5201 1436 5271 manebit3
1453 5218 1515 5255 esea
1527 5217 1593 5256 vero
1607 5201 1724 5273 peribit.
1749 5205 1783 5259 Et
1794 5220 1892 5276 corpus

220 5319 334 5376 quorum
364 5305 431 5356 lietu
467 5305 558 5354 certer
594 5303 651 5363 est,
676 5301 701 5350 et
738 5296 825 5364 gloria
862 5295 891 5346 ia
925 5294 1030 5359 contu·
1080 5291 1248 5364 plusquam
1270 5294 1467 5350 vestimentum
1489 5295 1625 5367 esl,quia
1648 5297 1781 5368 quamvis
1805 5298 1890 5352 inci·

218 5403 291 5455 sione
312 5398 430 5467 ipsorum
447 5394 496 5462 qui
519 5397 626 5446 terrena
640 5393 762 5460 sapiunt.
778 5389 812 5442 Et
830 5386 898 5458 quid
914 5386 1031 5440 dicam?
1080 5401 1178 5440 nerem
1202 5386 1361 5456 redigetur,
1388 5392 1484 5443 tamen
1511 5389 1601 5442 instar
1625 5389 1731 5460 prioris
1757 5391 1891 5446 reforma·

219 5487 408 5566 qdodcunquo
434 5483 555 5556 amplius
582 5483 674 5553 diligit
699 5483 784 5536 homo
809 5497 893 5552 quom
930 5480 1029 5544 Deum,
1079 5477 1165 5533 bitur.
1185 5479 1326 5551 Scriptum
1343 5484 1384 5534 est
1403 5481 1502 5536 enim:
1528 5483 1607 5537 Velut
1628 5484 1761 5540 amictum
1778 5487 1893 5541 mutatis

220 5588 318 5660 utique
340 5583 381 5638 illi
406 5587 447 5636 est
471 5580 561 5646 Deus,
575 5582 603 5632 el
627 5575 690 5630 ideo
709 5591 783 5630 nemo
799 5580 884 5646 potest
903 5577 955 5628 Deo
979 5589 1031 5629 ser·
1079 5588 1131 5635 eos,
1144 5574 1577 5641 ermetaoootor;veslimentnn
1590 5577 1700 5632 veroad
1713 5578 1840 5634 nihilum
1852 5595 1892 5634 re

217 5685 275 5738 pire
300 5684 325 5735 et
351 5689 530 5738 mammeam
550 5671 617 5742 quia
643 5668 692 5739 qui
722 5668 845 5721 avaritie
871 5666 1028 5737 studuerit,
1079 5664 1194 5736 digitur.

219 5776 276 5835 Deo
300 5772 403 5830 servire
427 5788 485 5828 110„
511 5766 635 5842 polerit:
660 5761 708 5816 ubi
732 5762 801 5816 enim
824 5765 861 5816 est
890 5760 1029 5817 thesaurus
1115 5759 1256 5816 Rnsrrcnn
1280 5775 1419 5816 vonimus
1445 5777 1511 5819 curs
1535 5778 1656 5827 ouomir
1686 5779 1745 5823 uon
1775 5781 1889 5841 sununs,
