3884 6150
101 321 1776 340 m

390 442 398 453 ,
596 376 820 443 JUSTlNlANl
842 375 1035 443 EPISTOLA
1057 377 1109 442 ΑΙ)
1131 377 1285 444 PATRES

466 477 572 557 (Hanc
585 477 756 559 epistolam
773 476 892 541 videsis
907 475 1031 541 Petrei.
1048 485 1125 540 tom.
1142 477 1261 555 LXIX,
1277 477 1336 543 col.
1353 479 1417 560 ³0.)

416 638 694 705 JUSTlNlANl
730 639 943 705 EDICTUM
978 625 1168 705 CONTRA
1208 639 1459 707 ORIGENEM

485 738 566 817 (Hoc
581 737 721 801 edictvm
734 738 854 802 videsis
869 738 993 803 Petrei.
1011 745 1089 802 tom.
1102 739 1221 817 LXIX,
1237 740 1297 803 col.
1316 743 1400 823 177.)

311 897 532 964 JUSTlNlel
549 864 736 965 'EnicTUM
766 899 923 966 CONTRA
953 900 1198 966 THEODORUM
1229 901 1561 969 MOPSUESTENUM.

488 999 570 1080 (Hoc
585 999 728 1062 edictvm
741 998 860 1062 videsis
874 999 999 1065 Patrol.
1017 1007 1093 1063 tom.
1111 1000 1230 1078 LXIX,
1244 1000 1302 1063 col.
1317 1002 1402 1083 273.)

102 1138 1775 1154 mm

418 1203 1471 1603 ulloruuiluuuu.

703 1705 885 1771 eirenen
916 1706 1182 1793 rureaaroms

256 1826 505 1922 EDICTUM
542 1824 768 1921 CONTRA
803 1824 1233 1921 ORDINATIONES
1267 1823 1629 1921 SlMONlACAS.

502 1959 584 2038 (Hoc
596 1957 738 2020 edictvm
754 1956 875 2019 videsis
891 1957 1016 2021 Potrot
1034 1965 1110 2019 tom.
1125 1956 1213 2035 LVI,
1226 1957 1285 2020 col.
1300 1955 1385 2036 896.)

496 2359 1391 2589 ΤΗΕΟΒΟΒΙΟΗὸ,

638 2630 785 2738 REX
830 2628 1254 2741 GOTHORUM.

492 2859 847 2951 THEODORICI,
887 2859 1188 2933 GOTHORUM
1228 2858 1404 2946 REGIS,

728 2984 1169 3172 leClelti,

235 3200 401 3287 Missa
436 3201 546 3286 PER
580 3201 893 3288 GERMANUM
929 3203 998 3287 ΕΤ
1033 3199 1299 3288 CAROSUM
1334 3195 1665 3285 EPISCOPOS.

141 3399 272 3457 Dominis
292 3397 395 3453 sanetis
415 3401 444 3452 et
462 3397 673 3453 venerabilibus
692 3398 829 3470 patribus.
849 3399 1084 3484 Lau-Amorum
1107 3396 1271 3465 convenire,
1296 3397 1344 3469 qui
1368 3396 1477 3452 dudum
1497 3397 1594 3452 inerat
1613 3399 1791 3452 convocatos.

108 3495 212 3560 rentio,
229 3492 402 3560 Marcellino,
415 3494 444 3545 et
456 3492 553 3559 Petro,
570 3495 599 3547 et
612 3492 721 3547 eunctis
733 3491 873 3564 episcopis
892 3492 921 3546 in
972 3493 1047 3563 Ergo
1069 3491 1226 3563 ingravatis
1249 3491 1429 3546 sanctitatem
1454 3493 1581 3545 vestram
1614 3489 1792 3563 reliquorum

108 3589 183 3644 Urbe
194 3584 396 3650 residentibus,
412 3584 604 3640 Theodericus
616 3601 672 3640 rex.
973 3585 1155 3657 praeentiam
1166 3584 1445 3657 eonvenitopperiri,
1453 3588 1486 3639 ut
1495 3598 1663 3656 compresso
1672 3585 1793 3639 tumultu

141 3683 197 3737 vos
212 3680 329 3753 quidem
345 3695 405 3733 rem
424 3677 531 3733 lecistis
545 3679 691 3750 proposito
706 3681 922 3750 congruentem,
974 3684 1003 3734 et
1018 3678 1191 3733 dissensione
1208 3678 1352 3746 submota,
1376 3695 1440 3749 quae
1460 3678 1496 3733 ab
1515 3677 1652 3734 omnibus
1667 3680 1731 3733 orta
1744 3681 1792 3744 est,

109 3792 161 3831 nos
174 3775 268 3846 potius
280 3772 314 3827 de
324 3772 418 3827 reditu
428 3776 523 3826 vestro
534 3771 659 3826 secundo
670 3773 828 3837 consulere,
836 3788 923 3842 quam
974 3772 1009 3827 ab
1020 3772 1152 3827 omnibus
1164 3788 1247 3827 causa
1260 3775 1423 3844 peragatur.
1435 3772 1507 3827 Nam
1514 3772 1699 3840 Ravennam,
1710 3788 1793 3844 quem

108 3869 250 3923 indictum
266 3865 417 3920 concilium
431 3865 531 3920 alienae
546 3865 688 3921 facilitatis
698 3865 859 3921 imitatione
874 3866 923 3921 de·
974 3865 1130 3921 admodum
1141 3866 1273 3938 speratis,
1284 3865 1515 3937 nonputavimus
1528 3865 1729 3921 revocandum
1739 3881 1794 3920 esse

111 3976 221 4027 serere3
234 3975 270 4013 ne
283 3957 492 4012 discedentibus
504 3957 642 4012 universis
655 3959 706 4014 sub
716 3959 868 4014 manifesta
879 3958 925 4013 de·
975 3959 1139 4027 concilium,
1156 3959 1225 4014 dum
1244 3959 1366 4014 aliorum
1384 3958 1492 4026 labore,
1508 3959 1630 4014 aliorum
1649 3976 1795 4033 permose

110 4053 179 4111 s‘erti
191 4051 376 4124 dispositione
389 4050 490 4121 judicii
506 4051 596 4121 major
611 4052 711 4106 urbem
729 4052 839 4123 regiam
855 4051 926 4107 sedi·
975 4069 1042 4107 mur
1057 4055 1152 4122 aetate,
1169 4053 1261 4124 parati
1277 4056 1309 4107 ut
1322 4052 1375 4107 nisi
1398 4052 1525 4107 secundo
1547 4058 1694 4108 conventu
1709 4069 1795 4107 causa

109 4146 323 4205 tiosismotibus
336 4145 420 4200 turba
432 4148 606 4199 concuteret.
622 4144 679 4199 Sed
691 4161 750 4200 uon
766 4145 927 4216 optavimus
975 4146 1064 4201 ilnem
1077 4145 1219 4216 judicium
1233 4145 1369 4218 synodale
1381 4145 1602 4218 posuerit-juxta
1623 4146 1795 4202 desiderium

110 4242 294 4309 commisisse,
309 4243 414 4295 sancta
421 4238 654 4311 congregationis
665 4238 803 4293 examinis
814 4239 865 4294 snb
873 4240 926 4295 heo
975 4242 1112 4307 restrum,
1123 4256 1180 4311 qno
1197 4256 1247 4294 nos
1259 4239 1375 4310 poscitis
1387 4256 1447 4295 esse
1456 4242 1626 4311 praesentes,
1639 4240 1796 4312 occupatio

110 4332 928 4409 protrahidilationenegotium,necuniversitatisanimos
977 4331 1061 4388 nibus
1080 4332 1183 4388 nostris
1204 4333 1302 4389 Roma
1327 4333 1431 4405 quietis
1443 4333 1534 4388 amori
1550 4334 1731 4405 postpositis,
1747 4349 1796 4388 nos

112 4431 226 4497 gravius
248 4426 414 4500 prejudicio
434 4426 562 4497 pendere
592 4442 754 4497 suspensos.
781 4426 852 4490 Ouia
874 4443 927 4482 nec
976 4425 1072 4497 potius
1086 4426 1208 4481 Romam
1225 4427 1284 4481 Deo
1295 4429 1411 4481 anctore
1425 4425 1586 4494 veniamus,
1604 4429 1639 4480 ut
1650 4426 1795 4499 praesenti·

111 4521 312 4595 tranquillitati
322 4520 402 4575 urhis
414 4519 589 4575 definitionis
598 4536 690 4586 mora,
701 4537 753 4574 nec
763 4519 928 4575 sacerdotali
977 4518 1137 4574 bussaltcm
1148 4518 1230 4575 nobis
1240 4519 1310 4575 citra
1320 4519 1516 4580 confusionem
1529 4519 1796 4591 atquediseordiam

110 4616 257 4692 proposito
271 4612 413 4670 sententia
428 4617 522 4684 potest
533 4613 685 4668 convenire
701 4612 857 4669 discordiae.
869 4614 927 4670 Mo·
979 4612 1137 4667 secnndum
1147 4612 1197 4668 Dei
1208 4612 1359 4684 timorem,
1373 4618 1454 4669 tanta
1466 4629 1553 4669 causa
1567 4614 1732 4670 terminum
1746 4631 1798 4668 sor·

113 4714 184 4767 lesta
197 4708 285 4781 igitur
297 4710 411 4778 accepta
425 4705 602 4773 contusione,
617 4722 681 4778 quae
696 4709 764 4761 nata
781 4711 833 4771 est,
845 4711 926 4763 caete·
979 4705 1075 4761 tiatur.
1092 4707 1128 4762 Ut
1140 4723 1199 4761 non
1213 4706 1320 4762 diutius
1334 4709 1413 4763 urbis
1423 4707 1503 4779 regia
1514 4706 1672 4763 turbarum
1689 4711 1797 4780 tempe·

111 4820 269 4875 rerumque
291 4801 425 4865 discessu,
448 4799 496 4872 qui
518 4803 637 4870 propter
662 4800 776 4855 turbam
793 4816 856 4872 qnae
879 4781 965 4855 autB
978 4801 1050 4854 state
1064 4799 1207 4870 fatigetur,
1224 4800 1273 4855 sed
1288 4801 1370 4856 vestri
1384 4802 1518 4874 aequitate
1529 4800 1632 4873 judieii
1647 4801 1751 4857 redeat
1765 4802 1797 4857 ad

112 4896 317 4953 ausuautvitio
329 4894 492 4965 aliquorum
503 4892 634 4963 contigit,
650 4893 754 4948 iterata
767 4910 831 4965 qum
841 4910 931 4965 coepe·
981 4893 1120 4964 quietem.
1143 4894 1182 4948 Ne
1202 4910 1284 4949 mora
1303 4895 1383 4950 vobis
1401 4895 1531 4950 videatur
1550 4911 1686 4963 onerosa,
1702 4897 1747 4951 ias
1761 4899 1800 4950 est

112 4990 327 5060 rnntreliquere
335 4986 444 5059 judicia
451 4986 511 5059 (qni
521 4985 660 5053 tamemsi
674 4986 743 5058 quid
754 4986 868 5053 dixerit,
877 5003 928 5058 po·
980 4990 1081 5041 vestra
1107 4986 1249 5042 aestimare
1270 4989 1468 5060 providentia,
1485 4987 1507 5043 si
1523 4988 1678 5044 commodo
1693 4988 1742 5055 sit,
1756 4993 1801 5044 ant

113 5084 171 5138 tius
184 5083 355 5152 cogitassent
364 5081 493 5153 exemplo
504 5083 597 5135 vestro
606 5080 635 5135 in
646 5080 715 5135 urbe
728 5080 863 5147 residere,
881 5097 929 5135 ex·
980 5080 1032 5135 snb
1043 5083 1207 5136 nostrorum
1218 5085 1382 5153 temporum
1391 5081 1594 5155 tranquillitate
1603 5082 1799 5143 tolerandum,

112 5177 271 5250 spectantes
278 5174 577 5246 dabisquaeillicfacta
585 5174 731 5229 denostrae
741 5173 930 5245 providentiae
981 5173 1128 5229 solitumve
1141 5173 1171 5228 in
1184 5175 1279 5246 aliqua
1297 5175 1463 5232 delinitione
1478 5174 1600 5231 concilio
1620 5175 1674 5230 sub
1693 5175 1799 5231 incerto

114 5267 295 5326 ordinatione
315 5268 494 5338 remedium),
516 5284 580 5321 oum
603 5267 632 5321 in
649 5267 794 5323 multasse
809 5266 866 5320 sias
881 5283 929 5322 eo·
981 5266 1134 5322 Ecclesiam
1147 5267 1199 5322 suh
1212 5268 1266 5323 hoc
1280 5269 1437 5324 certamine
1452 5271 1614 5324 Romanam
1632 5269 1757 5341 perdere
1768 5270 1800 5324 ci·

114 5363 215 5437 gitatio
226 5364 325 5416 nostra
339 5359 514 5430 disperserit,
526 5361 563 5416 ad
576 5362 652 5416 hunc
666 5377 695 5415 se
712 5361 932 5415 tramitcmcon-
972 5359 1106 5415 uitatem.
1127 5360 1194 5416 Alio
1217 5377 1310 5417 vienn.
1339 5363 1424 5417 Orate
1443 5379 1497 5436 pro
1518 5361 1611 5432 nobis,
1633 5362 1749 5418 domini
1769 5380 1797 5417 ac

114 5457 167 5512 silii
178 5472 247 5511 cura
262 5451 411 5519 convertit,
423 5456 454 5506 nt
466 5469 579 5508 rursum
595 5455 628 5509 ad
643 5453 785 5509 Kalendas
798 5454 929 5525 Septem·
980 5453 1157 5508 venerabiles
1176 5458 1281 5526 patres.
1306 5456 1409 5511 Datum
1432 5456 1483 5511 sub
1499 5456 1544 5512 die
1559 5472 1587 5512 v1
1603 5455 1671 5512 ldns
1684 5456 1799 5529 Augusti

113 5549 170 5605 bris
185 5549 274 5613 diem,
295 5544 428 5602 eumdem
456 5547 650 5602 censuerimus
673 5545 854 5602 sacerdotnm
876 5563 929 5602 nu·
980 5547 1053 5602 Rufo
1067 5563 1181 5619 magno,
1197 5549 1448 5605 FaustoAvienov.
1462 5550 1798 5622 ccoslmnoctceor.)

147 5673 218 5728 'llae
232 5670 440 5744 praeceptiones
455 5669 540 5742 regia
555 5671 728 5726 antecedunt
746 5672 887 5754 synodum
904 5688 930 5726 rv
980 5671 1071 5742 sima,
1087 5673 1255 5729 emendatas
1270 5675 1307 5730 ad
1321 5675 1523 5733 collectionem
1535 5692 1590 5732 ms.
1607 5675 1762 5732 Canonom
1772 5676 1798 5730 in

114 5738 282 5811 palmarem.
292 5744 355 5811 Eas,
367 5759 431 5798 cnm
442 5741 521 5813 prins
531 5743 642 5797 mendis
654 5746 747 5797 essent
756 5741 926 5814 mquinatis-
979 5743 1049 5799 Bibl.
1066 5745 1152 5800 Paris.
1168 5762 1222 5801 soc.
1238 5748 1305 5802 Jesu
1318 5746 1422 5803 damus
1436 5764 1469 5803 ex
1480 5746 1637 5804 Harduino.
