3884 6150
170 278 220 337 tta-l
493 265 798 334 Sittttlllt'ntltulu'll
816 269 1038 335 ulttlt'ttt‘lt
1060 307 1093 319 -
1113 273 1295 335 lauricius
1314 262 1545 337 Dtlllh't'ICthS.
1806 270 1856 342 lui

168 384 373 450 conlaudantes
389 390 593 450 demonstrent.
609 390 663 448 Sed
686 396 782 447 nostra
802 388 912 450 exilitas
930 395 989 447 ter·
1001 400 1031 477 A
1041 399 1072 453 ut
1081 393 1131 468 quii
1145 399 1210 451 ante
1223 394 1254 450 in
1265 395 1375 451 deserta
1383 398 1412 451 et
1421 395 1499 451 arida
1512 391 1664 453 solitudine
1677 392 1855 469 tenebamur,

168 488 272 560 rigeno
285 488 401 560 pulvere
410 487 607 560 circumsepta,
619 486 761 559 quomodo
772 486 877 557 poterit
886 486 920 542 de
933 485 990 542 tuis
1040 491 1106 547 vitae
1116 490 1254 562 patefacto
1265 490 1381 545 salutari
1391 491 1503 561 spiritu,
1515 488 1675 564 rigaremur
1682 492 1766 548 misso
1775 493 1857 552 rrubis

117 606 128 628 ο
169 581 360 639 ineffabilibus
374 581 506 654 operibus
515 581 608 637 saltim
622 581 802 654 paucissima,
817 585 883 648 eto,
898 585 929 636 ut
942 596 988 636 su·
1040 587 1103 641 iesu
1116 585 1228 640 Christo
1238 584 1307 639 Filio
1322 589 1372 640 tuo
1384 585 1505 640 Domino
1516 588 1583 655 Deo,
1594 588 1671 659 Rege
1681 591 1709 643 et
1718 589 1859 646 Salvatore

166 693 232 749 pra,
247 693 312 750 pag.
326 679 378 733 378
394 676 459 748 (naj.
474 677 540 732 edit.
552 677 602 730 cot.
616 679 667 730 559
677 690 772 731 amaus
791 675 929 746 medium).
1040 682 1145 747 nostro,
1159 678 1280 750 quiinse
1290 678 1392 734 delicta
1405 684 1500 735 nostra
1511 681 1710 753 suscipiens,et
1722 681 1858 756 quicquid

413 785 542 827 maronis
566 785 745 826 corrrnmms.
1041 774 1127 829 homo
1140 777 1224 829 antea
1237 778 1411 846 peccaverat,
1425 775 1562 847 sanguine
1576 791 1627 830 suo
1639 775 1768 845 abluens,
1782 776 1858 832 nati-

319 851 434 915 Elistffl
449 851 521 901 pinli
536 851 646 914 ⁸D⁰³²⁰¹i
663 850 695 899 Μ
712 852 849 900 R⁰m³⁰⁰⁸·
1041 868 1157 924 vitatem
1175 884 1278 923 novam
1300 868 1478 924 credentibus
1490 872 1519 925 et
1536 869 1571 924 ad
1589 886 1617 925 se
1631 869 1859 943 confugientibus

208 923 329 992 Fratre&
344 939 414 1029 P⁰ii⁰
431 940 478 978 V⁰⁸
495 928 527 980 ut
540 922 692 1027 ⁰b⁵⁰rvetffs
710 939 757 977 ⁰⁰⁵
772 921 822 994 qni
841 921 991 1028 dissenffi‘f'
1041 962 1193 1034 patefecit:
1208 963 1238 1018 in
1251 963 1331 1034 cujus
1343 962 1479 1018 ineffabili
1493 963 1581 1035 gratia
1595 963 1757 1035 gloriantes,
1776 981 1856 1037 qua·

173 1034 224 1072 nes
237 1022 266 1074 et
277 1016 456 1085 offendicula,
471 1022 575 1089 prater
589 1017 746 1071 doctrinam
761 1033 847 1088 quam
860 1033 907 1071 vos
917 1017 991 1072 didi·
1042 1073 1150 1128 sumus,
1167 1057 1292 1125 Domine,
1303 1060 1337 1112 u,
1347 1061 1451 1112 ,muas
1465 1057 1495 1112 ,n
1506 1058 1551 1112 „a
1563 1061 1648 1125 rem,
1662 1074 1732 1131 quo,
1746 1059 1858 1117 firmas.

171 1111 259 1180 cistis,
274 1112 392 1181 faciunt,
407 1116 436 1168 ct
448 1111 585 1168 declinate
598 1111 633 1166 ab
651 1110 715 1166 illis.
732 1111 898 1182 Hujusmodi
915 1110 992 1166 enim
1042 1151 1128 1224 fiper
1143 1152 1263 1224 gratiam
1274 1168 1326 1224 per
1343 1151 1487 1208 Christum
1500 1152 1652 1208 Dominum
1664 1156 1793 1209 nostrum

173 1206 285 1264 Christo
298 1205 416 1261 Domino
429 1210 526 1260 nostro
541 1222 599 1260 non
612 1203 748 1274 serviunt,
765 1205 812 1260 sed
826 1220 877 1260 suo
891 1203 991 1275 ventri,
1797 1196 1803 1210 ·

173 1303 201 1356 et
226 1317 278 1372 per
298 1299 393 1355 dulces
419 1315 563 1354 sermones
577 1303 606 1354 et
621 1298 831 1354 benedictiones
856 1298 994 1354 seducunt
1245 1262 1537 1388 Epigopafflgpoffl
1546 1325 1655 1375 mm„

174 1394 259 1450 corda
271 1393 476 1449 innocentium.
491 1394 589 1448 Vestra
602 1392 679 1448 enim
698 1392 859 1448 obedientia
873 1392 902 1446 in
916 1392 995 1447 omni
1080 1397 1198 1464 Fratres,
1212 1413 1311 1451 omnes
1322 1413 1374 1451 nos
1385 1396 1558 1452 manifestari
1571 1400 1683 1469 oportet
1697 1402 1761 1453 ante
1773 1399 1862 1454 tribu·

175 1489 235 1545 loco
249 1488 393 1559 divulgata
406 1490 456 1542 est.
473 1487 585 1543 Gaudeo
605 1487 694 1558 igitur
712 1486 740 1542 in
760 1486 848 1557 vobis,
870 1487 918 1540 sed
933 1486 994 1542 volo
1043 1489 1090 1545 nal
1101 1489 1213 1559 Christi,
1230 1494 1261 1545 nt
1273 1490 1377 1545 referat
1391 1490 1586 1562 unusquisque
1599 1491 1715 1563 propria
1737 1492 1861 1564 corporis

175 1599 222 1637 vos
235 1581 376 1653 sapientes
386 1597 445 1636 esse
456 1581 485 1635 in
498 1580 582 1649 bono,
592 1585 620 1635 ct
633 1580 772 1652 simplices
784 1581 815 1635 in
830 1579 995 1635 malo.Deus
1044 1583 1086 1637 sui
1097 1589 1181 1654 prout
1194 1583 1289 1654 gessit,
1304 1584 1361 1638 siva
1374 1585 1491 1650 bonum,
1504 1584 1561 1640 sive
1577 1585 1695 1639 malum.
1710 1585 1859 1649 Quaecum-

177 1680 273 1730 autem
284 1675 360 1746 pacis
375 1677 501 1728 conteret
513 1674 697 1730 Satanansub
712 1673 830 1745 pedibus
839 1672 937 1728 vestris
951 1687 995 1726 ve-
1044 1692 1099 1747 que
1109 1676 1185 1730 enim
1198 1677 1379 1732 seminaverit
1392 1678 1489 1748 homo,
1502 1678 1561 1733 haec
1574 1683 1714 1734 etmatet:
1727 1679 1863 1751 qnoniam

177 1767 284 1826 lociter.
298 1767 390 1823 Gratia
405 1767 517 1822 Domini
536 1767 624 1822 nostri
644 1769 708 1822 lesu
725 1767 829 1822 Christi
841 1765 994 1821 vobiscum.
1006 1779 1035 1852 B
1046 1770 1096 1841 qui
1108 1770 1228 1825 seminat
1242 1771 1272 1824 in
1284 1787 1378 1831 carne,
1394 1771 1429 1826 de
1448 1787 1532 1825 carne
1554 1775 1581 1826 et
1601 1775 1689 1827 metet
1703 1773 1862 1844 corruptio·

199 1927 206 1939 ι
290 1862 378 1912 Lectio
393 1861 476 1912 sancti
491 1860 625 1925 Evangelii
638 1860 782 1912 seeundum
796 1863 899 1910 Lucam·
1047 1880 1133 1933 ncm;
1149 1864 1199 1935 qui
1211 1867 1307 1919 autem
1321 1864 1481 1920 seminatio
1496 1864 1607 1936 spiritu,
1621 1865 1656 1920 de
1666 1865 1766 1936 spiritu
1777 1870 1865 1924 metet
1886 1862 1896 1875 “

210 1947 243 1999 ¹¹1
257 1944 305 1999 fl¹⁰
322 1949 460 2015 lemtim,
476 1942 584 1997 saffllm
609 1946 650 1996 09*
670 1958 726 1996 ΠΜ
748 1942 860 1996 dierum
883 1941 998 1997 sedehat
1046 1958 1132 2013 vitam
1146 1961 1292 2013 aeternam.
1305 1959 1415 2012 Donum
1427 1961 1523 2013 autem
1535 1958 1865 2028 iacientes,nondes1cia·

175 2040 254 2095 Jesus
278 2038 390 2104 docens,
417 2041 445 2091 et
468 2040 551 2091 erant
571 2035 705 2090 Pharisaei
724 2035 861 2102 sedentes,
886 2038 914 2089 et
926 2034 997 2107 legis
1046 2069 1121 2108 mu„
1133 2051 1288 2123 grg0dum
1300 2052 1864 2124 tempushahemu3‚0pemmurh0naag

174 2133 304 2188 doctores
317 2131 367 2203 qui
380 2133 515 2186 venerant
528 2146 563 2184 ex
574 2129 651 2185 omni
662 2129 774 2183 castello
785 2128 896 2184 Calileae
907 2133 935 2184 et
947 2130 995 2184 Ju-
1047 2162 1145 2202 omne,
1158 2144 1297 2216 homines,
1313 2145 1434 2201 maxime
1447 2150 1542 2202 autem
1553 2147 1589 2202 ad
1601 2146 1768 2204 domestico,
1785 2146 1864 2217 fidei¹

174 2227 218 2283 dae
230 2230 259 2282 et
271 2225 439 2290 Jerusalem,
454 2229 482 2280 et
496 2224 584 2280 virtus
598 2227 658 2278 erat
671 2223 783 2278 Domini
795 2222 830 2278 ad
841 2222 997 2277 sanandum
1047 2241 1076 2295 jn
1086 2240 1207 2295 Chrism,

172 2338 233 2378 eos.
247 2321 283 2377 Et
305 2335 369 2375 ecce
390 2318 442 2374 viri
465 2322 610 2390 portantes
631 2315 777 2371 hominem
796 2316 826 2371 in
842 2316 923 2382 lacto,
948 2316 996 2388 qui
1131 2333 1218 2383 Lectio
1230 2332 1615 2396 saneiigvangelfimundum
1626 2333 1783 2385 Matthaeum,

174 2419 239 2471 erat
250 2412 429 2485 paralyticus,
444 2416 472 2467 et
486 2411 651 2483 qrraerebaut
663 2426 729 2464 eum
744 2409 858 2479 inferre,
873 2414 998 2480 et'pone·
1083 2414 1186 2470 Diebus
1192 2414 1246 2470 illis
1255 2415 1441 2487 interrogavit
1447 2414 1598 2470 Dominum
1604 2414 1699 2470 lesum
1707 2432 1782 2471 unus
1791 2415 1865 2472 Pha·

172 2525 205 2567 re
221 2511 290 2562 antc
301 2523 377 2561 eum.
392 2507 425 2562 Et
437 2522 496 2561 non
508 2504 684 2560 invenientes
697 2520 753 2576 qua
767 2508 846 2575 parte
860 2502 941 2558 illum
952 2503 996 2559 in:
1047 2509 1146 2564 nisaeus
1155 2509 1227 2580 legis
1239 2509 1338 2565 doctor
1351 2513 1463 2564 tentans
1475 2525 1560 2564 eum:
1575 2509 1717 2579 Magister,
1735 2510 1813 2581 quod
1822 2512 1866 2566 est

170 2603 286 2659 terrent
300 2617 357 2673 prae
370 2598 463 2669 turba,
478 2599 666 2654 ascenderunt
678 2614 762 2669 supra
775 2600 882 2653 tectum
893 2614 944 2669 per
959 2601 998 2653 te-
1047 2598 1213 2653 mandatum
1227 2614 1364 2669 magnum
1380 2597 1410 2652 in
1422 2598 1509 2669 leget
1522 2597 1568 2652 hit
1587 2597 1628 2652 illi
1645 2599 1724 2652 lesus
1741 2615 1747 2653 :
1763 2598 1866 2670 Diliges

171 2697 257 2770 gulas
267 2699 296 2750 et
305 2693 496 2749 submiserunt
505 2692 625 2747 illumin
636 2690 801 2747 medioante
810 2692 915 2746 lesum.
927 2691 998 2755 Duo
1048 2691 1201 2746 Dominum
1216 2692 1305 2746 Deum
1319 2696 1402 2746 tuum
1416 2691 1446 2745 in
1461 2691 1617 2746 totocorde
1631 2695 1690 2761 tuo,
1711 2694 1739 2746 et
1757 2691 1787 2746 in
1806 2695 1866 2747 tota

170 2805 242 2846 rum
260 2788 346 2844 tidem
369 2791 402 2842 ut
424 2786 502 2855 vidit,
517 2785 589 2841 dirit
605 2803 612 2840 τ
628 2786 726 2852 Homo,
741 2783 928 2840 remittuntur
947 2782 999 2839 tibi
1047 2784 1143 2840 anima
1155 2789 1213 2854 tua,
1229 2788 1257 2840 et
1270 2785 1300 2838 in
1313 2788 1371 2840 tota
1383 2788 1550 2840 mentetua.
1570 2785 1626 2838 lloc
1646 2787 1689 2840 ast
1706 2785 1866 2841 maximum

170 2886 292 2956 peccata
304 2884 362 2937 tna.
376 2883 410 2936 Et
424 2883 569 2952 coeperunt
589 2879 715 2951 cogitare
732 2877 837 2934 Scriba
854 2883 882 2933 et
903 2877 999 2933 Phari·
1048 2883 1077 2934 et
1089 2878 1215 2950 primum
1235 2878 1412 2933 mandatum.
1431 2877 1593 2933 Secundum
1612 2882 1708 2933 autem
1721 2877 1812 2934 simile
1824 2883 1867 2935 est

170 2977 236 3046 saei,
251 2976 377 3032 dicentes
393 2992 400 3029 ε
414 2975 481 3040 Quis
495 2976 537 3028 est
547 2973 615 3029 hiet
630 2973 697 3044 quid
711 2971 838 3044 loquitur
847 2972 861 3027 t
870 2971 1000 3043 blasphe·
1048 2971 1115 3027 huic
1131 2990 1138 3026 ι
1153 2971 1257 3043 Diliges
1269 2972 1433 3043 proximum
1443 2975 1525 3027 tuum
1538 2971 1609 3026 sicut
1622 2976 1649 3026 te
1661 2971 1764 3044 ipsum.
1777 2974 1809 3027 ln
1821 2972 1866 3028 his

172 3075 269 3128 mat⁸.
287 3070 353 3134 Quis
365 3072 457 3141 potest
468 3068 611 3123 dimittere
622 3070 745 3137 peccata,
756 3065 811 3120 nisi
821 3064 896 3120 solus
907 3066 999 3120 Densi
1049 3066 1159 3121 duobus
1175 3064 1317 3120 mandatis
1336 3066 1469 3120 universa
1488 3065 1534 3120 lex
1546 3065 1651 3137 pendet
1668 3070 1695 3121 et
1708 3066 1865 3138 prophetae.

173 3163 316 3237 Cognovit
328 3166 424 3218 autem
437 3164 514 3218 iesus
528 3160 711 3233 cogitationes
722 3176 831 3226 eorum,
847 3162 875 3215 et
885 3157 1037 3232 respon-C
1049 3160 1233 3232 Congregatis
1245 3162 1340 3214 autem
1355 3159 1512 3226 Pharisaeis,
1526 3159 1713 3231 interrogavit
1726 3176 1773 3215 eos
1785 3162 1864 3217 iesus

175 3255 248 3310 dens
266 3252 337 3308 dinit
361 3252 395 3307 ad
410 3250 495 3305 illos:
511 3249 584 3314 Ouid
605 3248 735 3321 cogitatis
749 3248 778 3302 in
792 3247 922 3303 cordibus
937 3264 998 3303 ves·
1048 3253 1144 3309 dicens
1167 3270 1173 3308 :
1197 3253 1268 3317 Ouid
1283 3252 1361 3307 vobis
1374 3253 1486 3307 videtur
1499 3253 1533 3308 de
1547 3247 1685 3320 [Christot
1699 3253 1779 3322 cujus
1792 3252 1868 3309 filius

175 3345 488 3420 tristquidestiacilius
498 3343 591 3398 dicere
601 3341 804 3397 :Dimittuntur
814 3341 865 3396 tibi
875 3346 998 3413 peccata,
1049 3348 1112 3402 estt
1124 3347 1225 3401 Dicunt
1238 3346 1273 3415 ei,
1288 3346 1385 3400 David.
1404 3346 1449 3400 ln
1465 3345 1518 3399 illis
1532 3362 1539 3399 :
1554 3345 1699 3409 Quomodo
1721 3361 1788 3416 ergo
1810 3346 1866 3400 Da-

177 3459 214 3498 an
230 3440 334 3509 dicere,
346 3440 435 3510 Surge
447 3437 592 3493 etambula
602 3437 616 3491 ‘l
627 3440 658 3491 ut
672 3440 767 3491 antem
781 3435 874 3490 sciatis
886 3435 951 3516 quia
964 3435 998 3489 fi·
1049 3439 1096 3494 vid
1106 3440 1134 3495 in
1145 3439 1246 3510 spiritu
1258 3443 1340 3494 vocat
1349 3455 1415 3494 eum
1429 3438 1591 3506 Dominum,
1605 3437 1702 3492 dicens
1717 3455 1723 3492 :
1735 3438 1810 3492 Dixit
1816 3439 1867 3493 Do·

177 3535 235 3589 lius
245 3532 370 3588 hominis
382 3534 548 3603 potestatem
562 3529 683 3584 habetin
699 3534 774 3584 terra
787 3528 929 3584 dimittere
939 3545 1001 3600 pec·
1050 3532 1146 3586 minus
1158 3532 1278 3586 Domino
1292 3548 1366 3599 meo,
1379 3531 1473 3587 sadea
1488 3529 1593 3586 dextris
1611 3530 1692 3597 meis,
1706 3530 1795 3586 donec
1814 3548 1867 3603 po·

179 3629 250 3693 cata,
262 3623 302 3678 ait
317 3621 471 3694 paralytico
485 3637 492 3675 :
506 3620 567 3677 Tihi
583 3620 644 3676 dico
659 3635 754 3690 surge,
769 3623 797 3674 et
812 3618 877 3674 tolla
896 3618 1001 3675 lectum
1050 3643 1117 3682 nam
1124 3625 1252 3680 inimicos
1260 3630 1322 3680 tuos
1333 3625 1486 3680 scabellum
1495 3624 1602 3697 pedum
1610 3626 1748 3680 tuorum?
1758 3625 1786 3681 Si
1798 3642 1866 3699 ergo

180 3723 273 3785 tuum,
285 3720 313 3772 et
325 3717 394 3771 vade
407 3716 437 3770 in
451 3715 568 3771 domum
581 3719 673 3769 tuam·
683 3714 715 3769 Et
725 3712 870 3768 confestim
882 3729 1001 3785 surgens
1051 3720 1136 3775 David
1148 3724 1228 3775 vocat
1238 3736 1304 3775 eum
1317 3718 1479 3788 Dominum,
1491 3717 1632 3789 quomodo
1645 3717 1720 3773 tilius
1734 3720 1796 3790 eJus
1811 3720 1867 3776 esti

181 3828 277 3868 coram
290 3810 356 3880 ilhs,
377 3809 443 3865 tulit
461 3809 565 3864 lectum
584 3807 614 3863 in
633 3823 691 3879 quo
707 3806 829 3878 jacebat,
844 3811 872 3862 et
885 3806 955 3863 abiit
971 3807 1001 3863 in
1051 3815 1084 3869 Et
1097 3829 1182 3868 nemo
1196 3816 1308 3885 poterat
1317 3812 1486 3884 respondere
1499 3812 1524 3867 ci
1537 3812 1666 3879 verbum,
1677 3828 1769 3884 neque
1783 3828 1869 3870 ausus

182 3906 299 3961 domum
321 3920 401 3959 suam
421 3903 605 3975 magnificans
627 3903 728 3971 Deum,
743 3906 772 3957 et
784 3906 882 3974 stupor
899 3900 1000 3973 adpre·
1050 3907 1105 3962 ruit
1123 3906 1273 3979 quisquam
1292 3923 1327 3961 ex
1340 3907 1387 3962 illa
1399 3905 1443 3961 die
1457 3922 1525 3960 earm
1537 3906 1660 3977 amplius
1680 3905 1866 3979 interrogare.

183 3999 282 4056 hendit
294 4014 403 4067 omnes,
421 4001 448 4053 et
461 3995 682 4069 magnificabant
696 3996 796 4051 Deum.
1284 4018 1346 4057 mnu
1365 4015 1445 4057 mssa
1463 4016 1642 4056 nomnrcnnrs.

361 4112 439 4153 mssa
459 4112 621 4152 cornorum
639 4109 819 4150 oomnraaars.
1085 4091 1269 4164 Omnipotens
1282 4093 1453 4163 sempiterne
1468 4092 1550 4160 Deus,
1565 4090 1610 4144 cui
1624 4093 1747 4161 potestas
1757 4089 1868 4146 estsine

216 4192 356 4261 Placatus,
371 4189 500 4260 Domine,
516 4204 690 4261 quaesumus,
707 4188 841 4264 quicquid
858 4203 1003 4243 meremur
1051 4184 1106 4240 fine
1121 4186 1283 4256 miserandi,
1300 4185 1407 4257 respice
1420 4184 1558 4257 propitius
1568 4184 1603 4237 ad
1617 4182 1787 4237 humilitatis
1800 4198 1866 4237 nos-

184 4291 288 4354 averte,
305 4301 357 4340 nec
372 4284 446 4356 apud
463 4288 490 4339 te
503 4283 604 4339 delicta
617 4286 712 4337 nostra
730 4281 795 4353 plus
814 4281 934 4350 valeant,
953 4280 1002 4336 sed
1052 4283 1102 4333 tra
1116 4279 1270 4351 supplicem
1281 4279 1454 4347 servitutem,
1471 4293 1558 4349 quam
1572 4280 1637 4330 ante
1650 4279 1679 4330 te
1691 4292 1744 4346 per
1753 4291 1867 4346 precem

183 4379 375 4437 misericordia
387 4382 435 4433 tua
453 4394 566 4450 semper
583 4393 634 4431 nos
651 4381 811 4447 peccatores
828 4373 1000 4446 preveniat3
1052 4372 1206 4443 subjectam
1229 4372 1434 4444 praetendimus
1457 4376 1484 4425 et
1504 4373 1608 4442 praesta
1623 4373 1655 4423 ut
1675 4368 1726 4424 tibi
1744 4367 1869 4423 subditas

183 4479 211 4530 et
223 4489 277 4547 per
290 4487 403 4544 precem
417 4471 572 4544 supplicem
591 4471 631 4524 ita
647 4485 699 4524 nos
713 4469 832 4541 dignare
851 4466 1000 4539 respicere,
1052 4470 1162 4520 mentes
1175 4469 1345 4537 perpetuum
1357 4463 1529 4520 defensionis
1540 4468 1633 4519 servet
1643 4461 1791 4519 auxilium.

183 4573 211 4624 et
221 4585 238 4623 a
249 4565 358 4623 cunctis
367 4564 567 4638 iniquitatibus
580 4563 684 4619 nostris
697 4563 829 4619 emunda.
1011 4540 1041 4613 Ῑ)
1402 4559 1516 4607 secreta.

520 4654 626 4703 Secreta
639 4652 662 4701 o.
1087 4631 1179 4686 Deusc
1194 4630 1225 4686 in
1234 4635 1262 4686 te
1275 4630 1450 4702 sperantium
1461 4628 1607 4699 fortitudo,
1622 4630 1718 4686 adesto
1727 4629 1869 4702 propicius

215 4730 322 4784 Praesta
339 4725 445 4798 populo
464 4731 525 4794 tuo,
542 4725 671 4795 Domine,
686 4739 859 4796 quaesumus,
875 4721 1001 4778 consola·
1052 4725 1276 4781 invocationibus
1294 4725 1407 4795 nostris;
1423 4729 1452 4782 et
1470 4723 1538 4797 quia
1558 4724 1618 4780 sine
1637 4729 1666 4780 ta
1688 4724 1760 4780 nihil
1777 4727 1876 4796 potest·

183 4821 266 4877 honis
288 4821 437 4887 auxilinm,
461 4820 496 4875 da
509 4819 622 4874 veniam
643 4818 764 4890 peccatis
784 4817 897 4886 nostris,
917 4821 946 4872 et
966 4815 1001 4871 uh
1052 4819 1180 4876 mortalis
1194 4819 1355 4888 infirmitas,
1368 4824 1470 4892 praesta
1486 4817 1626 4874 auxihum
1640 4817 1737 4889 gratiae
1758 4821 1824 4886 tua,
1837 4819 1871 4872 ut

185 4914 264 4972 omui
277 4931 328 4970 nos
338 4914 487 4986 iniquitate
502 4912 620 4979 custodi,
635 4917 663 4967 et
677 4911 744 4984 quia
756 4912 882 4973 humana
893 4909 1000 4982 tragili-
1053 4906 1083 4969 in
1096 4914 1247 4984 sequendis
1256 4914 1396 4969 mandatis
1409 4913 1475 4982 tuis,
1490 4916 1519 4968 et
1531 4911 1676 4966 voluntate
1685 4910 1737 4966 tibi
1747 4914 1775 4967 et
1787 4910 1871 4967 actio·

185 5014 225 5064 las
239 5008 444 5065 incessabiliter
453 5012 580 5064 meretur
593 5004 709 5074 offensa,
723 5005 841 5062 celerius
851 5005 881 5060 iu
891 5009 940 5060 tna
952 5002 1003 5059 mi·
1054 5022 1089 5063 ne
1102 5008 1272 5079 placeamus.

187 5102 338 5159 sericordia
352 5103 535 5175 gaudeamus.
1193 5158 1198 5169 Ι
1357 5157 1362 5169 ·
1601 5154 1607 5168 ·

502 5188 670 5240 emmingo,
1089 5160 1159 5214 Vere
1172 5158 1292 5231 dignum
1309 5161 1337 5212 et
1351 5161 1462 5228 Justum
1480 5160 1521 5212 est
1531 5159 1709 5229 omnipotens
1723 5157 1805 5227 Deus,
1820 5173 1872 5230 per

217 5266 287 5319 Vere
299 5263 420 5335 dignum
439 5266 467 5318 et
481 5261 591 5333 justum
612 5262 655 5317 est
672 5260 850 5332 omnipotens
871 5258 954 5327 Deus,
974 5259 1003 5312 tc
1053 5269 1140 5326 quaem
1152 5254 1258 5326 Moyses
1269 5251 1392 5306 famulus
1404 5252 1616 5323 tunspopulum
1629 5268 1712 5307 suum
1729 5251 1828 5307 eduxit
1840 5251 1870 5306 in

185 5372 296 5430 semper
308 5357 386 5411 cultu
399 5355 542 5411 servitutis
554 5355 688 5410 humanae
701 5354 826 5421 laudare,
841 5352 890 5424 qui
900 5349 1002 5407 divinis
1053 5347 1156 5404 Christi
1168 5345 1345 5418 triumphum
1358 5361 1409 5416 per
1420 5344 1553 5400 baculum
1564 5346 1664 5401 crucis.
1676 5346 1755 5401 Unde
1766 5349 1795 5400 et
1804 5344 1872 5416 hap·

185 5451 349 5507 muneribus
360 5450 427 5521 tuis,
442 5454 470 5506 et
483 5449 644 5505 celestibus
654 5446 796 5503 beneflciis
805 5447 836 5501 in
845 5450 943 5502 nostra
952 5445 1004 5501 bu·
1055 5443 1172 5497 tismum
1192 5440 1253 5511 ejus
1275 5437 1443 5511 significarit
1462 5438 1491 5494 in
1508 5440 1626 5496 mundo.
1642 5441 1707 5496 Inna
1725 5437 1809 5493 Maria
1822 5452 1870 5491 ca-

185 5546 302 5602 nrilitate
314 5545 411 5616 largus
424 5544 458 5600 ad
471 5543 565 5599 lucem
585 5560 636 5598 nos
655 5541 689 5597 de
704 5539 829 5597 tenebris
844 5540 1002 5596 revocasti:
1054 5536 1140 5593 nebat
1160 5534 1190 5590 in
1211 5538 1356 5607 tympano,
1376 5533 1452 5589 unde
1474 5535 1566 5606 passio
1587 5531 1690 5589 Christi
1713 5528 1872 5586 veneranda

1376 5075 1543 5127 Contestatio.

218 5698 300 5755 'Non
309 5698 409 5755 dubito
415 5697 485 5771 quin
492 5698 549 5769 leg.
557 5696 594 5751 sit
600 5700 632 5751 ut
641 5695 671 5750 in
684 5693 803 5765 Vulgata
815 5709 822 5748 :
839 5694 905 5762 Quis
915 5695 1006 5750 esitio
1055 5707 1149 5760 mano,
1163 5695 1196 5746 ut
1208 5706 1241 5746 su
1263 5689 1339 5746 erius
1351 5689 1540 5745 observatum.
1769 5753 1774 5764 .

184 5764 1007 5843 pmloqutturttosptemias.Nihiltamenmutarerisumest
1092 5765 1223 5818 eilaecer
1253 5754 1682 5832 aeramentarioCregorianoad
1697 5755 1872 5816 Dommicam

220 5842 235 5887 b
254 5842 375 5903 Secreta
400 5840 537 5915 ejusmodi
566 5839 791 5896 orationessunt
815 5852 848 5893 ex
867 5835 921 5894 ritu
946 5837 1005 5896 no·
1056 5835 1179 5910 primam
1191 5840 1255 5910 post
1266 5837 1456 5894 Pentecosten.
