3884 6150
186 290 238 346 bib

578 281 744 340 aerenolx
762 281 806 336 AD
824 280 934 337 OPERA
952 277 1072 335 SXNGTl
1092 279 1244 336 cendam
1263 279 1477 337 ramelenus.

1822 283 1873 337 elo

185 398 235 454 tae
245 411 297 454 uos
308 395 339 453 iu
350 391 452 453 bonis:
469 407 573 451 enscuu
584 407 636 448 uos
647 406 664 446 a
676 389 761 462 vitiis,
777 392 806 447 et
818 390 896 463 reple
910 388 1001 447 virtu·
1012 399 1043 474 Α
1053 391 1195 461 sanctum,
1215 387 1363 446 edentibus
1379 387 1469 458 uobis,
1481 386 1568 446 vitam
1585 391 1723 446 eternam
1734 401 1873 461 reguum·

187 491 264 550 tibus
277 491 344 549 tuis.
359 493 422 549 Por.
648 556 654 568 ‚

449 563 510 612 Post
522 570 744 610 communionem.

224 651 332 722 Corpus
346 661 359 690 ⁸
371 650 464 717 tuum,
479 644 605 714 Domine,
620 643 696 717 quod
717 642 886 715 accepimus,
913 645 941 698 et
962 657 1005 697 ca·

187 744 362 800 licemtuum
374 756 461 813 quem
482 738 651 811 potavimus,
672 737 778 793 hmreat
802 737 833 792 iu
853 735 1006 792 visceribus

188 837 306 904 nostris;
320 838 431 907 preste,
446 834 520 888 Deus
533 832 723 904 omnipotens,
737 834 843 886 utnon
859 833 1007 886 remaneat

188 927 306 999 macula,
323 927 371 984 ubi
385 944 457 1000 pura
470 931 498 982 et
517 929 611 982 sancta
622 925 801 981 mtrareruut
815 923 1004 980 Sacramenta.

190 1024 251 1081 per·
445 1087 745 1141 Consummatiomlssac.

223 1178 330 1236 Exaudi
343 1192 440 1251 preces
454 1175 571 1231 familie
587 1179 655 1244 tum,
674 1173 855 1247 omnipotens
877 1174 961 1244 Deus,
979 1176 1008 1228 et

188 1275 291 1345 praesta
303 1276 335 1328 ut
346 1274 442 1326 sancta
456 1269 528 1339 hsce,
541 1284 605 1341 quae
617 1271 646 1324 te
668 1268 802 1348 donante,
823 1266 1006 1339 sumpsimus,

189 1364 351 1437 incorrupta
363 1363 494 1433 innubis,
509 1366 536 1418 te
548 1362 681 1429 donante,
696 1376 850 1417 servemus.
865 1361 927 1415 Per.

352 1484 459 1540 LXXlX.
480 1497 542 1538 rrnrr
563 1498 639 1538 nisse
658 1497 840 1537 uorrrmcscrs.

223 1596 306 1666 Deus,
320 1595 370 1669 qui
381 1611 433 1650 nos
446 1595 571 1667 regendo
585 1609 741 1664 conservas,
760 1592 901 1666 parcendo
921 1593 1007 1665 justi·

187 1690 263 1757 ficas,
280 1692 335 1746 eta
349 1689 499 1760 temporali
511 1687 693 1744 tribulatione
705 1703 756 1743 uos
779 1687 866 1758 eripe,
890 1691 919 1743 et
937 1703 1007 1759 gau·

189 1782 235 1839 dia
247 1781 328 1838 uobis
343 1786 448 1838 aeterua
460 1782 574 1855 largire.
588 1783 650 1837 Per.

532 1885 668 1937 Collectio.

225 1976 298 2030 Deus
319 1974 349 2029 in
377 1978 405 2029 te
432 1972 608 2045 sperantium
629 1972 790 2029 misericors
809 1970 945 2041 eruditor,
974 1971 1008 2027 ab

190 2068 268 2124 omni
279 2085 331 2123 nos
343 2067 483 2122 consortio
496 2067 641 2139 pravitatis
662 2066 784 2136 absolve,
804 2082 856 2121 nec
875 2065 939 2120 ullis
957 2081 1009 2120 nos

190 2159 372 2233 iniquitatum
384 2160 503 2214 vinculis
516 2160 632 2232 patiaris
644 2158 801 2230 adstringi3
821 2162 853 2213 ut
866 2157 942 2213 unde
956 2174 1008 2212 no·

190 2255 235 2310 bis
247 2257 290 2309 est
310 2258 368 2311 tote
391 2254 489 2325 pietas,
507 2254 574 2309 inde
596 2253 632 2309 sit
650 2257 711 2309 tute
736 2252 859 2309 libertas.
880 2252 932 2306 Per
959 2252 1010 2306 Do

193 2347 315 2403 minum.

503 2417 563 2467 Post
577 2415 693 2466 nomine.

226 2501 343 2571 Exaudi,
363 2502 491 2572 Domine,
509 2501 679 2557 offerentum
690 2516 798 2573 preces,
814 2505 877 2555 vcta
889 2501 1007 2573 suscipe,

190 2599 304 2669 peccatu
329 2595 448 2652 dimitte.
475 2595 577 2652 Tribue
601 2599 717 2651 tuorum
737 2594 936 2651 intercessione
949 2611 1010 2650 sau-

191 2691 302 2744 ctorum
315 2688 386 2744 caris
401 2704 514 2762 quoque
534 2688 646 2759 nostris,
660 2687 753 2761 quiin
767 2688 877 2744 Christo
892 2686 1011 2757 dormie-

191 2785 269 2852 runt,
289 2781 472 2856 refrigerium
490 2783 521 2837 iu
544 2782 661 2855 regione
680 2781 820 2837 rivorum.
843 2782 896 2836 Per
917 2780 1010 2836 Domi·

191 2891 273 2930 uum.

523 2944 561 2995 Λᾶ
576 2958 678 3009 pacem.

228 3026 514 3103 2980mnipotens
522 3031 692 3102 sempiterne
700 3027 1008 3101 Deus,largitorpacis,

1053 501 1109 559 que
1122 488 1293 558 perpetuum
1305 483 1452 540 conlatura
1463 482 1636 557 potantibus.
1650 484 1714 540 Per.

1258 587 1324 637 Ante
1335 585 1479 637 orationem
1496 584 1669 636 Dominicam.

1089 675 1152 730 Nou
1170 676 1268 730 nostro
1289 673 1402 742 merito,
1426 672 1604 744 omnipotens
1628 672 1712 742 Deus,
1738 672 1788 728 sed
1809 672 1875 728 iesu

1054 766 1158 822 Christi
1171 767 1234 823 Filii
1247 767 1289 823 tui
1302 767 1465 823 obedientes
1478 769 1631 838 praecepto,
1645 765 1784 822 audemus
1797 765 1874 823 dice·

1055 877 1086 918 re
1101 878 1108 916 ε
1123 863 1214 917 Peter.

1266 931 1326 981 Post
1338 929 1484 981 credonem
1496 928 1665 980 Domiulcam.

1090 1016 1190 1073 Libera
1203 1032 1282 1071 uosa
1300 1017 1382 1071 malis
1395 1015 1583 1089 presentibus
1604 1019 1632 1070 et
1649 1014 1764 1085 futuris,
1786 1015 1880 1071 omni·

1056 1114 1156 1183 potens
1170 1110 1260 1180 Deus3
1282 1110 1460 1166 libercuosa
1479 1109 1622 1182 periculis,
1645 1109 1680 1164 ub
1700 1107 1876 1165 infirmitati·

1056 1204 1120 1273 bus,
1134 1204 1169 1259 ab
1178 1203 1315 1260 scandalis
1330 1223 1339 1274 ;
1359 1208 1388 1260 et
1400 1219 1528 1276 praepara
1541 1219 1594 1258 uos
1606 1203 1642 1258 ad
1662 1218 1747 1259 omne
1766 1203 1877 1259 bonum

1057 1314 1109 1370 per
1121 1298 1230 1354 bonum
1242 1301 1270 1354 et
1281 1297 1461 1354 benedictum
1475 1296 1628 1352 Dominum
1640 1302 1780 1353 nostrum.

1322 1401 1383 1450 Post
1393 1396 1615 1450 communionem.

1092 1484 1219 1540 Divinam
1240 1484 1461 1541 misericordiam
1480 1483 1612 1540 concordi
1633 1483 1760 1540 oratione
1780 1499 1875 1556 posce·

1058 1593 1138 1645 mus,
1171 1582 1204 1634 ut
1229 1578 1292 1634 haec
1316 1578 1457 1635 salutifera
1484 1579 1675 1646 Sacramenta,
1699 1577 1805 1632 uostris
1835 1593 1879 1634 re-

1058 1675 1138 1743 cepta
1165 1671 1325 1740 visceribus,
1370 1672 1521 1745 purificent
1556 1671 1683 1727 animam
1718 1686 1879 1743 corpusque

1020 1762 1244 1842 Bsauctiflccut,
1264 1769 1348 1836 atque
1367 1766 1402 1819 ad
1428 1781 1508 1837 spem
1520 1764 1681 1821 ›caelestium
1702 1763 1810 1820 viscera
1826 1780 1877 1837 pa·

1057 1856 1128 1913 riter
1136 1861 1165 1912 et
1178 1857 1262 1913 corda
1274 1857 1453 1914 confirment.
1464 1859 1528 1914 Per.

1361 1962 1425 2010 ltem
1438 1959 1569 2012 collectio.

1095 2048 1167 2101 Deus
1175 2044 1304 2118 Justitioe,
1322 2046 1396 2101 Deus
1413 2044 1623 2115 misericordiae,
1638 2045 1711 2101 Deus
1729 2043 1877 2100 immorta-

1059 2139 1144 2195 litatis
1156 2142 1185 2195 et
1195 2138 1270 2209 vitre,
1281 2140 1352 2193 Deus
1364 2138 1521 2211 splendoris
1534 2143 1563 2195 et
1573 2137 1683 2210 glorie,
1697 2135 1878 2212 299quae·

1059 2249 1157 2288 sumus
1176 2237 1204 2288 te
1223 2236 1251 2288 et
1271 2248 1395 2300 cramus,
1409 2237 1442 2287 ut
1454 2230 1556 2287 divinis
1569 2231 1735 2288 muneribus
1748 2229 1878 2300 recreati,

1059 2325 1180 2382 inillam
1193 2325 1398 2382 beatitudinem
1412 2341 1582 2382 servemura
1594 2331 1622 2382 te
1634 2325 1696 2395 tibi,
1711 2324 1776 2382 Per.

1234 2447 1328 2502 LXXX.
1341 2464 1404 2503 rrnu
1420 2464 1495 2502 nisse
1508 2462 1690 2503 uonrnrcscrs.

1095 2557 1294 2630 liultiplicibus
1317 2559 1408 2614 innixi
1428 2559 1548 2614 vinculis
1572 2558 1752 2629 delictorum,
1777 2558 1879 2615 iratres

1060 2650 1206 2722 carissimi,
1228 2652 1263 2707 ad
1273 2652 1415 2723 singulare
1427 2653 1624 2725 confugiamus
1637 2651 1823 2708 absolutionis
1833 2651 1878 2707 di-

1059 2745 1133 2800 riuae
1145 2746 1323 2802 remediumr
1337 2750 1366 2803 et
1376 2746 1519 2802 humiliati
1538 2747 1568 2801 in
1591 2743 1760 2801 sacrificium
1782 2746 1878 2800 Domi·

1059 2854 1129 2894 uum
1148 2838 1333 2910 deprecemur
1353 2841 1449 2913 (quem
1469 2839 1571 2896 cotidie
1590 2839 1683 2912 pravis
1710 2838 1881 2895 inamarica-

1059 2946 1124 2986 mns
1141 2932 1284 3004 operibns)
1299 2933 1420 3005 qrmliter
1439 2949 1490 2989 uos
1509 2949 1561 2989 sua
1579 2937 1746 3005 protegente
1761 2933 1880 2989 dextere

1059 3023 1094 3079 ab
1119 3026 1198 3080 omui
1218 3027 1386 3098 contagione
1406 3031 1527 3099 ereptos,
1546 3042 1702 3100 regnorum
1722 3027 1879 3083 celestium

193 3128 221 3180 et
234 3122 345 3195 generis
363 3122 483 3179 humani
502 3123 648 3192 formator,
670 3123 706 3178 da
730 3122 818 3178 servis
839 3122 895 3178 tuis
913 3138 1009 3178 veram
1020 3135 1048 3211 C
1059 3118 1186 3175 heredes
1199 3118 1311 3175 efficiat.
1325 3122 1387 3176 Per.

192 3217 367 3273 voluntatem
381 3216 548 3284 concordie,
564 3220 592 3272 et
606 3215 813 3288 indulgentiam
828 3218 885 3272 tuee
897 3216 1008 3288 pietatis

192 3309 321 3366 infunde.
335 3311 396 3366 Per.

520 3379 673 3431 immolatio.

227 3466 350 3538 Dignum
364 3471 393 3521 et
401 3466 512 3536 justum
525 3470 576 3536 est,
591 3482 706 3538 aequum
719 3470 747 3521 et
756 3465 866 3536 justum
885 3470 937 3534 est,
957 3482 1009 3523 uos

193 3560 244 3615 tibi
263 3560 308 3615 hic
335 3563 363 3614 et
386 3559 493 3631 ubique
517 3574 630 3631 semper
651 3559 753 3631 gratias
773 3575 868 3632 agere,
892 3560 1008 3617 Domine

192 3657 296 3721 sancte,
312 3654 394 3707 Pater
412 3653 600 3724 omnipotens,
626 3658 730 3710 aeterne
749 3655 832 3710 Deus.
851 3653 905 3719 Qui
926 3655 1009 3711 nohis

103 3782 107 3790 .
192 3745 296 3817 pietate
309 3747 391 3799 Pater
402 3761 442 3812 es,
457 3761 522 3800 cum
530 3746 667 3801 Dominus
677 3751 816 3818 potestate
828 3764 1006 3820 permaneas:

192 3837 326 3909 quoniam
345 3853 415 3909 quos
429 3838 510 3909 origo
524 3839 628 3894 fecerat
640 3855 744 3909 servos,
760 3840 893 3913 adoptare
907 3842 1008 3914 digna·

192 3937 238 3988 tus
252 3950 281 3989 es
294 3933 324 3988 in
336 3933 422 4004 sslios;
441 3938 470 3989 et
490 3951 561 4007 quos
579 3936 723 4007 generatio
741 3941 853 3993 terrena
872 3938 1010 3995 demerse-

192 4027 275 4083 ratiu
288 4031 419 4098 mortem,
435 4029 611 4101 regeneratio
621 4029 739 4085 ccelesiis
753 4031 843 4087 crexit
858 4032 893 4087 ad
910 4032 1007 4089 vitam.

192 4121 229 4179 Te
243 4121 329 4193 enim,
345 4122 524 4196 omnipotens
535 4123 618 4192 Deus,
634 4138 731 4179 omues
742 4124 855 4196 Angeli.

504 4230 566 4279 Post
578 4229 699 4280 Sanctus.

227 4317 296 4371 Vere
316 4317 440 4385 sanctus,
455 4330 519 4371 vere
532 4314 563 4370 in
574 4315 690 4371 excelsis
698 4315 861 4372 benedictus
874 4315 1010 4374 Dominus

193 4409 265 4465 Deus
288 4415 394 4465 noster.
413 4411 467 4466 Per
489 4425 575 4481 quem
595 4413 624 4465 te
651 4408 790 4482 supplices
813 4411 1008 4483 deprecamur,

191 4503 234 4557 uti
247 4502 320 4558 hanc
336 4503 517 4574 oblationem,
533 4520 619 4578 quam
641 4504 692 4559 tibi

193 4592 283 4648 clesiae
296 4598 353 4648 tuce
367 4596 511 4651 catholicae
521 4596 586 4667 tide,
603 4598 763 4670 stabilitate,
778 4599 936 4669 concordia,
956 4616 1009 4673 pro

194 4685 396 4742 emundatione
419 4688 561 4758 vitiorum,
584 4695 611 4745 et
632 4690 796 4748 remissione
817 4697 1008 4765 peccatorum,

193 4795 245 4851 pro
259 4779 347 4853 gloria
360 4784 528 4852 martyrum,
541 4786 569 4836 et
581 4784 678 4854 requie
692 4785 901 4856 detunctorum,
917 4787 1011 4859 propi-

193 4871 277 4930 tiatus
301 4870 428 4945 aspicias,
451 4872 611 4945 aspiciendo
635 4877 798 4949 sanctifices,
813 4880 1011 4937 sanctificando

115 5018 120 5025 .
192 4965 340 5023 benedicas
351 4981 403 5039 per
415 4971 543 5023 saucium
563 4971 591 5023 et
610 4968 789 5026 benedictum
813 4972 908 5030 Jcsum
927 4975 1009 5030 Chri-

192 5063 268 5114 stum
280 5060 383 5116 Filium
392 5065 474 5118 tuum
488 5061 641 5117 Dominum
652 5067 791 5120 nostrum.
804 5066 858 5130 Qui
870 5068 971 5140 pridie.

512 5170 572 5220 Post
584 5172 692 5221 secreta.

227 5251 363 5307 llemores
378 5253 571 5325 gloriosissimi
584 5256 697 5313 Domini
711 5257 849 5330 passionis
868 5262 896 5314 et
916 5259 951 5315 ab
970 5260 1010 5316 in-

1397 3210 1532 3261 collectio.

1094 3293 1198 3348 inclina
1221 3310 1321 3350 aurem
1345 3298 1434 3366 tuam,
1459 3295 1640 3368 omnipotens
1662 3296 1746 3362 Deus,
1769 3297 1878 3350 etesia

1058 3385 1139 3441 uobis
1150 3387 1297 3459 praesentis
1311 3387 1375 3444 vitre
1387 3393 1489 3460 rector,
1503 3393 1537 3445 ut
1557 3389 1595 3444 sis
1612 3391 1810 3445 remunerator
1831 3387 1876 3443 iu·

1058 3483 1140 3537 turen.
1156 3482 1218 3537 Per.

1369 3553 1430 3603 Post
1440 3551 1556 3604 uomina.

1093 3637 1267 3695 Dilereutum
1278 3638 1442 3694 nominibus
1453 3637 1607 3709 recensitis,
1617 3638 1718 3695 frenes
1726 3636 1877 3709 carissimi,

1058 3730 1210 3786 Dominum
1222 3731 1417 3804 deprecemur,
1431 3736 1464 3787 ut
1486 3748 1585 3789 eorum
1606 3731 1780 3788 oblationem
1799 3731 1878 3788 inter

1059 3828 1220 3881 sanctorum
1229 3825 1303 3882 dona
1317 3826 1460 3899 suscipiat,
1473 3842 1626 3899 quoruma
1644 3824 1727 3881 uobis
1747 3823 1878 3883 iacienda

1058 3919 1288 3973 commemoratio
1310 3924 1361 3989 est,
1383 3923 1415 3974 ut
1431 3923 1459 3976 et
1483 3919 1573 3976 nostri
1589 3934 1731 3975 memores
1749 3933 1810 3974 esse
1833 3918 1877 3974 di·

1060 4016 1193 4084 gnentur.
1208 4013 1339 4068 Petamus
1357 4017 1449 4085 etprc
1469 4013 1513 4068 his
1532 4013 1581 4085 qui
1604 4029 1654 4068 nos
1677 4012 1708 4068 iu
1730 4011 1879 4069 Dominica

1058 4120 1126 4177 paee
1143 4109 1358 4176 precessemnt,
1376 4111 1408 4161 ut
1426 4111 1547 4162 tartareo
1568 4106 1686 4162 horrore
1703 4110 1877 4179 segregatos,

1059 4198 1090 4252 in
1103 4198 1167 4252 sinu
1186 4198 1305 4253 Abrahae
1324 4200 1492 4269 conlocatos,
1512 4199 1678 4256 resuscitare
1692 4197 1879 4270 Omnipotens

1059 4292 1192 4364 dignetur
1213 4291 1243 4348 iu
1254 4292 1348 4364 prima
1360 4309 1410 4349 sua
1424 4291 1638 4364 resurrectione,
1653 4308 1740 4366 quam
1750 4292 1879 4350 lusurus

1059 4389 1111 4441 cst.
1126 4386 1188 4440 Per.

1392 4453 1432 4507 Ad
1444 4468 1546 4520 pacem.

717 4504 861 4561 ⁰ffefim¹¹³
883 4522 936 4578 pm
957 4505 1049 4579 ΕΗ)
1096 4544 1177 4611 Deus,
1192 4558 1243 4614 per
1256 4541 1337 4614 cnjus
1351 4557 1382 4596 cs
1392 4541 1535 4614 prolatum
1550 4539 1681 4614 estquod
1700 4555 1805 4613 pacem
1822 4556 1880 4596 om·

1059 4635 1141 4691 uibus
1161 4635 1250 4704 dares,
1270 4639 1299 4690 et
1317 4634 1394 4707 pacis
1418 4637 1522 4690 statuta
1542 4634 1716 4706 relinqueres
1737 4632 1878 4703 3iufuude

1060 4729 1090 4784 in
1104 4729 1208 4785 nostris
1221 4728 1347 4785 sensibus
1358 4728 1434 4800 pacis
1447 4727 1575 4783 studium
1591 4731 1620 4784 et
1636 4727 1693 4800 pies
1709 4725 1878 4797 voluntatis,

1061 4827 1093 4878 ut
1106 4822 1238 4879 vitiorum
1257 4822 1386 4878 omnium
1399 4821 1461 4876 labe
1474 4821 1598 4893 purgati,
1612 4836 1712 4893 pacem
1732 4836 1824 4893 quum
1839 4821 1880 4876 ls-

1061 4919 1115 4974 biis
1127 4918 1183 4974 oris
1203 4916 1412 4990 prosequimur,
1430 4915 1618 4970 immaculatis
1636 4913 1767 4970 cordibus
1783 4919 1881 4972 tenea·

1060 5030 1134 5069 mus.
1149 5014 1212 5068 Per.

1392 5078 1546 5130 immolatio.

1097 5168 1220 5242 Dignum
1234 5167 1382 5239 etjustum
1395 5169 1446 5235 esi,
1463 5181 1578 5238 aeqnnm
1592 5165 1742 5237 etjustum
1753 5168 1807 5236 est,
1832 5182 1884 5223 noc

1060 5263 1111 5318 tibi
1126 5262 1171 5317 hic
1184 5266 1212 5317 et
1223 5261 1328 5333 ubique
1342 5276 1454 5332 semper
1468 5259 1674 5333 gratiasagere,
1689 5258 1884 5317 Domiucseu·

191 5342 259 5399 ierr's
269 5347 492 5418 resurrectionis,
506 5349 651 5407 offerimus
661 5350 722 5422 tibi,
736 5351 864 5420 Domine,
878 5352 952 5407 hene
959 5353 1011 5410 im·
1061 5357 1115 5419 cte,
1130 5353 1212 5407 Pater
1224 5350 1413 5422 omnipotens,
1427 5354 1533 5405 aeterne
1548 5348 1630 5405 Deus·
1646 5348 1699 5414 Qui
1711 5364 1763 5404 11⁰⁵
1778 5365 1886 5405 ⁸1³⁰?-

192 5437 361 5493 maculatam
374 5439 679 5510 hostiam,raiionalem
688 5446 820 5517 hostiam,
834 5446 1010 5502 incruentam
1061 5450 1089 5501 te
1104 5450 1242 5518 perpetua
1254 5442 1499 5517 atqueabultirnis
1512 5441 1733 5499 inseruissemus
1743 5440 1884 5500 liberasti.

191 5530 322 5602 hostiam,
332 5532 408 5589 hunc
419 5550 523 5605 panem
536 5543 673 5606 sanctum,
683 5541 834 5597 etcalicem
847 5541 1009 5610 salutarem,
1063 5539 1183 5594 Venerat
1196 5518 1311 5619 quidem
1324 5553 1463 5608 morspec
1476 5535 1645 5607 mulierem
1660 5535 1710 5592 sed
1731 5536 1811 5594 veuit
1827 5536 1888 5594 rita

192 5625 382 5696 observantes,
402 5631 435 5683 ut
450 5626 601 5686 infundere
624 5630 748 5704 digneris
769 5633 906 5707 Spiritum
928 5638 1010 5691 tuum
1062 5648 1114 5704 per
1134 5632 1290 5705 Virginem.
1312 5631 1444 5688 luteritus
1461 5645 1512 5703 per
1524 5630 1652 5703 lignum3
1670 5629 1719 5686 Sed
1744 5629 1777 5685 1¹¹
1804 5630 1895 5705 58³⁰*

194 5749 332 5878 Rgntlaalqioc
352 5752 414 5808 iere
439 5752 601 5810 orationem
622 5755 745 5811 recitant
767 5758 930 5815 sacerdotes
951 5760 988 5815 ad
1015 5758 1215 5826 ablutionem3
1235 5760 1264 5812 et
1287 5772 1351 5830 qum
1372 5753 1503 5827 sequitur
1525 5753 1596 5812 item
1616 5755 1708 5811 exstat
1725 5752 1758 5811 in
1779 5752 1887 5814 diisseli
