3884 6150
42 268 99 319 329

39 398 129 452 quum
142 388 232 438 eutem
243 383 344 451 tandm
358 384 395 439 ad
406 384 505 454 basem,
518 390 543 440 et
555 386 651 455 offam
663 389 804 444 incensum
816 403 862 443 su·

36 492 90 548 per
103 478 193 532 altere
205 477 312 532 oderem
328 480 520 533 saevissimum
539 481 663 535 Domino.

76 569 90 598 ¹
109 570 160 624 Dei
170 570 264 625 Patris
272 571 480 642 omnipotentis
491 573 732 642 misericordiam,
743 574 863 630 dilectis·

40 664 110 719 suni
123 665 237 730 tratres,
252 665 450 736 deprecemur,
463 669 494 720 ut
504 667 558 722 hcc
571 668 705 723 altarium
719 668 864 724 sacrilleiis

40 757 220 830 spiritalibus
237 759 477 827 consecrandum,
488 760 565 815 vocis
585 765 690 817 nostra
702 763 864 818 exorandus

42 856 153 923 officio,
174 857 309 927 praesenti
327 857 528 914 benedictione
550 861 718 929 sanctiticct,
733 865 764 916 ut
781 862 811 916 in
830 878 864 916 eo

41 965 165 1021 semper
183 950 343 1005 oblationes
361 952 537 1007 famulorum
557 971 674 1010 suorum
692 955 787 1011 studio
807 972 865 1010 sua

42 1042 208 1099 devotionis
222 1043 372 1115 impositas
392 1045 564 1101 benedicere
583 1051 612 1102 et
628 1049 806 1103 sanctificare
827 1049 866 1103 di·

42 1139 164 1210 gnetur,
176 1140 204 1191 et
210 1138 465 1209 spiritaliplacatus
475 1139 602 1207 incenso,
612 1142 742 1213 precanti
748 1142 866 1197 familiae

43 1247 106 1286 sues
119 1235 272 1304 promptus
286 1233 436 1288 exauditor
448 1233 577 1290 adsistat.
594 1237 647 1291 Per
664 1236 830 1291 Dominum.

331 1320 481 1372 Benedictio
493 1322 588 1373 altaris.

82 1389 183 1465 315
199 1393 273 1447 Dens
291 1393 484 1465 omnipotens,
501 1395 530 1448 in
546 1396 626 1466 cujus
639 1395 778 1451 honorem
797 1397 867 1451 alta·

44 1485 125 1540 rinm
143 1485 195 1540 sub
215 1485 397 1541 invocatione
413 1487 454 1541 tui
472 1504 681 1557 consecramus,
701 1490 829 1545 clemens
841 1493 870 1544 et

46 1577 410 1652 propitiuspreeesnostrae
419 1581 715 1649 humilitatisexaudi;
727 1586 756 1637 et
766 1587 870 1654 praeta

47 1676 80 1728 ut
96 1673 127 1726 in
138 1673 193 1728 hac
206 1688 307 1728 mensa
321 1673 379 1728 sint
389 1673 440 1728 tibi
450 1675 591 1731 libamina
600 1680 726 1748 accepta,
741 1676 798 1730 sint
808 1692 871 1748 gra-

593 268 637 324 DE
656 269 812 324 Llll'ltGld
831 271 1018 327 emblema
1036 269 1136 327 LlBElt
1155 269 1199 326 lll.

1678 274 1728 328 330

1245 387 1284 438 hd
1306 388 1401 438 omnia.

950 462 1084 533 Dignare,
1100 460 1230 527 Domine,
1246 462 1319 515 Dcus
1341 460 1527 531 omnipotens
1547 461 1604 516 Rex
1616 477 1730 532 regum,

913 559 941 610 et
951 555 1089 611 Dominus
1100 553 1323 621 dominantium,
1335 553 1475 608 Sacerdos
1486 554 1626 623 omnium,
1638 556 1733 610 Ponti·

912 649 959 704 lex
970 649 1178 714 universorum,
1194 663 1345 718 perquem
1363 664 1498 702 unacum
1512 648 1605 713 Patre,
1623 652 1734 704 sancto·

913 758 969 814 que
980 740 1076 815 316
1087 741 1193 812 Spiritu
1208 741 1356 796 factasunt
1370 740 1513 807 universa,
1529 741 1640 796 Christe
1654 743 1731 810 lesu,

914 834 1096 902 benedicere,
1110 849 1289 900 consecrare,
1302 837 1331 887 et
1339 833 1516 887 sanctificare
1528 833 1655 904 digneris
1665 850 1732 889 rasa

915 929 976 983 haec
991 944 1056 982 cum
1070 927 1124 982 hcc
1140 926 1254 996 altario,
1266 926 1492 993 linteaminibus,
1507 926 1666 999 ceterisque
1685 944 1732 982 ra-

916 1021 970 1089 sis;
985 1024 1014 1076 et
1027 1019 1277 1093 quemadmodum
1291 1019 1476 1074 sanctificasti
1488 1020 1582 1074 officia
1597 1021 1733 1075 taberna-

917 1115 971 1170 culi
988 1113 1145 1170 testimonii
1162 1114 1231 1169 olim
1243 1130 1308 1168 cum
1320 1129 1398 1181 area,
1411 1113 1537 1183 oraculo,
1549 1114 1667 1185 cyrubin
1679 1115 1736 1170 alo-

918 1210 964 1277 sis,
976 1209 1054 1276 velis,
1070 1208 1221 1275 columnis,
1236 1207 1421 1273 candelabro,
1432 1206 1579 1274 altaribus,
1592 1207 1736 1278 argenteis

916 1303 1042 1370 basibus,
1058 1302 1163 1357 tabulis
1183 1301 1338 1369 deauratis,
1354 1300 1537 1368 holocaustis,
1556 1317 1631 1355 aereo
1646 1301 1744 1365 altore,

917 1412 983 1452 cnm
997 1396 1084 1451 aeneis
1100 1395 1182 1462 rasis,
1198 1395 1341 1459 tentoriis,
1356 1394 1482 1460 funibus,
1501 1394 1563 1448 cleo
1582 1394 1734 1461 unctionis,

919 1493 948 1544 ct
960 1489 1061 1544 ceteris
1075 1489 1137 1544 aliis
1153 1489 1183 1542 in
1192 1490 1285 1560 figura
1297 1487 1385 1542 nostri
1397 1503 1448 1558 per
1458 1503 1561 1541 manus
1572 1491 1736 1542 sanctorum

919 1582 1102 1639 sanctificasti
1118 1582 1313 1649 sacerdotum,
1328 1581 1368 1636 ite
1387 1597 1463 1635 nunc
1479 1597 1600 1635 manens
1613 1580 1642 1634 in
1658 1584 1738 1636 aeter·

920 1693 1000 1743 num,
1013 1692 1126 1730 summe
1138 1674 1278 1731 Sacerdos
1291 1674 1472 1729 sacerdotum
1489 1673 1647 1729 secundum
1660 1674 1735 1729 ordi-

47 1770 90 1831 ta,
104 1766 164 1821 sint
182 1765 313 1837 pinguia,
328 1770 357 1821 et
371 1767 493 1838 Spiritus
506 1769 596 1823 sancti
614 1770 656 1824 tui
678 1786 791 1841 semper
804 1785 869 1825 rore
880 1776 908 1849 Β
921 1787 989 1826 nem
1003 1769 1208 1825 Melchisedech
1233 1769 1275 1839 (ut
1293 1766 1436 1837 diximus),
1454 1771 1592 1838 patenam
1614 1769 1688 1823 hanc
1710 1772 1738 1822 et

49 1859 185 1932 pertusa;
199 1862 232 1914 ut
248 1859 472 1933 omnitempore
488 1863 518 1917 in
539 1863 593 1918 hoc
609 1864 672 1918 loce
685 1863 870 1935 supplicantis

50 1952 104 2008 tibi
113 1952 236 2008 familiae
249 1957 307 2009 tuae
319 1955 477 2010 anxietates
489 1956 609 2026 releves,
626 1956 811 2028 aegritudines
827 1974 872 2011 cu·

50 2062 108 2114 res,
124 2062 227 2118 preces
240 2047 386 2115 exaudias,
399 2051 466 2104 vota
478 2050 623 2122 suscipias,
636 2050 873 2105 desiderataeon-

51 2140 162 2209 firmes,
178 2140 324 2212 postulata
339 2142 488 2197 concedas.
505 2145 558 2199 Per
573 2144 727 2199 Dominum
743 2146 872 2199 nostrum

50 2234 149 2290 lesum
164 2234 310 2291 Christum
323 2236 426 2291 Filium
445 2240 537 2293 tuum.

301 2324 417 2376 Praelatio
435 2325 623 2376 linteaminum.

88 2397 216 2454 Domine
231 2399 307 2454 Deus
314 2400 509 2470 omnipotens,
521 2400 594 2456 sicut
606 2401 641 2456 ab
653 2400 734 2457 initio
745 2400 871 2457 homini-

53 2501 108 2557 bus
123 2502 223 2557 vitalia
235 2505 265 2556 et
279 2502 440 2557 necessaria
452 2504 565 2571 creasti,
577 2508 605 2558 et
625 2504 873 2575 quemadmodum

55 2597 230 2652 vestimenta
244 2595 421 2666 pontificalia
431 2595 638 2665 sacerdotibus,
652 2603 680 2652 et
691 2597 782 2652 levitis
792 2614 875 2653 orna·

57 2694 166 2758 menta,
178 2706 243 2761 quae
254 2692 282 2745 et
292 2689 462 2744 linteamina
472 2690 534 2744 lleri
546 2691 654 2746 famulo
665 2694 714 2746 tuo
723 2691 810 2762 ldoysi
823 2707 875 2762 per

58 2783 254 2856 quadraginta
271 2782 332 2837 dies
344 2782 474 2850 docuisti,
489 2783 545 2838 sive
561 2784 649 2839 etiam
662 2801 696 2840 ca
710 2802 774 2856 qua
787 2784 875 2840 Maria

58 2877 149 2932 texuit
162 2876 271 2931 etfacit
283 2877 312 2931 in
326 2893 408 2931 usum
424 2876 576 2933 ministerii
592 2878 771 2933 tabernaculi
786 2878 873 2933 loede-

58 2970 107 3037 ris,
116 2969 307 3037 sanctificare,
317 2969 501 3038 benedicere,
513 2987 738 3042 consecrareque
748 2970 876 3044 digneris

59 3063 121 3119 brec
137 3063 309 3119 linteamina
329 3063 358 3118 in
378 3080 462 3119 usum
481 3064 578 3119 altaris
601 3065 642 3120 tui
662 3065 699 3119 ad
717 3065 876 3137 tegendum

921 1864 1039 1919 calicem
1053 1863 1139 1930 hunc,
1161 1866 1189 1916 et
1209 1860 1306 1917 ornnia
1324 1861 1517 1914 instrumenta
1541 1861 1638 1915 altaris
1653 1861 1738 1932 hujus

922 1957 1047 2012 ecclesie.
1063 1972 1112 2011 seu
1127 1954 1260 2021 basilicae,
1274 1971 1336 2025 quas
1349 1954 1425 2008 inter
1440 1956 1551 2008 nostras
1563 1955 1674 2025 palmas
1684 1955 1736 2010 ha·

920 2054 1035 2123 bantur,
1060 2054 1146 2109 corde
1169 2068 1330 2124 precamur,
1356 2055 1388 2106 ut
1405 2051 1569 2120 benedicas,
1593 2052 1736 2122 purifices,

922 2166 1081 2215 consecres,
1098 2151 1127 2202 et
1139 2163 1330 2213 consummes,
1345 2145 1447 2218 quibus
1458 2145 1534 2200 inter
1549 2163 1601 2200 nos
1615 2149 1643 2201 et
1654 2151 1737 2201 aster-

923 2261 992 2300 nam
1003 2243 1143 2298 unitatem
1161 2241 1191 2296 in
1207 2257 1342 2314 supremo
1353 2243 1450 2296 meatu
1462 2239 1522 2294 sine
1536 2240 1593 2294 tlne
1606 2244 1737 2296 constare

925 2337 1082 2392 credimus.
1097 2338 1158 2392 Per.

1184 2407 1301 2459 Praelatio
1319 2404 1474 2456 chrismalis.

959 2482 1090 2549 Oremus,
1109 2482 1212 2537 fratres
1233 2481 1404 2549 charissimi,
1421 2484 1451 2535 ut
1470 2481 1740 2552 Deuscmnipotens
1810 2527 1815 2539 .

924 2576 978 2630 huc
994 2575 1196 2642 ministerium,
1212 2575 1340 2646 corporis
1353 2574 1403 2629 tilii
1420 2574 1462 2628 sui
1475 2574 1589 2629 Domini
1598 2574 1741 2630 nostrile·

924 2690 956 2748 su
979 2673 1084 2729 Christi
1106 2674 1246 2744 gerolum,
1270 2672 1483 2738 benedictione,
1507 2671 1740 2726 sanctificationis

925 2767 1077 2833 tutamine,
1097 2766 1272 2822 detensionis
1293 2764 1492 2820 dominatione
1504 2764 1625 2835 implere
1641 2765 1741 2835 digne·

925 2865 981 2929 tur,
996 2861 1144 2916 orantibus
1162 2859 1253 2915 nobis.
1266 2861 1329 2915 Per.

961 2954 1150 3026 Omnipotens
1163 2957 1235 3010 Deus
1250 2953 1382 3020 Trinitas,
1394 2952 1528 3007 manibus
1541 2953 1645 3007 nostris
1655 2969 1741 3025 opem

926 3051 983 3102 tuas
996 3049 1207 3104 benedictionis
1217 3047 1349 3116 infunde,
1365 3050 1396 3101 ut
1408 3063 1459 3118 per
1471 3049 1600 3101 nostram
1610 3046 1743 3101 benedic·

59 3157 803 3230 involuendumquefflrpusetgangujnemffiffituq
820 3142 1036 3223 [motionem
1062 3142 1116 3197 hoc
1142 3143 1287 3197 vasculum
1315 3140 1519 3208 sanctificetur,
1556 3145 1584 3195 et
1614 3140 1743 3211 eorporis

61 3252 134 3309 mini
156 3252 247 3308 nestri
265 3252 331 3309 Jesu
348 3251 459 3308 Christi.
480 3251 533 3315 Qui
548 3254 643 3307 tecum
653 3252 721 3308 vivit
733 3256 763 3308 et
773 3254 878 3324 regnat

61 3346 147 3403 Dens.

95 3440 178 3496 Fiant
197 3440 296 3496 omnia
309 3440 364 3496 ista
385 3439 563 3512 protectione
577 3442 626 3494 tua
644 3442 705 3495 tuta
723 3443 808 3513 atque
828 3440 877 3495 de·

64 3536 152 3604 tensa,
167 3538 269 3607 potens
283 3534 414 3602 Domine,
431 3550 508 3588 vasa.
522 3535 576 3589 Per
591 3535 755 3590 Dominum.

265 3623 305 3674 aa
325 3622 530 3673 consecrandam
546 3626 676 3687 patenam.

97 3698 307 3753 Consecramus
327 3700 355 3750 et
373 3694 584 3750 sanctificamus
605 3695 680 3749 hanc
692 3697 830 3767 patenam
843 3694 880 3750 ad

66 3789 276 3847 conficiendum
286 3789 316 3845 in
324 3805 359 3844 ea
366 3805 469 3861 corpus
477 3788 593 3843 Domini
604 3788 694 3844 nostri
701 3790 766 3845 lesu
777 3788 882 3845 Christi

65 3885 201 3959 patientis
222 3900 336 3939 crucem
357 3900 408 3955 pro
428 3883 516 3938 salute
536 3886 634 3937 nostra
664 3882 805 3938 omnium.
828 3881 881 3948 Qui

67 3982 169 4054 regnat
184 3979 215 4033 in
230 3978 342 4034 saecula.

402 4049 466 4097 ltem
483 4047 542 4098 alia.

99 4117 499 4179 Consecrareetsanctisreare
515 4118 654 4192 digneris,
663 4121 796 4188 Domine,
806 4125 883 4193 pate·

69 4234 134 4274 narn
150 4217 238 4283 hanc,
254 4229 305 4286 per
319 4212 404 4268 istam
419 4212 585 4269 unctionem
604 4218 633 4270 et
653 4217 781 4270 nostram
794 4214 881 4270 bene-

69 4311 225 4367 dictionem
236 4309 265 4363 in
276 4305 387 4364 Christo
397 4308 463 4363 lesu
479 4307 604 4364 Domino
619 4312 729 4365 nostro.
745 4307 800 4373 Oui
817 4306 884 4362 vivit

69 4409 95 4461 et
102 4406 220 4478 regnat.

280 4470 318 4522 hd
331 4471 439 4522 calicem
456 4472 672 4523 consecrandum.

927 3235 1031 3292 Christi
1044 3252 1148 3291 novum
1165 3237 1326 3308 sepulcrum
1338 3234 1460 3306 Spiritus
1474 3233 1563 3288 sancti
1578 3233 1671 3303 gratia
1681 3250 1745 3305 per·

927 3325 1046 3384 ficiatur.
1063 3332 1117 3386 Per
1128 3330 1281 3386 Dominum
1296 3328 1529 3384 nostrumlesum
1539 3326 1684 3382 Christum
1699 3326 1743 3380 Fi·

928 3423 999 3479 lium
1014 3428 1105 3491 tunm,
1121 3423 1169 3496 qui
1183 3427 1277 3478 tecum
1294 3422 1369 3476 vivit.

1017 3538 1082 3592 h'lll.
1104 3550 1252 3592 omrrcnas
1265 3534 1278 3574 b
1292 3549 1322 3588 m
1346 3548 1441 3599 raaces
1462 3548 1510 3586 rao
1530 3548 1652 3587 aeemrs.

966 3637 1048 3702 Deus,
1065 3635 1113 3706 qui
1127 3634 1227 3689 fideles
1241 3636 1303 3687 tuus
1317 3631 1353 3686 ad
1366 3632 1421 3686 hoc
1438 3630 1567 3701 corripis,
1592 3633 1622 3684 ut
1644 3646 1742 3685 ernen-

932 3729 992 3796 des,
1004 3729 1142 3800 populum
1153 3731 1244 3793 tuunr,
1257 3742 1428 3798 quaesumus,
1444 3741 1480 3778 ne
1491 3724 1632 3795 despicias
1642 3725 1747 3796 snppli-

932 3829 1058 3890 cantem,
1076 3825 1107 3877 ut
1121 3824 1177 3876 tuae
1190 3820 1301 3876 virtutis
1313 3819 1428 3888 auxilio,
1441 3818 1520 3874 omni
1532 3818 1686 3873 hostilitate
1700 3818 1747 3873 de·

933 3917 1024 3990 pulsa,
1045 3921 1073 3972 et
1095 3915 1246 3971 securitate
1275 3913 1376 3986 patrias
1399 3914 1520 3981 latetur,
1548 3916 1577 3967 et
1607 3911 1748 3968 catholica

933 4029 1049 4083 semper
1061 4012 1167 4066 exultet
1180 4009 1312 4064 Ecclesia.
1333 4010 1396 4064 Per.

967 4180 1069 4251 Populi
1085 4180 1138 4246 tui,
1154 4103 1333 4250 quaesuuitriil,1
1349 4101 1536 4246 bhrhnipotens
1549 4177 1632 4241 Deus,
1650 4173 1747 4245 propi·

935 4273 1006 4332 tiare
1023 4272 1156 4345 peccatis,
1171 4275 1200 4326 et
1215 4270 1300 4325 totius
1317 4267 1483 4324 hostilitatis
1498 4284 1515 4321 a
1536 4267 1619 4321 nohis
1636 4282 1749 4321 errores

935 4370 1041 4434 averte,
1058 4365 1179 4437 ntregni
1190 4366 1363 4420 Francorum
1377 4361 1504 4416 nominis
1515 4375 1615 4414 secura
1633 4359 1750 4415 libertas

936 4461 964 4515 in
977 4465 1026 4515 tua
1039 4459 1192 4514 devotione
1205 4472 1320 4528 semper
1332 4456 1446 4520 exultet,
1462 4456 1491 4507 et
1509 4454 1545 4508 ab
1557 4453 1683 4508 hostium
1697 4470 1750 4510 nos

101 4553 235 4617 Oramus,
261 4548 436 4604 dilectissimi
464 4549 576 4615 tratres,
600 4553 632 4603 ut
655 4547 794 4603 Dominus
810 4521 1370 4618 Deustetendetormidinc3utomni
1379 4548 1597 4621 perturbatione
1606 4549 1748 4618 submota,

70 4650 167 4704 noster
184 4643 305 4701 calicem
324 4642 455 4696 suumin
477 4641 637 4698 ministerio
656 4642 884 4698 consecrandum

69 4740 191 4798 caelestis
204 4737 305 4810 gratiae
318 4736 506 4807 inspiratione
517 4735 684 4805 sanctificet,
696 4741 727 4791 ut
738 4737 775 4792 ad
787 4739 887 4793 hnma-

71 4853 137 4892 nam
161 4831 398 4889 benedictionem
422 4829 633 4901 plenitudinem
663 4830 752 4885 divini
782 4831 887 4887 lavaris

71 4927 282 4986 accommodet.
298 4927 353 4981 Per
366 4924 530 4979 Dominum.

367 5014 431 5063 ltem
462 5011 592 5063 collectio,

104 5091 243 5163 Dignare,
257 5084 390 5152 Domine,
410 5084 528 5139 calicem
543 5084 630 5138 istum
646 5085 675 5139 in
692 5101 776 5140 usum
790 5084 889 5140 minis·

70 5183 187 5240 teriitui
197 5182 246 5255 pia
258 5179 360 5236 famuli
368 5178 411 5232 tui
422 5177 574 5234 devotione
586 5179 751 5247 tannetum,
761 5196 796 5233 ea
806 5195 886 5233 sanc·

70 5277 230 5334 tisrcatione
243 5272 426 5347 perfundere,
441 5288 498 5344 qua
509 5272 716 5328 Melchisedech
730 5273 832 5328 famuli
847 5272 889 5327 tui

71 5371 217 5425 sacrmum
230 5364 350 5421 calicem
363 5362 532 5435 perfudisti;
551 5366 581 5418 et
593 5363 671 5436 quod
685 5367 746 5419 arte
763 5364 807 5419 vel
827 5379 888 5418 me-

71 5464 142 5519 tallo
155 5459 233 5516 etlici
247 5474 307 5513 non
318 5459 415 5529 potest
426 5457 564 5512 altaribus
573 5457 629 5512 tuis
640 5458 771 5530 dignum,
781 5456 832 5512 tlat
841 5461 891 5513 tua

71 5554 277 5614 benedictione
293 5551 462 5625 pretiosum.

74 5745 81 5761 ,
103 5687 121 5760 ξ
135 5675 200 5732 lloec
213 5676 244 5729 et
260 5669 413 5745 sequentia
424 5668 454 5725 in
470 5668 577 5727 Ordine
591 5672 732 5739 Romano,
749 5671 798 5727 sed
809 5671 892 5744 plura

72 5748 893 5888 lbl5Aliaecrationesaliusqueregiebenedieendimodus

240 5912 379 5985 Parnon.
403 5910 521 5979 letll.

935 4649 1033 4704 liberis
1043 4648 1095 4703 tibi
1108 4645 1253 4702 mentibus
1268 4643 1434 4699 serviamus.

973 4814 1161 4888 Omnipotens
1169 4739 1346 4886 sempitbtbbne
1357 4737 1439 4881 Obba,
1449 4810 1498 4884 qui
1511 4810 1608 4882 regnis
1618 4810 1752 4868 omnibus

937 4915 1046 4967 aeterno
1062 4909 1221 4965 dominaris
1236 4907 1371 4980 imperio,
1386 4905 1493 4961 inclina
1501 4905 1537 4960 ad
1547 4921 1648 4977 preces
1659 4904 1753 4960 humi·

937 5005 1026 5060 litatis
1035 5006 1139 5059 nostrie
1150 4994 1622 5072 auresmisericordiae317tuoe,
1634 5001 1753 5055 etFran·

938 5115 1038 5155 eorum
1046 5097 1234 5169 regniadesto
1245 5093 1435 5168 principibus;
1447 5097 1479 5146 nt
1487 5095 1536 5148 tua
1547 5094 1753 5165 tranquillitate

939 5195 1105 5261 clementes,
1119 5194 1169 5247 tua
1183 5206 1299 5261 semper
1313 5188 1371 5243 sint
1387 5186 1489 5241 virtute
1508 5187 1639 5242 victores.
1653 5189 1716 5244 Per.

1314 5280 1379 5332 Alia,

974 5361 1164 5435 Omnipotens
1176 5364 1205 5415 et
1215 5357 1380 5414 misericors
1388 5357 1471 5423 Deus,
1481 5355 1561 5427 cirins
1576 5370 1699 5429 regnum
1713 5360 1755 5415 cst

940 5457 1070 5513 omniurn
1081 5456 1261 5522 seculorum,
1269 5449 1491 5525 supplicationes
1502 5454 1614 5506 nostras
1626 5451 1753 5507 clemen·

940 5543 1757 5621 terexaudi,etFrencornmregumtibisubditumprotege

941 5668 972 5723 in
982 5667 1088 5723 Ordine
1104 5666 1248 5732 Romano,
1263 5669 1292 5720 et
1307 5664 1383 5736 apud
1397 5664 1566 5722 ldenardum
1578 5659 1758 5723 inunctione

941 5755 1043 5812 regum
1058 5740 1242 5795 Francorum.

1576 5905 1622 5967 m
