3878 6150
130 252 185 308 aas
388 305 397 322 ,
582 258 857 316 luruuommuu
875 259 1077 320 uouasrnau
1097 262 1357 321 enucucnmsrs.
1757 268 1809 325 ooo
1840 238 1848 245 ’

127 362 232 439 polum
248 362 328 438 [torta
335 365 483 441 populum]
501 367 608 440 eduxit,
621 369 657 425 ad
666 369 745 426 littus
756 368 844 427 maris
856 386 947 444 usque
957 382 987 459 Α
1272 374 1535 432 recommunicare.

106 453 113 465 ‘
128 458 276 530 perduxit.
1029 470 1138 543 Corpus
1149 469 1262 525 Domini
1273 468 1442 542 accepimus,
1454 473 1483 526 et
1494 469 1633 544 sanguine
1646 470 1708 544 ejus
1719 472 1808 545 potati

164 553 299 610 Fornacis
317 554 447 612 dammas
469 557 550 629 pueri
573 562 811 632 contempsemnt,
833 559 945 617 Christo
995 581 1104 635 sumus,
1118 565 1153 621 ab
1166 564 1245 621 omni
1257 565 1333 622 malo
1342 581 1402 622 non
1411 563 1585 634 timebimus,
1596 565 1663 640 quia
1672 565 1807 624 Dominus

127 645 238 720 jugiter
247 649 480 720 immolaverunt,
494 652 569 709 narn
579 652 706 727 iniquam
720 654 944 729 derquuenmt.
994 658 1142 717 nobiscum
1154 663 1207 716 est.

268 747 356 817 Super
367 745 490 804 Laudato
504 749 656 804 Dominum
669 749 802 817 decoctis.
1328 733 1473 789 Ittmalt'a·

165 828 204 883 lie
218 828 295 885 coelis
304 829 460 886 Dominum
472 832 595 904 laudate,
612 833 778 904 psalterium
787 833 945 905 jocundum
1030 828 1061 880 lu
1073 826 1154 881 labiis
1166 825 1238 882 meis
1250 825 1409 882 medilQbOr
1422 826 1572 899 hymnum,
1587 826 1717 899 allelui&
1741 844 1808 884 eum

133 920 285 993 immolate,
298 925 411 982 laudate
424 942 490 982 sum
504 926 535 983 in
548 943 616 982 sono
630 927 716 983 tuhae,
995 918 1123 976 docueris
1134 936 1191 993 mc,
1203 937 1257 992 ego
1265 920 1388 992 justitias
1402 920 1576 992 respondebo
1589 937 1596 976 :
1611 920 1738 993 Alleluja.

166 1019 275 1075 Pharao
296 1019 441 1077 demersus
459 1024 500 1077 est
520 1021 550 1077 in
570 1022 700 1078 Rubrum
721 1038 809 1078 maro.
837 1024 944 1096 Moyses
1328 1018 1394 1071 item
1406 1015 1474 1071 atio.

137 1113 284 1182 pertransit
297 1113 328 1170 in
342 1114 415 1170 sicco
427 1116 499 1190 pade
513 1115 613 1186 maria,
625 1115 696 1172 dixit
708 1118 764 1173 [teo
776 1120 895 1175 cantate,
1030 1109 1143 1165 Gustata
1161 1112 1189 1166 ct
1200 1108 1302 1181 videta,
1316 1109 1438 1185 alleluja,
1455 1126 1541 1185 quam
1554 1109 1647 1166 suavis
1657 1112 1699 1166 est
1712 1110 1807 1166 Dumi-

423 1213 460 1266 lia
472 1211 648 1280 martyribus.
993 1219 1057 1272 nus,
1071 1203 1192 1278 alleluja.

170 1294 232 1349 Post
245 1293 327 1366 ignes
341 1297 369 1351 et
381 1294 511 1366 laminas,
522 1311 629 1367 cruces,
643 1298 727 1367 atque
741 1294 845 1351 bestias
857 1295 945 1351 sancti
1363 1277 1438 1332 Alia·

144 1400 198 1443 oum
209 1404 316 1462 magno
328 1389 475 1462 triumpho
493 1390 636 1445 vehuntur
653 1389 683 1445 in
703 1405 793 1462 regno
811 1394 839 1446 at
858 1389 888 1447 in
903 1406 945 1446 re·
1030 1373 1087 1427 Ποῦ
1099 1387 1211 1427 Sssssfflm
1234 1386 1337 1444 ⁰⁰FP¹¹⁸
1355 1369 1468 1425 ⁰0in
1488 1373 1516 1426 et
1529 1369 1673 1426 ⁵³1V³t⁰ss⁸⁵
1692 1370 1807 1444 sangui·

147 1477 255 1552 ln'gcrio.
995 1482 1063 1524 nem
1076 1464 1178 1522 sumite
1192 1463 1271 1520 vobis
1283 1463 1314 1520 in
1326 1463 1413 1520 vitam
1427 1480 1592 1536 perennem.
1607 1464 1735 1538 Alleluja.

173 1576 198 1631 ln
221 1575 396 1633 invocatione
428 1582 590 1634 sanctorum
619 1579 773 1650 Martyrum
800 1577 943 1649 miserere,
1325 1563 1392 1616 Item
1405 1558 1473 1614 alia.

147 1664 204 1725 licus
217 1671 380 1744 suppficmn
392 1675 519 1729 tuorum,
1030 1657 1120 1721 Quam
1133 1653 1226 1710 dulcia
1240 1653 1368 1711 faucibus
1387 1653 1459 1708 meis
1473 1652 1585 1727 eloquia
1601 1658 1660 1723 tua,
1679 1653 1806 1711 Domine.

183 1766 267 1837 Sapor
282 1765 402 1822 Domine
416 1767 571 1840 retugium,
585 1769 614 1822 ia
628 1767 888 1824 nomimant-amate.
952 1768 981 1841 Β
1326 1755 1392 1808 Item
1405 1753 1472 1808 alia·

170 1857 344 1931 Convertere,
359 1861 487 1933 Domine,
502 1878 657 1935 usquequo,
674 1867 702 1918 et
711 1861 893 1935 deprecabilis
906 1878 946 1918 05,
1031 1845 1081 1901 Hic
1094 1847 1135 1900 est
1151 1843 1232 1916 panis
1252 1842 1340 1913 vivus,
1359 1840 1410 1914 qui
1432 1840 1466 1896 dc
1479 1841 1548 1896 eoelo
1564 1840 1718 1898 descendit.
1733 1843 1807 1898 Alle-

142 1951 162 2002 to
172 1968 256 2029 super
264 1969 359 2010 servos
374 1960 445 2011 tuos,
994 1941 1063 2012 luja.
1077 1939 1131 2004 Qui
1145 1938 1295 1995 manducat
1313 1952 1348 2033 err
1368 1952 1411 2007 eo,
1432 1936 1505 1991 vivet
1519 1935 1548 1991 in
1567 1940 1717 1993 aeternum.
1732 1938 1806 1993 illle·

461 2048 526 2102 item
543 2047 610 2102 cilia.
994 2035 1061 2107 luja-

162 2126 283 2201 Respice
296 2127 326 2185 in
341 2145 436 2185 servos
451 2134 514 2185 tuos
523 2135 552 2186 et
561 2130 591 2185 in
604 2146 690 2203 opera
703 2135 761 2202 tua,
777 2129 906 2186 Domine.
1325 2104 1392 2158 sitm
1408 2103 1475 2158 ‘1²⁸'st-

462 2227 529 2280 pem
542 2226 608 2280 0150,
1030 2199 1137 2256 Reiecti
1149 2197 1253 2255 Christi
1266 2213 1385 2270 corpore
1406 2198 1435 2252 et
1454 2194 1601 2268 sauguine,
1614 2196 1667 2252 tibi
1686 2212 1807 2272 semper,

157 2303 274 2380 Repleti
287 2324 385 2364 sumus
398 2325 482 2364 mane
494 2308 688 2364 misericordia
701 2313 757 2364 tua.
994 2294 1122 2365 DOmint',
1135 2293 1264 2349 dicamus
1280 2309 1287 2347 τ
1303 2291 1431 2362 Alleluja·

423 2404 488 2458 Atta
498 2405 646 2459 cotidiana.
1162 2389 1207 2444 Ad
1222 2389 1367 2458 Vespemm
1380 2390 1407 2442 et
1419 2386 1641 2442 adldamttnam.
1672 2403 1676 2417 ·

153 2480 199 2542 Sit
215 2483 354 2558 splendor
367 2484 479 2541 Domini
494 2485 543 2541 liei
557 2486 647 2543 nostri
658 2502 745 2560 super
756 2503 818 2542 nos.
1029 2482 1122 2539 Gloria
1133 2482 1164 2537 in
1173 2480 1295 2537 Excelsis
1306 2482 1375 2549 Deo,
1389 2485 1417 2537 et
1429 2480 1459 2535 in
1471 2483 1548 2536 terra
1560 2496 1625 2552 pax,
1640 2483 1695 2536 eto.

165 2641 305 2695 Memoria
322 2639 451 2695 abbatum
467 2645 629 2698 nostrorum.
712 2643 862 2698 Famosum
874 2639 976 2696 mundi
985 2638 1165 2709 magistrum,
1308 2635 1403 2692 Tantis
1415 2635 1548 2690 successit
1560 2635 1699 2692 Camenas

149 2725 262 2784 Sancta
271 2733 434 2784 sanctorum
448 2746 533 2801 opera
712 2733 797 2798 Quos.
1275 2724 1321 2779 Vir
1330 2724 1504 2780 admirabilis
1518 2724 1659 2780 omnibus.

109 2809 251 2886 Patruini,
265 2818 378 2889 fratres,
393 2818 544 2875 fortissima
749 2822 864 2876 Gratum
878 2819 945 2875 fecit
958 2817 1157 2885 Finienanum,
1274 2813 1385 2870 Christo
1394 2831 1470 2869 nuno
1483 2813 1561 2869 sedet
1574 2830 1734 2885 supremus,

108 2898 317 2965 Benehorensi
327 2907 358 2963 in
371 2908 477 2979 optima
713 2910 859 2981 Heredem,
876 2910 994 2977 almum,
1014 2909 1162 2980 inclytum,
1274 2905 1399 2976 Hymnus
1411 2919 1514 2959 canens
1527 2902 1732 2975 quindecimus,

108 2988 322 3055 Fundatorum
336 2998 466 3066 Ecclesia,
714 2999 863 3056 illustravit
873 2997 1095 3068 Machlaisreum,
1274 2996 1349 3051 Zoen
1362 2997 1394 3050 ut
1407 2997 1502 3066 carpat
1511 2994 1669 3064 Cronanus,

108 3082 270 3144 Abbatum
282 3086 438 3143 eminentia
714 3089 955 3161 Kaputabbatum
969 3087 1108 3159 omnium,
1274 3082 1656 3141 Conservateumltominus.

109 3166 298 3246 Numerum,
312 3182 452 3249 tempora,
465 3178 590 3236 nomina.
714 3178 853 3250 tampade
867 3194 945 3233 soora
956 3179 1099 3250 Seganum
1274 3175 1357 3240 Quos.

109 3257 185 3323 Sine
199 3266 422 3339 linefulgentia,
714 3270 847 3341 Magnum
859 3268 1011 3342 Scriptura
1023 3268 1176 3325 medicum.

108 3350 224 3412 Audite
238 3357 469 3429 magnomonte,
714 3361 798 3425 Quos.
1313 3360 1595 3414 llorumsanctorum
1608 3357 1710 3415 merita

108 3435 195 3501 Quos
211 3447 377 3501 convocavit
387 3447 522 3504 Dominus
715 3451 801 3505 Notus
815 3447 857 3503 vir
871 3451 931 3502 erat
944 3448 1094 3514 Beracnus,
1277 3447 1417 3504 Abbatum
1428 3447 1589 3503 fidelissima

112 3524 267 3591 calorum
280 3535 362 3608 regni
376 3537 497 3592 sedibus.
715 3540 837 3595 Ornatus
848 3540 877 3593 et
887 3537 1059 3603 Cumnenus,
1276 3538 1350 3608 Erga
1361 3535 1532 3609 Comgillum
1546 3553 1670 3610 congrua

153 3624 272 3680 Amavit
284 3625 412 3698 Christus
424 3627 592 3699 Comgillum
714 3630 810 3683 Pastor
822 3626 958 3684 Columba
971 3642 1124 3699 congrum,
1277 3628 1440 3681 tumeamus
1451 3625 1596 3695 altissima,

113 3704 198 3772 Bene
211 3718 242 3770 et
255 3715 316 3787 ipse
330 3715 494 3786 Dominum,
673 3780 681 3793 ,
715 3719 834 3783 Querela
847 3716 952 3790 absque
962 3716 1096 3785 Aidanus,
1276 3714 1320 3771 Uti
1332 3715 1472 3788 possimus
1484 3716 1580 3771 omnia

109 3793 227 3860 Carum
241 3804 536 3884 habuitlieognoum,
714 3807 815 3862 Rector
826 3806 917 3862 bonus
929 3806 1108 3876 Bautherius,
1276 3806 1375 3860 Nostra
1387 3806 1480 3862 delere
1492 3806 1611 3861 crimina

112 3882 269 3951 Damnum
282 3894 392 3949 ornavit
403 3894 531 3951 AEdeum.
715 3895 848 3953 Summus
860 3896 976 3954 antistes
989 3897 1143 3953 Cronanus.
1277 3897 1329 3951 Per
1340 3897 1436 3952 iesum
1445 3895 1588 3952 Christum
1602 3899 1707 3953 atoma

113 3972 216 4057 Elegit
232 3984 535 4040 sanctumSimlauum
714 3985 799 4051 Quos.
1277 3985 1620 4059 [legnanteminsaecnla.

114 4139 1814 4191 —

837 4341 1114 4472 ORIGO

351 4540 608 4617 CANTUUM
649 4542 719 4615 ΕΤ
760 4542 1013 4619 CURSUUM
1052 4541 1601 4636 uccbusmsmcouum,

707 4683 758 4748 EX
780 4684 917 4752 CODICE
938 4685 1238 4789 vrqrusilssmo.

645 4813 828 4896 (Spelmam
854 4814 978 4883 Camil.
1001 4816 1129 4901 Anptic.
1154 4824 1231 4881 tom.
1255 4815 1297 4898 I.)

815 4946 1124 4987 ...f—...—

153 5045 189 5104 Si
208 5050 306 5105 sedulo
329 5048 512 5121 inspiciamus
534 5066 633 5106 cursus
652 5053 790 5122 auctores,
812 5051 843 5106 in
861 5065 985 5141 osor-C
1033 5054 1100 5110 lndc
1110 5058 1209 5128 postea
1222 5053 1358 5110 relatione
1372 5052 1447 5109 beati
1459 5051 1571 5107 Photiui
1589 5051 1733 5123 martyris,
1748 5068 1814 5107 cum

111 5124 206 5225 flium
219 5143 380 5216 reperimus
393 5144 574 5200 decantatum
589 5144 685 5215 luisse,
699 5161 758 5200 nou
772 5144 844 5200 sicut
857 5145 946 5218 aliqui
997 5149 1186 5224 quadraginta
1198 5154 1226 5205 et
1238 5153 1300 5205 octo
1318 5146 1500 5219 martpribus,
1512 5145 1615 5202 retrusi
1627 5146 1813 5218 ergastulum,

112 5230 250 5309 ¹¹11periti
274 5237 371 5308 luisse,
390 5237 433 5292 ael
456 5237 531 5293 varie
554 5236 724 5311 objectiones
753 5237 944 5311 pertulemmt,
997 5245 1133 5301 relatione
1146 5243 1181 5299 ad
1194 5243 1310 5299 beatum
1327 5242 1503 5298 Clementem
1524 5242 1555 5295 lV
1574 5241 1629 5297 loci
1648 5243 1814 5297 successoris

117 5318 218 5388 adhuc
229 5331 313 5388 multi
324 5336 462 5387 conantur
473 5332 544 5388 f01·0·
997 5340 1073 5397 Petri
1086 5337 1205 5411 apostoli
1218 5337 1451 5410 deportaverunt,
1467 5339 1496 5391 et
1514 5336 1629 5392 beatum
1650 5336 1812 5393 lnercnium

159 5420 262 5481 Beatus
274 5426 420 5483 ‘lrosimus
433 5426 582 5498 episcopus
594 5426 775 5497 Arelatensis,
791 5429 820 5482 et
834 5430 947 5483 sanctus
997 5435 1163 5507 episcopum
1182 5432 1281 5489 beatus
1299 5430 1429 5487 Clemens
1447 5429 1596 5487 ordinavit·
1618 5431 1674 5487 Hoc
1694 5431 1724 5485 in
1743 5429 1814 5483 libr⁰

125 5508 260 5585 theunas
274 5534 383 5603 martyr
395 5534 423 5587 et
436 5529 585 5604 episcopus
598 5529 795 5603 Lugdunensis
820 5530 945 5603 discipu·
999 5529 1087 5585 sancti
1101 5528 1190 5599 ipsius
1205 5525 1327 5581 Inerenii
1340 5526 1464 5598 episcopi
1477 5529 1506 5581 et
1519 5526 1651 5598 martyris
1676 5521 1809 5594 reperies.

130 5602 171 5673 lm
180 5625 268 5680 sancti
282 5623 357 5680 Petri
371 5627 502 5698 apostoli,
516 5625 588 5682 sicut
601 5630 629 5682 et
642 5625 730 5682 relert
753 5626 893 5698 Iosephus
917 5630 945 5682 et
997 5622 1118 5679 Edoctus
1130 5638 1147 5676 a
1159 5621 1241 5677 beato
1252 5620 1636 5694 PolycarpoHismerniorum
1648 5615 1812 5687 episcopum

137 5700 259 5775 Ebaebius
273 5719 451 5777 cesariensis
472 5721 630 5794 episcopus,
646 5735 764 5781 cursum
784 5722 945 5778 Romanum
998 5721 1026 5774 et
1039 5720 1205 5789 martyrem,
1220 5715 1270 5789 qui
1283 5715 1337 5771 luit
1349 5715 1504 5789 discipulus
1525 5711 1660 5769 iohannis
1681 5709 1810 5780 apostoli,

143 5820 162 5848 m
171 5817 268 5848 stall-t„
281 5818 458 5848 &matha-...s
