3884 6150
292 268 598 326 sacramentor
615 269 838 326 GdhthdNUll.
859 299 893 308 —
912 268 1095 326 LECTIONES
1113 269 1342 327 uentriculus.
1605 277 1656 330 uso

105 376 173 433 lhuc
183 381 210 433 et
218 393 266 433 ros
281 377 340 433 sine
356 378 501 433 intellectu
511 378 596 433 estis?
609 393 667 434 nou
679 377 785 433 intelli·
797 390 827 464 Α
838 377 949 449 guravit
960 376 991 432 iu
1003 393 1097 432 curro.
1109 378 1195 448 Cujus
1207 377 1282 433 douo
1290 377 1376 434 vidua
1390 378 1535 435 benedixit
1543 381 1652 452 inoleo,

105 487 219 527 somna
233 471 309 543 quod
322 472 353 528 in
367 471 548 542 osintrat,in
561 475 689 527 ventrem
701 471 786 542 radit,
838 471 927 543 ipsius
941 469 1159 527 vivificationem
1173 471 1299 527 lleliseus
1320 471 1390 528 ridit
1407 473 1437 528 in
1451 475 1590 546 sepulcro.
1603 474 1655 531 Cu·

104 580 199 622 essum
218 565 359 621 mittitur?
380 582 445 638 quaa
464 569 560 620 autem
580 566 738 637 procedunt
754 566 789 621 de
835 564 883 636 jus
895 564 1060 637 patientiam
1072 564 1225 621 Hieremias
1237 565 1334 621 docuit
1345 565 1489 636 inlocum,
1504 567 1592 640 ipsius
1602 569 1654 623 mi-

105 659 185 715 rordc
207 664 321 730 exeunt,
337 662 366 716 et
383 675 416 715 ea
436 659 620 731 coinquinant
632 659 787 715 hominem.
839 658 1020 714 sericordiam
1031 658 1182 714 Zerobabel
1193 659 1356 730 praedicarit
1373 659 1403 716 in
1418 660 1551 717 reditum.
1567 663 1654 734 Cujus

105 768 111 809 s
123 751 199 808 enim
213 758 317 808 exeunt
329 753 512 825 cogitationes
522 753 615 823 mdia,
627 752 787 821 homicidia,
840 769 912 824 opus
923 752 1152 808 Patriamharum
1164 752 1256 807 torma
1269 752 1405 821 distinxit,
1419 753 1507 827 ipsius
1519 756 1655 828 propicia·

105 863 121 915 l,
151 846 360 916 fornicationes,
393 846 487 917 furta,
517 847 589 902 falsa
618 846 788 915 testimonia,
840 845 946 901 tionem
959 845 1137 902 sacerdotum
1149 846 1321 918 praeparatio
1334 846 1492 903 declararit.
1502 847 1655 918 Cujuslon·

105 939 172 1009 nice;
187 940 246 996 bac
266 945 333 995 sunt
352 956 416 1012 qnae
430 940 614 1013 coinquinant
632 940 788 996 hominem.
840 938 1035 1011 ganimitatem
1045 938 1175 1010 judicum
1190 939 1308 1011 aequitas
1315 940 1442 1011 protulit,
1451 940 1539 1012 ipsius
1546 942 1655 1014 sapien·

105 1037 219 1089 sautem
231 1034 362 1090 manibus
375 1033 791 1106 manducare,noncoinquinat
840 1033 910 1088 tiam
923 1048 1025 1104 regum
1038 1033 1095 1088 rita
1108 1032 1239 1089 deservit.
1253 1033 1339 1105 Cujus
1356 1035 1487 1106 spiritum
1500 1036 1653 1107 propbeta-

105 1143 130 1183 α.
151 1127 287 1184 Ecaassus
310 1144 372 1184 rans
385 1126 510 1183 Doriscos
527 1130 607 1184 Jasus
630 1127 741 1184 secessit
761 1127 790 1181 in
840 1144 905 1182 rum
919 1125 1020 1183 veritas
1039 1126 1214 1199 adprobavit,
1229 1126 1316 1199 ipsius
1328 1128 1480 1184 adrentum
1494 1130 1655 1185 zaccharias

105 1220 147 1292 πὶ
161 1224 190 1277 at
208 1221 317 1278 Sidonis
333 1239 339 1276 :
356 1225 385 1277 et
398 1238 461 1278 ecce
480 1221 583 1277 mulier
594 1222 753 1291 Chananea,
773 1237 791 1275 a
840 1219 993 1292 castigatus
1007 1220 1138 1276 ostendit.
1157 1221 1242 1293 Cujus
1256 1221 1406 1276 introitum
1422 1222 1563 1278 lohannes
1579 1241 1653 1296 prae·

105 1312 158 1369 illis
180 1330 303 1387 egressa,
326 1315 471 1385 clamavit,
487 1315 582 1371 dicem
596 1315 622 1373 ei
638 1332 644 1371 :
660 1316 790 1370 Miserere
840 1331 938 1369 cursor
955 1314 1111 1380 admonuit,
1127 1314 1216 1387 ipsius
1235 1313 1410 1370 nativitatem
1425 1316 1511 1388 Virgo
1525 1318 1653 1389 protulit,

105 1406 183 1477 nine,
197 1407 238 1462 tili
251 1408 351 1478 Darid;
366 1408 423 1464 lilia
444 1425 508 1464 mea
527 1409 600 1464 male
621 1426 638 1463 a
650 1408 791 1464 daemonio
840 1409 918 1464 stella
932 1407 1084 1480 praecessit.
1100 1408 1273 1479 Angelorum
1287 1424 1340 1463 vox
1353 1424 1431 1464 saera
1444 1409 1554 1479 cecinit,
1564 1415 1656 1482 pasto·

117 1501 171 1566 Qui
183 1517 241 1557 non
251 1502 396 1574 respondit
408 1502 434 1558 ei
444 1502 572 1558 verbum.
584 1503 618 1558 Et
627 1501 791 1558 accedentes
840 1519 906 1557 rum
916 1501 1035 1574 pervigil
1045 1501 1201 1557 sollicitudo
1211 1501 1340 1574 pervidit,
1352 1518 1504 1585 magorum
1515 1504 1656 1575 tripertita

105 1595 177 1667 ejus
188 1595 331 1667 rogabant
340 1612 417 1664 eum,
433 1597 557 1652 dicentes
573 1595 706 1651 :Dimitte
716 1610 789 1665 eam,
840 1595 943 1651 oblatio
955 1595 1081 1652 muneris
1094 1594 1251 1651 honorarit.
1264 1596 1351 1667 Cujus
1364 1596 1523 1667 passionem
1532 1597 1657 1654 mundus

105 1692 164 1744 mat
183 1693 247 1760 post
265 1706 326 1745 nos.
342 1690 403 1761 lpse
424 1694 519 1745 autem
534 1689 707 1760 respondens
727 1687 788 1745 ait:
840 1705 897 1744 non
912 1689 1055 1759 sustinuit,
1070 1689 1112 1744 sol
1125 1689 1241 1761 refugit.
1257 1689 1342 1760 Cujus
1356 1691 1591 1747 resurrectionem
1604 1693 1654 1749 ad-

105 1782 227 1837 rmissus
247 1782 302 1838 nisi
315 1783 351 1838 ad
371 1799 436 1838 ores
453 1798 518 1855 quae
531 1783 678 1855 perierunt
690 1768 828 1841 domusB
840 1783 969 1839 sistentes
988 1786 1217 1839 sustentaverunt
1234 1782 1339 1855 angeli,
1365 1799 1431 1839 cum
1460 1790 1656 1857 resurgentem

105 1878 120 1931 ‚t
132 1874 181 1930 illa
200 1877 287 1945 venit,
312 1880 341 1932 et
363 1876 499 1931 adorabat
520 1892 586 1931 eum
606 1876 700 1932 dicens
714 1893 721 1931 ε
737 1876 790 1930 Do·
843 1875 1069 1947 glorificaverunt
1082 1875 1180 1930 sancti.
1193 1875 1279 1946 Cujus
1290 1891 1415 1947 regnum
1429 1876 1593 1933 universum
1606 1895 1656 1934 caa-

105 1967 180 2040 ljura
193 1985 249 2025 me.
267 1970 321 2035 Qui
341 1969 515 2043 respondens
528 1971 589 2025 ait:
610 1971 672 2025 Non
684 1974 726 2024 est
739 1967 790 2025 bo·
841 1969 955 2025 lestium
972 1972 1001 2025 et
1016 1968 1196 2024 terrestrium
1217 1969 1452 2041 infernorumque
1475 1976 1654 2042 concentum,

105 2078 169 2118 nere
187 2079 291 2135 panem
302 2062 436 2134 filiorum,
451 2068 479 2119 et
491 2063 603 2120 mittere
617 2063 741 2119 canibus.
757 2066 792 2120 At
841 2062 1018 2134 animalium,
1039 2063 1193 2132 seniorum,
1211 2062 1399 2135 signatorum,
1412 2063 1576 2122 incessabile
1589 2062 1655 2121 voce

105 2173 125 2211 c
143 2157 253 2227 Etiam,
270 2158 404 2226 Domine,
418 2174 486 2212 nam
498 2162 526 2214 et
546 2157 638 2213 catelli
651 2157 739 2213 edunt
757 2157 792 2213 de
841 2157 1055 2229 proclamabant
1069 2156 1215 2213 dicamas:
1235 2156 1362 2212 Sanctus.

106 2250 269 2306 ominorum
291 2268 417 2306 suorum.
437 2253 514 2307 Tunc
528 2251 701 2323 respondens
714 2252 792 2307 lesus
1103 2279 1182 2320 mss,
1202 2244 1384 2321 pompeius,

105 2343 249 2406 0mulier.
260 2361 365 2417 magna
379 2349 421 2400 est
433 2344 502 2400 fides
516 2349 578 2415 tua3
592 2343 641 2400 fiat
655 2344 706 2400 tibi
719 2345 792 2400 sicut
889 2355 977 2408 tecua
989 2355 1123 2408 Munatio
1137 2357 1272 2421 prophetas
1280 2392 1289 2420 ,
1307 2357 1470 2409 dominicalis
1488 2358 1609 2424 leganda.

105 2442 185 2493 anate
197 2443 239 2493 est
252 2439 309 2493 filia
321 2439 382 2510 eius
400 2455 436 2495 er
447 2438 494 2493 illa
509 2438 588 2493 hora.
878 2442 940 2497 ilaec
958 2441 1025 2497 dicit
1042 2443 1200 2498 Dominus:
1218 2442 1320 2499 inferta
1339 2459 1454 2500 omnem
1474 2444 1614 2500 decimam
1627 2444 1657 2499 in

284 2553 379 2592 iscrrir
399 2552 485 2591 uisse.
842 2536 978 2592 horreum
990 2551 1097 2606 meum,
1116 2541 1145 2592 et
1156 2537 1192 2592 sit
1204 2536 1282 2592 cibus
1301 2537 1332 2592 in
1353 2538 1437 2593 domo
1458 2554 1532 2609 mea,
1549 2543 1577 2594 et
1590 2554 1657 2610 pro·

105 2644 143 2696 us,
162 2628 264 2685 iratres
281 2629 426 2697 carissimi,
446 2628 607 2684 unianimes
621 2632 705 2701 atque
724 2645 791 2685 con·
841 2628 964 2685 butema
983 2645 1069 2702 super
1081 2630 1144 2699 hoc,
1158 2629 1227 2685 dicit
1238 2630 1384 2686 Dominus.
1407 2631 1436 2687 Si
1448 2647 1506 2687 non
1519 2647 1657 2703 aperuero

105 2724 136 2777 ut
146 2722 300 2777 Ecclesiam
312 2739 392 2777 suam
411 2722 546 2777 Dominus
558 2721 588 2776 in
606 2738 676 2794 pace
689 2722 791 2777 consti-
842 2722 920 2778 robis
931 2716 1082 2778 musaeus
1096 2723 1167 2790 caeli,
1191 2728 1219 2778 et
1240 2722 1366 2778 effudero
1387 2724 1464 2779 robis
1483 2724 1656 2781 benedictio-

105 2831 170 2872 rum
191 2832 275 2871 suum
296 2816 400 2871 calesti
413 2815 608 2872 benedictione
627 2816 791 2887 circumdet,
842 2832 909 2873 nem
921 2832 1012 2888 usque
1023 2816 1059 2872 ad
1070 2816 1273 2871 abundantiam
1288 2834 1294 2871 :
1311 2821 1339 2872 et
1351 2817 1502 2889 increpabo
1515 2835 1566 2891 pro
1578 2821 1657 2875 robis

108 2924 188 2965 suam
207 2909 289 2964 donis
307 2910 414 2981 repleat
432 2908 602 2982 spiritalium
620 2910 791 2982 gratiarum
842 2910 1138 2993 devorantem,etnon
1149 2910 1655 2983 corrumpetiructumterrrerestrae,

105 3018 155 3058 am
167 3002 253 3059 ritum
277 3009 402 3077 agentes,
417 3007 523 3059 aeterno
536 3003 655 3059 Domino
676 3003 793 3059 inlibata
842 3020 894 3060 nec
905 3002 959 3058 erit
971 3003 1074 3060 sterilis
1088 3003 1168 3059 vinea
1181 3003 1212 3059 in
1226 3020 1306 3075 agro,
1321 3003 1388 3059 dicit
1400 3005 1536 3061 Dominus
1549 3004 1657 3064 exerciss

105 3113 145 3154 us.
844 3102 936 3154 tuum.
960 3098 995 3152 Et
1008 3097 1109 3154 beatos
1127 3114 1177 3153 ros
1196 3097 1293 3152 dicent
1312 3114 1413 3153 omnes
1436 3103 1547 3170 gentes.
1575 3102 1659 3158 Eritis

105 3247 107 3260 Ι
320 3167 454 3259 901160ῧῆ
512 3249 517 3260 ¹
624 3249 629 3260 ¹
711 3248 717 3260 ‚
804 3143 923 3247 Canini
939 3193 1076 3247 vosterra
1086 3191 1295 3258 desiderabilis,
1309 3190 1379 3246 dicit
1396 3193 1535 3248 Dominus
1552 3196 1658 3251 exerci-

105 3251 223 3305 iternum
249 3249 411 3318 Dominum,
440 3248 593 3320 rntimtum,
622 3252 793 3321 mgemtum,
843 3287 938 3340 tuum·
951 3284 1290 3356 Invaluemnpsuperme

105 3342 180 3413 dem,
201 3343 307 3399 devotae
333 3342 446 3410 mentis,
474 3343 679 3399 desideriorum
703 3343 795 3399 cordis

105 3450 165 3493 rem
178 3436 373 3508 deprecemur,
388 3438 421 3490 ut
435 3437 587 3491 Ecclesiam
605 3441 729 3492 sanctam
746 3453 792 3492 ca-

105 3533 263 3604 rperpatua
275 3530 438 3586 defensione
451 3533 574 3586 tueatur.

291 3619 351 3669 Post
364 3619 478 3669 nomina

105 3715 134 3755 ne
147 3701 220 3756 Deus
233 3700 389 3755 dilectionis
402 3704 430 3755 ct
441 3700 529 3772 pacis,
544 3700 574 3755 in
586 3699 666 3771 cujus
679 3700 795 3756 dextera

105 3796 163 3849 stra
176 3797 338 3866 estproesta
348 3798 381 3849 ut
391 3794 426 3848 ad
439 3796 466 3849 te
480 3809 538 3849 non
551 3809 600 3849 ore
612 3797 733 3861 tantum,
747 3794 795 3850 sed

105 3887 293 3960 trigilemus.
317 3888 458 3943 Timorem
478 3887 522 3943 tui
545 3887 669 3943 nominis
692 3888 796 3944 nostris

1306 3284 1392 3339 verba
1401 3288 1505 3354 vestra,
1521 3286 1590 3342 dicit
1601 3290 1656 3344 Do·

845 3378 952 3446 miuus,
970 3381 1000 3433 at
1021 3377 1130 3433 dixistis
1148 3394 1155 3433 :
1175 3377 1249 3443 Quid
1269 3377 1356 3432 locuti
1373 3394 1473 3433 sumus
1491 3383 1592 3436 contra
1606 3382 1659 3438 ta?

845 3471 957 3527 Dixistis
972 3489 979 3527 :
995 3472 1090 3526 Vanus
1102 3474 1146 3526 est
1160 3471 1208 3543 qui
1220 3470 1384 3527 serritDco.
1400 3473 1617 3543 convertimini,
1630 3479 1659 3531 et

844 3568 986 3637 ridebitis,
998 3568 1067 3641 quid
1083 3569 1119 3622 sit
1132 3567 1208 3623 iuter
1217 3567 1328 3638 justum
1343 3572 1371 3624 ct
1391 3569 1524 3640 impium,
1539 3574 1568 3626 et
1581 3571 1659 3628 inter

844 3662 1017 3719 sarrientem
1032 3664 1123 3719 Deum
1136 3665 1165 3716 et
1178 3677 1236 3717 nou
1250 3661 1422 3718 servientem
1436 3663 1472 3718 ei.
1488 3665 1560 3720 Ecca
1580 3667 1657 3724 euim

846 3759 907 3814 dies
916 3758 1012 3814 veniet
1024 3773 1160 3814 succensa
1173 3758 1255 3829 quasi
1266 3757 1404 3827 caminus,
1416 3762 1445 3814 et
1457 3763 1543 3815 amnt
1558 3778 1659 3819 omnes

845 3854 960 3927 superbi
969 3857 1110 3910 etomnes
1119 3852 1444 3924 iacientesimpietatem
1458 3856 1609 3929 stipula,et
1618 3859 1661 3914 in·

105 3979 246 4051 {wel-ibus,
256 3986 285 4037 ep
293 3997 420 4037 amorem
430 3981 723 4054 infundepecpoflbm·
731 3982 794 4038 per·
845 3947 1006 4004 flammabit
1019 3964 1069 4004 eos
1083 3947 1145 4002 dies
1157 3947 1287 4003 veniens.
1298 3949 1333 4002 Et
1345 3949 1454 4004 orietur
1462 3949 1542 4006 vobis
1552 3951 1657 4008 timan-

310 4074 349 4125 Λᾶ
363 4088 465 4140 pacem,
845 4043 921 4099 tibus
934 4058 1042 4098 nomen
1054 4058 1154 4098 meum
1168 4042 1209 4097 sol
1223 4041 1352 4112 justitia,
1361 4047 1391 4097 et
1405 4043 1512 4099 sanitas
1524 4045 1555 4100 in
1564 4046 1660 4117 pinnis

105 4156 214 4226 inobis,
228 4156 356 4226 Domine,
372 4157 403 4211 in
426 4156 510 4212 domo
521 4161 571 4212 tua
583 4160 679 4212 sancta
692 4156 796 4212 unani·
846 4136 917 4208 ejus·
933 4137 1005 4193 Ecce
1017 4153 1072 4209 080
1083 4135 1287 4192 1¹¹5&mess
1298 4136 1599 4209 Hflliampffll‘heiflms
1611 4157 1661 4196 ⁸1¹·

105 4249 259 4307 fivgntjgu,
277 4266 376 4322 pacem
401 4250 506 4306 habere
532 4267 620 4324 quam
638 4250 794 4320 stadim„
846 4234 965 4304 tequam
976 4230 1073 4287 veniat
1085 4230 1147 4285 dics
1159 4228 1273 4286 Domini
1285 4245 1410 4300 magnus
1420 4233 1449 4285 et
1466 4230 1609 4289 terribilis.
1625 4234 1660 4290 Et

105 4360 204 4401 errare
218 4361 304 4416 quam
322 4344 460 4399 sumimus
847 4327 994 4381 convertet
1010 4327 1188 4395 carpatium
1207 4321 1244 4377 ad
1264 4321 1348 4390 illios,
1363 4326 1392 4378 at
1410 4339 1460 4378 cor
1477 4324 1605 4381 filiorum
1621 4327 1660 4383 ad

316 4437 482 4489 contemtio,
846 4421 944 4490 patres
955 4433 1056 4473 eorum
1066 4434 1073 4486 ;
1085 4434 1121 4471 ne
1132 4418 1206 4472 torte
1217 4414 1332 4470 reniam
1341 4418 1371 4470 et
1378 4416 1540 4487 percutiam
1549 4422 1659 4477 terram

105 4516 216 4591 lignum
230 4523 258 4574 et
266 4518 375 4590 justum
388 4522 439 4587 est,
453 4517 633 4590 omnipotens
650 4517 733 4586 Deus,
744 4516 834 4590 perD
845 4511 1041 4578 anathemate,
1053 4510 1094 4565 ait
1106 4510 1246 4565 Dominus
1260 4509 1343 4565 Deus.

105 4627 124 4667 n
144 4611 295 4667 Dominum
321 4617 462 4668 nostrum.
477 4612 564 4683 Cujus
588 4626 683 4666 rocem
708 4610 798 4666 Adam
994 4610 1109 4676 Epistola
1121 4609 1192 4660 Pauli
1208 4609 1512 4674 apostoliadltomanoa.

117 4709 146 4761 et
157 4705 253 4761 timuit
263 4705 350 4778 ipsius
362 4711 524 4778 aspectum
541 4704 609 4761 Abel
619 4704 759 4778 quaesivit,
770 4708 799 4761 et
883 4698 1005 4766 Fratres,
1016 4713 1075 4753 uon
1083 4712 1152 4767 ergo
1165 4699 1269 4768 regnat
1277 4700 1428 4768 peccatum
1441 4698 1471 4753 in
1486 4704 1579 4759 vestro
1585 4719 1660 4760 mor·

115 4798 202 4870 Cujus
223 4816 328 4856 nomen
350 4801 446 4856 Enoch
469 4799 597 4870 credidit,
621 4803 649 4856 et
670 4799 796 4868 vocavit3
847 4792 898 4848 tali
919 4807 1049 4864 corpore,
1063 4793 1094 4845 ut
1107 4789 1250 4846 obediatis
1264 4792 1501 4864 concupiscentiis
1516 4796 1587 4867 ejus.
1604 4798 1660 4854 Sed

105 4892 200 4949 ratium
217 4894 273 4949 Noe
289 4894 459 4965 justificatus
478 4894 596 4949 invenit.
610 4893 698 4965 Crrjus
709 4893 797 4951 bene·
848 4900 941 4958 neque
962 4884 1120 4940 exhibeatis
1137 4883 1269 4940 membra
1287 4889 1382 4941 restra
1400 4903 1484 4942 aram
1502 4887 1662 4960 iniquitatis

104 4982 408 5039 mabrahamvocatus
418 4983 536 5055 accepit,
551 4983 639 5056 ipsius
651 4983 797 5040 caritatem
846 4982 981 5051 peccato;
996 4977 1047 5033 sed
1059 4978 1190 5034 exhibete
1201 4995 1251 5034 vos
1263 4979 1322 5035 Deo
1337 4982 1487 5051 tamquam
1498 4998 1531 5037 ex
1540 4986 1662 5041 mortuis

105 5074 201 5132 obatus
214 5077 337 5150 agnovit.
351 5078 438 5148 Cujus
450 5077 701 5134 sanctificationem
712 5076 797 5133 Jacob
847 5073 985 5140 viventes,
995 5075 1025 5127 at
1035 5072 1168 5127 membra
1183 5075 1276 5127 restra
1291 5088 1374 5127 arma
1385 5072 1505 5143 justitiae
1517 5076 1585 5134 Deo.
1596 5080 1663 5137 Psc-

107 5171 238 5242 ameruit,
263 5171 350 5243 ipsius
371 5172 469 5243 iguem
487 5172 592 5243 ltoyses
615 5172 734 5227 miratus
751 5171 796 5226 in·
846 5170 944 5223 catum
957 5165 1126 5222 enimvobis
1140 5181 1197 5220 nou
1211 5165 1418 5223 dominabitur.
1434 5170 1497 5227 Non
1514 5171 1594 5229 enim
1609 5176 1661 5230 sub

105 5262 182 5336 :mus
194 5263 329 5320 ducatum
346 5267 427 5320 lesus
440 5264 493 5320 sibi
506 5265 633 5322 conscius
646 5263 775 5321 adoravit
788 5281 795 5319 :
847 5262 911 5334 lege
924 5260 1002 5329 estis,
1022 5260 1073 5316 sad
1093 5258 1145 5314 sub
1165 5258 1268 5329 gratia.
1281 5258 1355 5323 Quid
1371 5277 1440 5334 ergo
1451 5263 1465 5318 t
1478 5268 1662 5340 peccabimus

105 5356 217 5413 usitate
230 5358 358 5413 Debbora
378 5359 501 5414 cantavit
512 5360 542 5415 iu
557 5374 633 5414 voce.
647 5358 733 5430 Cujus
745 5375 797 5430 po·
847 5356 987 5428 quoniam
997 5371 1057 5410 non
1067 5353 1223 5408 sumussub
1231 5353 1306 5424 lege,
1317 5355 1369 5408 sed
1381 5356 1433 5411 sub
1444 5361 1660 5428 gratiaihbsit.

111 5451 223 5508 Gedeon
236 5452 366 5523 probavit
377 5453 409 5509 in
421 5453 525 5509 vellere
537 5470 544 5508 ε
558 5453 646 5525 ipsius
658 5452 798 5508 fortitudi-
846 5450 964 5505 Nescitis
979 5448 1023 5504 cui
1038 5446 1204 5502 exhibuistis
1215 5462 1265 5501 ros
1284 5463 1380 5504 servos
1399 5448 1437 5505 ad
1454 5451 1661 5521 obediendum,

105 5559 188 5600 mson
209 5545 332 5602 ostendit
351 5546 381 5602 in
404 5548 492 5603 crine.
514 5547 599 5618 Cujus
621 5546 797 5617 majestatem
847 5543 920 5598 servi
933 5541 1002 5597 estis
1011 5540 1073 5612 ejus
1085 5539 1131 5596 cui
1141 5539 1273 5611 obeditis,
1288 5541 1345 5597 sire
1357 5545 1467 5615 peccati
1477 5545 1507 5600 in
1525 5551 1660 5616 mortem,

108 5636 179 5695 vidit
192 5638 222 5695 iu
240 5645 352 5711 sancto,
367 5640 454 5713 ipsius
467 5639 693 5712 magnitudinem
712 5639 798 5695 David
847 5636 904 5691 sire
925 5631 1100 5691 obeditionis
1122 5633 1340 5705 adjustitiam?
1359 5637 1469 5693 Gratias
1488 5643 1584 5694 autem
1602 5641 1661 5699 Deo

106 5730 161 5789 tin
172 5737 319 5808 tympano.
336 5734 423 5806 Cujus
436 5735 576 5790 honorem
589 5732 722 5790 Salonmn
734 5733 797 5806 glo·
848 5728 926 5803 quod
942 5727 1035 5786 luistis
1051 5728 1124 5787 servi
1136 5727 1253 5801 peccati,
1267 5728 1403 5786 obedistis
1416 5733 1512 5786 autam
1529 5747 1563 5789 ex
1574 5735 1662 5792 corda

114 5824 273 5899 intemplo,
287 5826 376 5900 ipsius
394 5830 587 5885 ascensionem
600 5828 691 5885 flebas
703 5827 797 5900 prasti-
847 5824 877 5880 in
889 5838 953 5881 sam
966 5823 1096 5885 formam
1110 5822 1255 5889 coctana,
1266 5821 1297 5877 iu
1307 5836 1364 5894 qua
1379 5821 1473 5877 traditi
1489 5824 1565 5883 estis.
1578 5826 1660 5887 Libe.
