3884 6150
727 426 1229 564 eruseuannr.

338 629 947 751 EXHORTATIO
992 630 1624 754 dominareris

171 822 191 878 l.
214 816 344 889 Quisquis
368 819 441 870 nutu
468 815 517 870 [lei
534 815 684 887 cujuslibet
700 807 785 870 officii
811 815 948 887 dignitate
960 816 1100 901 AOleum
1125 821 1220 873 autem
1246 819 1400 890 peceateris
1424 819 1549 875 adulatio
1575 824 1632 890 est,
1664 835 1728 891 quae
1760 819 1818 876 leri

134 915 278 988 praeluces,
289 910 336 964 hic
346 909 471 981 providae
482 908 694 980 gubernationis
707 909 829 964 utilitate
841 909 950 966 caeteris
998 911 1121 982 quadam
1135 916 1164 967 et
1176 912 1254 967 suavi
1271 913 1404 968 unctione
1417 916 1503 983 eaput
1521 913 1663 968 interioris
1679 912 1816 982 hominis,

79 1058 87 1065 .
132 1002 466 1080 praecedis⁸hominibus,
476 1003 549 1058 hane
561 1003 836 1059 exhortatiunculam
856 1019 949 1058 meam
999 1005 1075 1076 quod
1089 1009 1130 1059 est
1144 1021 1202 1076 cor,
1224 1006 1304 1078 quasi
1322 1007 1456 1079 ungendo
1475 1006 1615 1061 dinitidat.
1630 1006 1727 1061 ltlelius
1747 1023 1818 1078 ergo

132 1100 292 1170 diligenter,
304 1114 410 1170 quaeso,
424 1097 552 1168 recipias,
566 1113 617 1152 nec
630 1114 781 1169 pomposas
794 1096 823 1153 in
839 1114 872 1153 ea
884 1113 948 1169 spu·
998 1098 1118 1170 sibiipsi
1136 1115 1196 1154 esse
1211 1099 1283 1155 dixit
1302 1100 1442 1172 propheta
1462 1100 1549 1155 david
1562 1099 1597 1154 ab
1609 1099 1725 1155 homine
1736 1101 1818 1171 justo

131 1209 192 1248 mas
204 1193 353 1248 rhetorum
366 1208 491 1264 quaeram
511 1191 578 1263 quia
592 1192 761 1247 humilitatis
780 1191 870 1247 rietus
891 1208 948 1247 non
998 1192 1080 1264 argui
1096 1193 1139 1248 rel
1155 1193 1275 1262 moneri,
1290 1210 1376 1266 quam
1390 1193 1518 1265 aquosis
1534 1193 1679 1250 adulatore
1694 1193 1816 1248 laudari.

130 1287 282 1342 verborum
296 1285 425 1356 elatione,
447 1286 493 1340 sed
513 1286 617 1341 mentis
636 1286 760 1358 puritate
779 1285 946 1357 requiritur.
998 1286 1082 1341 Recte
1095 1291 1190 1343 autem
1206 1286 1382 1342 adulatorem
1395 1287 1547 1359 peccatoris
1567 1287 1682 1343 nomine
1697 1286 1816 1341 denem-

131 1383 165 1437 ut
177 1381 200 1435 si
214 1380 285 1435 forte
299 1379 397 1434 durius
406 1379 513 1452 aliquid
526 1380 624 1434 videor
639 1379 728 1452 loqui,
751 1380 876 1435 veritatis
887 1379 948 1434 haec
997 1379 1048 1448 sit,
1061 1380 1141 1451 cujus
1155 1380 1184 1436 id
1193 1381 1351 1436 maximum
1365 1385 1430 1436 ante
1444 1381 1538 1436 oculos
1547 1381 1597 1436 Dei
1610 1386 1637 1436 et
1651 1381 1816 1436 detestabile

130 1475 222 1546 eulpa,
238 1490 296 1528 non
308 1489 371 1528 mea
391 1477 442 1528 est.
461 1474 530 1527 Nam
549 1474 612 1528 ideo
631 1474 760 1545 quaedam
782 1473 852 1528 dura
870 1477 946 1542 sunt,
998 1478 1040 1530 est
1053 1478 1210 1546 peecatum,
1222 1475 1298 1530 aliud
1308 1476 1391 1530 corde
1407 1479 1514 1545 tenere,
1528 1475 1603 1530 aliud
1616 1490 1665 1530 ore
1677 1475 1815 1546 preferre.

130 1567 261 1641 quaedam
275 1567 387 1635 mollia3
402 1567 450 1622 sed
460 1571 487 1622 et
497 1568 626 1639 quamvis
640 1568 810 1622 alterutrum
824 1566 876 1621 sibi
890 1583 948 1620 om·
998 1568 1036 1623 [le
1050 1568 1152 1623 talibus
1165 1569 1241 1624 euim
1255 1575 1283 1624 ct
1299 1569 1329 1623 in
1344 1569 1398 1624 alio
1411 1570 1520 1624 Psalmo
1532 1568 1599 1624 dicit
1615 1585 1622 1623 ε
1636 1570 1737 1623 Molliti
1750 1576 1817 1623 sarit

129 1679 180 1718 nes
193 1660 450 1716 hominesdebeant
460 1660 617 1726 veritatem,
628 1661 717 1716 libere
727 1661 945 1731 tamenleqnar:
996 1678 1129 1718 santones
1155 1663 1214 1730 rjus
1245 1678 1326 1733 super
1357 1664 1454 1726 etcum,
1483 1668 1508 1717 et
1540 1665 1595 1732 ipsi
1626 1667 1690 1716 sunt
1716 1663 1817 1731 jacula

129 1755 238 1811 nemini
251 1755 343 1810 verius
357 1754 458 1809 debere
468 1753 575 1825 aliquid
590 1755 653 1823 diei,
669 1771 756 1826 quam
776 1754 801 1808 ei
815 1754 864 1826 qui
877 1771 948 1826 pne·
998 1756 1050 1827 (Ps.
1065 1773 1117 1824 ιιι,
1135 1759 1190 1825 22).
1206 1757 1332 1826 [ch'usto
1345 1756 1547 1821 autemdicit:
1564 1757 1697 1826 Loquitur
1713 1758 1814 1810 aerde-

129 1850 201 1904 sidet
213 1848 318 1903 multis.
339 1847 391 1902 Cui
412 1848 463 1903 etsi
483 1864 617 1919 asperum
635 1847 740 1919 aliquid
766 1864 801 1902 ex
828 1848 947 1902 veritate
997 1855 1078 1904 tetcrn
1090 1852 1119 1903 in
1132 1850 1210 1904 corde
1222 1866 1279 1912 saro,
1302 1856 1326 1904 et
1343 1866 1397 1903 non
1416 1852 1470 1918 epit
1487 1851 1579 1904 dolum
1600 1851 1631 1903 in
1649 1851 1743 1916 litaque
1763 1864 1816 1904 sue

128 1942 289 2015 aliquando,
317 1946 350 1996 ut
378 1941 486 2011 assolet,
510 1941 659 2011 offeratur,
685 1941 762 1996 velut
787 1941 946 1996 antidotum
997 1941 1050 2013 (Pa.
1064 1959 1119 2009 xiv,
1136 1943 1173 2014 3).
1187 1944 1222 1997 ut
1234 1946 1329 1998 autem
1343 1943 1373 1997 in
1386 1943 1431 1997 his
1444 1943 1528 1997 rebus
1542 1943 1646 2014 quasvis
1663 1941 1816 1997 hominum

127 2037 280 2109 quoddam,
296 2035 423 2108 quamvis
436 2035 508 2090 torte
522 2036 567 2104 sit,
580 2039 675 2090 tamen
688 2034 755 2106 quia
768 2033 946 2089 salutiferum
997 2037 1135 2091 subtilitas
1142 2036 1221 2091 nulle
1229 2052 1357 2109 unquam
1364 2037 1534 2092 laudationis
1541 2036 1740 2091 titillamentoc
1756 2052 1818 2090 cre·
1830 2078 1842 2097 ,

87 2171 91 2175 -
126 2135 178 2201 est,
195 2130 314 2200 etiamsi,
329 2128 472 2199 amaricet,
488 2128 708 2183 bibendumest.
995 2130 1141 2187 dulitatem
1166 2131 1270 2186 mentis
1302 2135 1359 2186 tuae
1392 2130 1516 2185 attrahat
1539 2130 1569 2184 in
1594 2146 1746 2199 consensu,
1780 2130 1818 2184 ad

164 2225 195 2278 lt.
211 2225 266 2279 lloe
280 2240 347 2295 ergo
360 2224 458 2278 hortor
469 2222 499 2277 in
514 2221 624 2293 primis,
643 2226 676 2275 ut
696 2238 809 2293 semper
824 2222 945 2277 delecta·
956 2201 984 2272 Β
996 2223 1084 2295 ipsius
1108 2224 1218 2277 bomini
1243 2224 1332 2279 uestri
1355 2225 1420 2279 tesu
1449 2223 1552 2279 Christi
1580 2224 1740 2295 evangelica
1765 2223 1817 2276 illa

126 2317 195 2373 bilia
204 2317 345 2372 illanimis
354 2316 945 2386 hominumblandimentapertirneas.Nen
996 2322 1073 2389 gesta
1099 2320 1276 2384 convertere3
1308 2321 1336 2372 et
1364 2317 1491 2372 invenies
1513 2316 1594 2371 illum
1614 2318 1816 2370 deremendum

127 2411 204 2468 enim
219 2412 250 2467 in
264 2412 316 2466 hae
330 2414 449 2466 retenta
462 2410 615 2481 vigilantiae
628 2409 767 2464 industria
785 2408 946 2465 adhibenda
995 2413 1137 2466 Dominum
1162 2411 1256 2481 (Apee.
1283 2427 1338 2480 xia,
1364 2413 1405 2480 rot
1431 2427 1570 2482 magnum
1596 2409 1675 2464 nobis
1702 2409 1816 2464 dedisse

127 2510 178 2575 est,
199 2511 337 2577 quantum
362 2505 391 2558 in
412 2504 469 2558 illis
490 2502 669 2558 sermonibus
689 2502 871 2573 repellendis,
896 2502 945 2575 qui
984 2504 1071 2560 ‘iuter
1085 2505 1225 2559 humanas
1244 2504 1340 2559 laudes
1359 2503 1529 2559 humilitatis
1547 2503 1719 2575 exemplum.
1736 2504 1816 2557 lianc

126 2599 170 2656 sib
183 2600 356 2671 rigiditatem
366 2598 454 2652 animi
464 2597 586 2670 quadam
599 2596 813 2651 simulationum
826 2596 945 2651 delecta·
995 2614 1063 2670 ergo
1081 2598 1187 2667 excole,
1203 2598 1332 2669 hancque
1349 2598 1516 2669 magistram
1535 2596 1648 2664 habeto,
1670 2597 1744 2650 hane
1762 2595 1815 2650 tibi

124 2694 201 2750 tione
214 2694 395 2762 subnervant,
406 2692 456 2763 qui
464 2691 660 2763 promerendae
669 2690 765 2761 gratiae
775 2689 945 2759 aditus,non
994 2692 1069 2747 inter
1081 2691 1278 2746 laudationum
1291 2691 1437 2746 illecebras
1450 2690 1586 2746 arbitram
1599 2707 1682 2762 ponc.
1705 2690 1815 2753 Quanta

126 2788 256 2843 laborum
265 2786 375 2853 merito,
384 2785 432 2840 sed
439 2784 668 2839 adsentationum
675 2784 794 2838 rimatur
801 2784 943 2838 acumine.
993 2786 1086 2857 portio
1099 2803 1133 2840 cr
1147 2785 1268 2857 hisquae
1283 2784 1413 2839 homines
1424 2784 1600 2839 adlaudando
1613 2783 1754 2848 tribuunt,
1770 2782 1814 2835 rel

124 2881 208 2937 Utilia
223 2898 291 2952 ergo
304 2879 397 2950 polim
411 2894 497 2951 quam
512 2877 694 2947 obsequentia
709 2877 793 2931 rerba
812 2876 942 2948 recipies
994 2882 1098 2950 quanto
1111 2883 1240 2950 tempere
1253 2883 1302 2933 tna
1315 2878 1361 2947 sit,
1383 2878 1442 2932 haee
1462 2894 1519 2932 non
1529 2877 1677 2949 permittas
1698 2874 1814 2947 placidis

125 2979 203 3029 reeta
216 2972 307 3044 magis
319 2988 405 3043 quam
417 2968 711 3040 affabiliaetjucunda
720 2970 855 3041 captabis.
865 2970 942 3024 hdu-
993 2972 1108 3027 auribus
1120 2973 1229 3042 andire,
1243 2972 1310 3043 quia
1325 2973 1401 3026 ficta.

125 3067 196 3123 lauti
209 3066 350 3138 siquidem
364 3064 535 3136 adgaudere,
549 3063 662 3135 regium
675 3062 775 3117 vitium
790 3066 851 3133 est3
871 3063 941 3118 adu·
1029 3067 1071 3120 lV.
1091 3067 1234 3121 Postremo
1252 3065 1312 3120 haee
1330 3069 1425 3120 saneta
1448 3065 1606 3131 humilitas,
1630 3061 1775 3117 subductis
1796 3079 1814 3115 a

126 3160 181 3217 lari
191 3176 268 3229 vero,
282 3159 381 3214 servile
394 3163 445 3213 est.
462 3158 515 3213 Sed
536 3157 664 3229 quamvis
687 3156 814 3211 adulanti
833 3156 941 3228 adgau-
992 3163 1020 3214 te
1035 3158 1163 3214 emnium
1176 3159 1389 3215 simulationum
1401 3158 1551 3227 illecebris,
1564 3163 1631 3214 tune
1644 3156 1695 3210 tibi
1708 3156 1812 3209 coelum

127 3254 193 3311 dere
206 3255 318 3326 regium
333 3254 378 3320 sit,
393 3257 488 3308 tamen
502 3251 602 3307 vitium
615 3266 667 3305 usu
681 3251 865 3305 rerrraculum
878 3251 940 3318 hoc,
992 3253 1109 3325 aperiet,
1120 3270 1186 3308 cum
1198 3252 1251 3308 tibi
1262 3253 1292 3307 in
1305 3269 1374 3307 aure
1385 3252 1489 3307 dixerit
1500 3268 1507 3306 :
1520 3253 1590 3318 Quin
1604 3257 1677 3306 terre
1690 3264 1716 3302 es
1732 3247 1809 3315 (Gen.

127 3354 156 3406 et
170 3349 250 3422 quasi
263 3347 410 3419 preprium
425 3362 529 3401 arunas
543 3350 594 3415 est,
609 3345 724 3416 egregie
743 3344 827 3399 rerba
840 3349 940 3415 poten·
992 3363 1032 3416 ιιι,
1054 3348 1110 3417 ltl);
1130 3352 1197 3401 tune
1217 3351 1245 3402 te
1264 3346 1295 3401 iu
1315 3347 1364 3401 illa
1388 3363 1454 3401 vera
1482 3346 1614 3400 societate
1639 3341 1813 3396 haereditatis

126 3449 189 3500 tum
204 3441 349 3514 subsequi,
370 3445 398 3496 et
418 3457 452 3496 err
471 3439 585 3494 illorum
605 3438 798 3494 voluntatibus
818 3439 941 3493 formare
992 3439 1041 3494 Dei
1060 3439 1225 3510 introducit,
1254 3456 1320 3495 euni
1349 3445 1377 3495 te
1399 3441 1428 3495 in
1452 3439 1584 3495 omnibus
1608 3434 1810 3492 admonuerit:

127 3553 298 3594 sermonem.
312 3537 380 3590 Nam
393 3534 417 3589 si
430 3534 498 3607 quid
510 3534 582 3588 torte
594 3532 779 3599 laudaverint,
795 3537 823 3587 et
840 3532 869 3586 id
884 3548 940 3587 non
954 3572 982 3647 C
994 3533 1064 3600 Quia
1076 3534 1151 3588 honio
1164 3550 1190 3588 rs
1204 3537 1228 3588 et
1238 3540 1373 3604 peccator.
1388 3535 1421 3588 et
1441 3550 1506 3588 eum
1524 3533 1668 3587 universas
1690 3528 1813 3583 rationes

126 3631 249 3688 libenter
266 3630 358 3685 audiri
380 3628 588 3700 prospexerint,
613 3626 746 3681 continuo
765 3632 905 3696 accusant,
921 3626 944 3681 si
994 3644 1030 3683 ea
1042 3628 1161 3699 hisquae
1173 3628 1208 3682 ad
1223 3632 1250 3683 te
1263 3627 1418 3699 pertinent,
1427 3628 1456 3682 in
1469 3627 1554 3699 hujus
1567 3621 1736 3679 humilitatis
1746 3637 1812 3691 sup

126 3725 195 3798 quid
209 3724 293 3795 paulo
306 3727 370 3778 ante
381 3722 579 3776 laudaverunt.
598 3720 625 3776 Si
638 3719 706 3790 quid
719 3736 785 3774 vero
802 3720 943 3791 vitupera·
993 3722 1138 3796 putatione
1148 3721 1326 3793 prospexeris
1341 3721 1455 3791 (miram
1474 3737 1536 3775 rem
1551 3719 1662 3788 dicam),
1683 3715 1811 3770 invenies

125 3818 226 3888 verint,
241 3817 271 3872 id
283 3817 398 3885 iterum,
412 3815 437 3869 si
459 3814 499 3869 ita
515 3819 635 3885 patrono
654 3812 747 3867 risum
761 3813 857 3883 luerit,
881 3814 943 3869 lau·
993 3815 1123 3871 homines
1137 3816 1173 3870 ad
1186 3815 1301 3869 honoris
1314 3815 1356 3869 tui
1369 3814 1517 3870 cumulum
1530 3810 1740 3883 augmentando
1753 3808 1809 3863 mi·

127 3913 206 3970 dant.
221 3913 311 3982 litque
325 3909 453 3965 itaintcr
467 3908 517 3962 hos
531 3907 600 3962 tales
614 3906 719 3962 adulati
733 3907 945 3963 animuslertur
993 3925 1091 3978 nuere,
1119 3909 1192 3963 hanc
1217 3923 1283 3962 vero
1313 3908 1400 3962 solam
1426 3906 1582 3962 minuendo
1607 3905 1669 3976 plus
1695 3903 1809 3957 addere.

126 4010 263 4078 tauquam
275 4003 354 4059 naris
365 4003 440 4058 inter
452 4002 541 4057 varios
555 4017 689 4057 aurarum
701 4000 795 4071 ssatus,
810 4001 944 4072 quianon
994 4002 1130 4069 Quantum
1145 4018 1207 4071 erpo
1219 4018 1333 4071 rnnqnns
1352 4018 1389 4065 cs,
1403 4005 1435 4057 ut
1448 4001 1488 4056 ait
1506 4001 1647 4067 Salomon,
1667 4002 1772 4051 timitem
1786 4001 1810 4049 te

127 4099 300 4158 habetunde
313 4101 394 4154 exeat
406 4101 434 4152 et
447 4096 611 4151 fluctuatur.
626 4096 702 4150 Inter
713 4095 855 4166 hos'ergo
871 4112 943 4167 quo·
994 4097 1109 4152 humilio
1121 4097 1212 4167 (decli.
1229 4113 1269 4166 m,
1283 4097 1339 4167 20).
1359 4096 1429 4160 Quia
1451 4100 1479 4150 et
1499 4111 1565 4149 cum
1585 4092 1690 4147 multos
1705 4090 1809 4161 girber-

127 4211 193 4252 rum
206 4192 366 4250 uberrimus
379 4196 512 4264 quaestus,
526 4189 573 4245 hie
585 4189 707 4244 maxime
727 4193 779 4258 est,
798 4189 945 4244 desideriis
994 4191 1113 4261 aareris,
1129 4207 1186 4245 non
1199 4196 1242 4246 est
1255 4195 1350 4246 tamen
1364 4189 1509 4261 perfectio,
1524 4189 1547 4242 si
1564 4188 1617 4241 hoe
1630 4185 1706 4258 quod
1720 4183 1811 4253 majus

126 4291 221 4347 rivere
245 4288 354 4359 alienis,
380 4286 510 4342 animum
530 4289 613 4340 tuum
639 4299 750 4338 summa
769 4282 944 4338 discretionis
994 4290 1045 4355 est,
1059 4288 1090 4339 tu
1104 4284 1178 4339 solus
1191 4285 1338 4355 restiteris,
1352 4299 1439 4355 quem
1458 4283 1616 4354 gubernare
1632 4296 1690 4334 non
1709 4276 1809 4349 possis.

128 4400 261 4441 mensura
281 4381 456 4454 constringe;
480 4384 512 4434 ut
530 4395 596 4433 cum
614 4376 698 4432 multi
716 4376 863 4432 adulantes
877 4377 944 4432 hine
993 4379 1070 4434 Tune
1083 4379 1161 4435 enim
1174 4378 1237 4433 aliis
1252 4394 1318 4433 rere
1337 4377 1461 4449 praeibis,
1481 4392 1547 4430 cum
1569 4374 1647 4446 prius
1665 4370 1811 4444 praeiveris

128 4483 213 4549 etque
226 4477 291 4532 inde
304 4476 377 4531 nihil
391 4474 467 4530 aliud
480 4473 536 4529 nisi
552 4477 664 4528 tantrun
677 4471 754 4544 quod
768 4471 886 4526 delectet
897 4471 943 4526 in·
993 4472 1054 4528 tibi.
1069 4473 1124 4528 Nee
1138 4473 1214 4528 enim
1229 4472 1309 4526 malis
1323 4488 1399 4526 nune
1413 4487 1491 4542 erge,
1510 4469 1558 4524 sed
1579 4483 1665 4540 quam
1685 4465 1809 4520 maxime

128 4571 251 4639 sinuant,
265 4568 414 4623 offerentes
427 4568 557 4639 quaedam
570 4567 668 4639 gloriae
686 4566 782 4635 rerba,
798 4564 944 4637 inquibus
992 4566 1074 4622 bonis
1087 4567 1147 4621 haec
1165 4567 1275 4638 loquor.
1295 4566 1365 4620 Nam
1387 4564 1410 4619 si
1429 4564 1465 4619 ad
1483 4562 1680 4634 magisterium
1699 4559 1749 4613 Dei
1762 4574 1808 4612 re-

91 4662 95 4672 ’
127 4665 182 4722 hoc
192 4663 245 4720 tibi
257 4658 362 4718 dieitur
373 4660 449 4733 quod
464 4663 492 4714 et
505 4661 570 4730 Deo,
585 4659 894 4732 agrioseas‘nihilaliud
909 4675 943 4714 ex
993 4660 1102 4732 spicias,
1118 4676 1175 4715 non
1193 4661 1284 4715 solum
1302 4658 1453 4733 peccatori,
1468 4657 1518 4713 sed
1536 4656 1638 4711 sanctis
1657 4655 1721 4709 data
1734 4668 1807 4723 prae-

127 4757 173 4816 his
188 4757 338 4830 proprium
354 4760 438 4811 tuum
455 4752 525 4823 esse',
543 4753 600 4807 nisi
618 4753 673 4807 hoc
692 4757 804 4808 mutum
821 4753 896 4825 qued
916 4758 944 4808 et
992 4758 1073 4826 cepta
1087 4758 1163 4809 sunt.
1181 4753 1288 4809 Dicitur
1300 4757 1328 4808 et
1341 4752 1395 4808 illis
1408 4752 1526 4806 verbum
1538 4749 1673 4814 veritatis,
1688 4762 1746 4801 non
1763 4750 1806 4800 ta·

126 4856 232 4920 tecum,
246 4855 275 4906 et
288 4849 401 4917 cumde
413 4849 466 4904 hae
479 4848 536 4902 vita
547 4845 709 4914 excesseris,
724 4862 942 4916 permansurum
992 4864 1059 4903 men
1073 4852 1104 4903 ut
1126 4847 1196 4902 llant
1217 4847 1296 4916 beni,
1318 4847 1394 4919 quod
1416 4848 1482 4901 sunt
1491 4863 1499 4915 ;
1524 4844 1571 4899 sed
1589 4859 1625 4898 ne
1641 4841 1710 4895 liant
1729 4839 1807 4904 mali,

128 4949 180 5002 est.
952 4942 1067 5024 unod
1091 4958 1149 4997 non
1167 4945 1243 4996 sunt.
1264 4941 1353 4997 Crede
1372 4943 1466 4995 autem
1485 4939 1552 5011 quia
1568 4935 1649 4991 honis
1670 4935 1734 5005 plus
1754 4932 1807 4986 hoc

95 5101 100 5109 ⁴
165 5041 207 5095 lll.
225 5038 399 5094 {nomnibus
419 5053 487 5107 ergo
510 5034 660 5108 inquibus
683 5033 876 5090 adulationum
896 5035 940 5090 ni·
992 5037 1068 5109 qued
1080 5051 1195 5108 purum,
1210 5035 1287 5107 quod
1299 5035 1441 5089 sincerum
1455 5038 1506 5102 est,
1519 5033 1637 5104 placeat.
1652 5029 1720 5083 Nam
1734 5027 1808 5081 Deus

127 5134 227 5190 mietas
239 5133 324 5187 etiarn
334 5130 470 5187 termines
483 5129 592 5189 homiui
608 5131 798 5200 competentes
812 5128 940 5198 excessit,
990 5135 1086 5185 noster
1099 5145 1157 5184 non
1168 5131 1278 5183 mutum
1292 5127 1420 5183 dulcibus
1432 5126 1615 5181 adorantium
1624 5140 1653 5177 se
1666 5119 1806 5193 precibus,

126 5227 197 5283 illud
215 5226 379 5281 davidicum
400 5223 589 5279 recordaveris
612 5222 824 5292 documentum,
840 5221 870 5276 in
885 5238 941 5294 quo
990 5227 1130 5296 quantum
1152 5222 1312 5277 innocentia
1332 5227 1360 5277 et
1382 5220 1562 5293 simplicitate
1584 5217 1721 5289 placatur.
1743 5212 1808 5267 Plus

126 5320 174 5377 ille
187 5336 295 5375 venena
311 5319 506 5374 adulationum
523 5317 659 5386 devitans,
671 5316 710 5371 ait
728 5332 735 5369 :
752 5315 884 5385 Corripiet
900 5331 941 5370 ene
989 5317 1046 5372 illis
1073 5322 1168 5373 autem
1189 5315 1337 5384 inclinans,
1365 5316 1415 5386 qui
1441 5315 1579 5369 sinceram
1600 5324 1758 5383 puramque
1781 5308 1809 5361 ei

122 5415 217 5486 justus
238 5415 268 5467 in
290 5413 486 5474 misericordie,
504 5417 530 5466 ct
547 5416 642 5478 erqnet
662 5426 726 5476 rrae,·
749 5411 835 5464 oleum
852 5413 942 5464 entem
990 5416 1116 5467 mentem
1128 5410 1261 5478 efferunt,
1275 5427 1361 5482 quam
1374 5410 1425 5482 qui
1439 5408 1535 5464 suavia
1553 5406 1714 5460 orationum
1728 5402 1806 5456 intu-

123 5510 273 5583 peecetoris
292 5523 346 5562 nen
365 5507 514 5576 impiaquet
533 5509 614 5576 ceput
633 5519 720 5559 mcum
745 5504 798 5575 (Ps.
824 5520 883 5571 exa,
902 5504 938 5574 ὅ).
989 5504 1074 5560 lerint
1085 5505 1288 5561 blandimenta.
1303 5505 1363 5560 Non
1373 5502 1499 5560 enimad
1511 5501 1601 5557 alium
1611 5498 1683 5555 mihi
1694 5498 1728 5553 de
1737 5512 1807 5551 rana

161 5649 278 5719 'Forte
293 5644 417 5703 utleetie
432 5648 551 5716 constet,
564 5644 728 5717 legendum,
744 5643 938 5715 etpreeidc...
989 5643 1139 5703 sententia.
1182 5717 1188 5728 ἤ
1227 5717 1233 5730 .
1395 5717 1401 5730 ·
1563 5711 1614 5772 Edi

122 5721 328 5853 μῗῗὲξῑῗᾶωα
336 5792 360 5850 st
368 5788 526 5849 redundare
536 5786 656 5861 ridetur,
671 5786 796 5864 alioquin
805 5803 940 5863 suspensa
1025 5718 1092 5774 elta
1106 5733 1300 5792 remmus
1309 5732 1365 5791 quo
1379 5716 1549 5775 mmmmm
1615 5717 1636 5770 t·
