3884 6150
205 269 254 331 ter
594 224 1487 328 urruorxmornmsstscnesmouruarsrmsrs.
1834 270 1883 328 rra

203 380 455 443 neocesariae
472 380 583 439 concilii
602 379 790 436 Narbonensis
808 396 898 435 canon
915 384 924 436 t
944 383 1017 436 vetat
1026 391 1132 466 Aoum
1149 379 1320 436 Turonensis
1338 379 1496 453 episeopus,
1512 375 1564 435 sihi
1586 371 1749 452 populoque
1772 394 1824 435 suo
1845 379 1883 436 ti·

203 491 240 533 ne
253 477 347 534 clerici
356 477 505 551 purpureis
513 471 806 544 restibosinduantur,
816 490 918 547 nempe
926 474 955 530 in
962 491 1017 529 oso
1066 490 1176 529 mensa
1193 475 1289 531 furore
1308 474 1513 531 Gontchramni
1530 474 1606 546 regis
1618 473 1753 544 militum,
1768 472 1884 530 effracto

203 570 323 644 volgari.
1066 583 1123 623 uno
1136 569 1171 624 de
1187 568 1272 624 sacris
1287 569 1451 625 ministeriis
1467 567 1551 624 calice
1571 584 1670 638 aureo,
1686 567 1758 623 etin
1772 568 1883 624 nomis-

240 668 266 721 2.
280 665 387 721 Praeter
398 663 491 719 albam
499 662 651 735 Gregorius
660 662 784 719 casulam
798 661 896 719 b'ieetii
907 661 1017 736 lugdo-
1066 666 1142 717 mata
1164 662 1287 733 redacto,
1307 680 1336 718 se
1359 663 1557 734 populumque
1578 661 1708 718 redemit.
1729 661 1885 734 Gregorius

204 757 299 814 nensis
310 757 440 812 antistitis
454 761 482 811 et
494 773 606 829 capsam
619 758 801 813 memoratio
816 757 936 813 librode
949 757 1018 813 Vitis
1066 761 1164 812 auctor
1181 755 1212 810 in
1229 756 1356 812 Historia
1371 755 1422 811 lib.
1438 772 1473 810 vu
1488 772 1550 828 cap.
1566 757 1612 811 24.
1626 756 1685 810 Huc
1703 759 1811 826 spectat
1824 754 1883 810 fac·

204 851 329 917 Patrum,
345 867 406 922 cap.
419 852 446 905 8.
462 850 559 905 Casula
571 850 709 906 haetenus
722 851 847 923 priscum
860 867 965 907 nomen
977 867 1018 906 re
1067 854 1129 905 tom
1144 849 1256 906 Caesarii
1268 848 1436 905 Arelatensis
1448 849 1581 920 episcopi,
1598 848 1648 922 qui
1662 849 1692 904 in
1706 848 1883 920 redemptio·

203 942 290 997 Dnet:
302 965 315 992 ιι
323 943 411 1015 Capsa
423 950 517 1000 autem
531 944 570 999 ita
580 944 694 1000 dilatata
704 945 914 1012 erat,otsolent
925 943 1018 999 inillis
1067 959 1132 1000 nem
1143 943 1316 1015 captivorum
1329 963 1343 995 ιι
1354 959 1477 1016 expenso
1490 947 1619 1014 argento,
1629 942 1706 1016 quod
1715 941 1887 998 venerabilis

203 1035 329 1091 candidis
347 1037 419 1108 sseri,
438 1055 502 1111 quse
521 1054 573 1110 per
591 1039 734 1115 paschalia
750 1039 821 1094 festa
840 1038 1017 1093 sacerdotnm
1066 1037 1171 1093 Eonius
1189 1043 1349 1093 antecessor
1367 1053 1435 1092 suus
1453 1037 1577 1091 ecelesias
1599 1052 1704 1092 merasce
1718 1035 1885 1107 reliquerat,

202 1127 330 1185 humeris
347 1129 543 1203 imponuntur.
566 1152 580 1183 o
600 1132 746 1203 Diaconos,
760 1132 806 1187 cui
824 1132 896 1187 hanc
909 1130 1018 1186 Priscus
1067 1131 1224 1187 costodiens
1236 1132 1305 1186 illud
1318 1131 1395 1202 qood
1410 1130 1544 1185 Dominus
1557 1130 1586 1186 in
1594 1129 1725 1186 arantino
1735 1129 1887 1202 paropside

204 1221 351 1295 episcopus
363 1224 487 1294 dederat,
499 1242 531 1281 ea
549 1225 708 1299 promiscue
721 1225 838 1280 indotos
851 1225 957 1296 absque
971 1240 1016 1280 rc·
1066 1224 1150 1279 tinnit
1171 1241 1285 1296 paoem,
1299 1241 1357 1279 non
1379 1225 1407 1279 in
1428 1228 1563 1295 argenteo
1581 1239 1655 1290 vase,
1670 1239 1741 1295 opos
1755 1228 1887 1278 sanctum

202 1313 309 1386 ligiane
328 1318 492 1390 procedens,
513 1339 527 1370 ιι
547 1319 639 1375 deciso
659 1318 778 1389 cucullo,
795 1339 809 1369 o
827 1324 960 1389 tegumen
983 1335 1018 1373 ex
1066 1335 1157 1390 osque
1182 1319 1217 1373 ad
1244 1317 1332 1373 divini
1357 1317 1508 1373 ministerii
1534 1317 1791 1389 dispensationem,
1819 1321 1887 1372 erim

204 1405 252 1462 illo
272 1409 392 1480 pedibus
405 1412 519 1484 aptavit.
543 1414 608 1469 Erat
619 1412 738 1486 proinde
752 1429 835 1484 capsa
849 1412 918 1466 illud
929 1428 1018 1484 genus
1066 1412 1230 1479 thuribulis,
1245 1411 1388 1477 calicibus,
1403 1410 1567 1483 patenisque
1588 1427 1640 1484 pro
1659 1410 1826 1466 eorumdem
1839 1426 1885 1466 re·

203 1498 374 1570 indumenti,
393 1505 471 1576 quod
489 1507 574 1562 modo
595 1523 714 1579 cappam
733 1506 920 1578 appellamus,
938 1505 1019 1577 cujus
1068 1505 1230 1577 demptione
1247 1529 1260 1555 »
1276 1505 1410 1575 vendidit,
1426 1521 1484 1560 non
1501 1520 1620 1576 parcens
1638 1504 1724 1560 etiam
1736 1504 1885 1560 colomna·

204 1609 269 1666 pars
289 1594 353 1669 63
372 1599 510 1669 posterior
530 1616 565 1654 ex
577 1599 704 1655 humeris
722 1599 884 1671 dependens
903 1615 954 1670 pro
967 1614 1017 1653 cu·
1067 1616 1131 1653 rom
1152 1618 1165 1650 ιι
1187 1615 1221 1653 ex
1242 1603 1389 1670 argenton
1411 1597 1594 1654 ornamentis.
1617 1599 1689 1653 Tum
1710 1598 1887 1670 interpositis

205 1690 279 1746 collo
291 1692 435 1760 quondam
448 1698 507 1749 erat
520 1693 555 1748 ad
565 1698 650 1765 caput
662 1692 859 1765 operiendum,
872 1692 964 1765 qualis
977 1696 1019 1747 est
1068 1692 1236 1764 quibusdam
1250 1693 1377 1764 ejusdem
1386 1691 1529 1764 pontificis
1536 1692 1681 1747 sententiis
1691 1691 1865 1762 gravissimis
1876 1710 1883 1746 ε

151 1792 155 1804 '
205 1805 294 1862 cappa
304 1788 392 1845 sancti
400 1785 552 1844 hadomari
560 1787 694 1858 episcopi,
705 1787 736 1841 in
745 1785 835 1841 sancti
845 1785 952 1840 Dertini
961 1765 1056 1839 moB
1070 1808 1083 1835 ιι
1098 1787 1158 1840 Non
1171 1785 1264 1855 credo,
1279 1787 1318 1840 ait
1333 1786 1390 1856 (Vir
1411 1786 1531 1857 sanctus)
1547 1785 1722 1840 contrarium
1742 1801 1803 1840 esse
1817 1786 1883 1852 Deo,

205 1882 328 1939 nasterio
345 1882 482 1937 hactenus
500 1884 647 1935 asservata.
669 1879 798 1935 Casolum
816 1877 1019 1950 processoriam
1069 1880 1103 1935 de
1117 1878 1336 1934 ministeriosae
1357 1878 1583 1950 redemptionem
1601 1878 1673 1947 dari,
1684 1878 1734 1950 qui
1748 1894 1777 1933 se
1791 1877 1885 1950 ipsum

204 1980 284 2032 vocat
296 1972 607 2048 Cyprianusepiscopus
616 1972 815 2028 Tolonensisin
829 1972 879 2026 lib.
892 1971 946 2026 rde
959 1970 1019 2025 Vita
1069 1990 1120 2044 pro
1134 1972 1296 2027 hominibus
1306 1972 1500 2044 redemptione
1514 1972 1639 2027 tradidit.
1655 1993 1668 2020 r
1683 1973 1813 2043 Cumque
1825 1971 1886 2043 ejus

203 2068 317 2125 Coesarii
331 2067 455 2142 episcopi
468 2065 647 2137 Arelatensis,
661 2083 741 2121 num.
759 2068 803 2134 23,
819 2064 868 2137 qni
889 2065 1018 2119 liancca-
1068 2066 1174 2121 factum
1197 2065 1244 2120 alii
1264 2065 1420 2137 culparent,
1443 2065 1598 2137 probarent
1618 2081 1685 2120 vero
1706 2065 1765 2135 alii,
1792 2064 1887 2120 subdit

205 2161 297 2218 sulam
311 2184 324 2213 ιι
338 2163 488 2235 albamque
497 2161 671 2234 paschalem,
687 2182 701 2209 ιι
716 2158 833 2231 pauperi
843 2157 955 2213 cuidam
966 2158 1020 2212 lar·
1068 2160 1222 2231 Cyprianus
1235 2159 1382 2230 episcopus
1397 2159 1447 2231 qui
1464 2160 1525 2213 haec
1545 2159 1632 2214 refert
1646 2159 1674 2213 in
1688 2158 1738 2213 lib.
1753 2175 1761 2213 r
1775 2158 1811 2213 de
1825 2158 1885 2214 Cae·

206 2255 282 2328 gitus
295 2259 347 2312 est.
603 2266 607 2273 ’
1069 2254 1135 2309 sarii
1147 2254 1207 2308 Vita
1220 2270 1300 2307 uum.
1317 2256 1346 2307 Π
1362 2269 1369 2306 :
1383 2273 1396 2302 ιι
1408 2253 1506 2308 Nonne
1517 2252 1546 2307 in
1559 2251 1630 2307 vitro
1644 2252 1760 2323 sanguis
1770 2252 1885 2319 Christi,

240 2353 267 2406 3.
282 2350 395 2407 Sacram
409 2347 611 2421 supellectilem
623 2351 732 2402 veteres
744 2361 803 2400 ono
815 2344 950 2400 vocabolo
964 2343 1018 2399 nri·
1069 2347 1140 2409 etin
1154 2346 1232 2418 ligno
1245 2362 1347 2416 eorpus
1360 2346 1594 2417 pretiosissimum
1607 2346 1668 2416 ejus
1682 2345 1821 2417 pependit
1833 2361 1886 2417 pro

204 2443 355 2498 nisterium
374 2441 498 2497 ecclesiae
519 2440 707 2513 appellabant.
736 2437 861 2494 Eximius
880 2451 922 2493 est
941 2437 1019 2492 loeus
1068 2440 1149 2497 nobis
1170 2446 1198 2497 et
1216 2440 1316 2496 sulsit‘l
1330 2461 1344 2492 rr
1358 2442 1425 2506 Quae
1444 2439 1583 2494 sententia
1603 2439 1767 2510 Hieronymi
1780 2439 1887 2495 dictum

205 2535 357 2591 interalios
368 2535 444 2606 apud
458 2533 624 2606 Gregorirrm
637 2535 766 2588 nostrum
779 2531 809 2586 in
819 2531 868 2586 lib.
885 2546 914 2585 ur
927 2529 1018 2585 Distu·
1068 2537 1098 2591 in
1119 2535 1288 2590 memoriam
1303 2539 1415 2591 revocat
1426 2550 1461 2588 en
1475 2533 1594 2605 epistola
1608 2532 1644 2587 ad
1663 2532 1823 2602 Rusticum,
1839 2532 1888 2588 obi

204 2629 255 2685 rim
265 2634 327 2701 eap'.
339 2631 382 2698 lb,
393 2626 442 2683 ubi
452 2627 487 2683 de
502 2626 681 2683 Childeberto
695 2640 772 2696 rege,
786 2623 836 2696 qui
846 2640 881 2679 en
889 2623 1019 2695 Hispania
1068 2630 1103 2686 de
1117 2628 1256 2701 Exuperio
1268 2630 1372 2685 Tolosae
1386 2627 1527 2700 episeopo,
1539 2626 1588 2698 qui
1602 2646 1616 2678 ιι
1631 2642 1746 2682 omnem
1759 2625 1887 2682 substan.

205 2721 328 2790 rediens,
337 2739 351 2772 ιι
360 2719 436 2776 inter
447 2719 570 2791 reliquos
583 2720 730 2774 thesauros
742 2715 900 2774 ministeria
912 2717 1019 2789 pretio·
1068 2723 1137 2778 tiam
1150 2723 1253 2777 christi
1266 2721 1418 2778 visceribus
1430 2720 1565 2792 erogavit,
1576 2725 1682 2792 satque
1695 2718 1757 2793 65
1769 2720 1888 2775 indubie

205 2814 313 2870 sissima
326 2814 437 2884 detulit,
453 2833 466 2866 rr
480 2812 617 2868 nimirum
632 2834 646 2863 ιι
656 2812 802 2883 sexaginta
815 2812 923 2881 calices,
937 2811 1019 2883 quin·
1068 2834 1134 2873 vaso
1152 2833 1239 2886 sacra,
1256 2821 1371 2888 propter·
1388 2815 1473 2870 verba
1491 2831 1555 2886 quae
1579 2819 1739 2885 sequuntur
1757 2829 1764 2867 :
1783 2812 1889 2868 «Nihil

205 2907 296 2964 decim
310 2911 433 2978 patenas,
448 2905 547 2978 viginti
564 2905 780 2976 Evangeliorom
804 2921 909 2976 capsas,
925 2903 1019 2959 omnia
1069 2909 1116 2964 illo
1134 2909 1230 2976 ditius,
1245 2909 1294 2980 qui
1314 2925 1417 2980 eorpus
1436 2907 1548 2962 Domini
1566 2907 1596 2962 in
1609 2907 1733 2962 canistro
1747 2906 1885 2976 vimineo,

206 3017 240 3056 ex
254 3015 322 3054 auro
340 3017 423 3072 puro,
437 3017 469 3054 ae
489 2999 609 3072 gemmis
629 2997 759 3070 pretiosis
779 3003 887 3052 ornata.
902 3019 916 3048 >r
942 2999 1018 3053 idem
1068 3002 1237 3075 sanguinem
1250 3002 1386 3073 portatio
1399 3000 1482 3057 uitro.
1495 2999 1889 3071 ›rDcniqoeconeiliumRhe-

205 3092 236 3149 in
249 3093 300 3149 lib.
314 3109 332 3147 rr
348 3093 382 3148 de
394 3091 488 3148 Gloria
500 3097 659 3164 martyrum
674 3108 735 3163 cap.
748 3095 774 3158 7,
785 3091 825 3146 ait
839 3089 1017 3161 Burgundio·
1068 3112 1163 3151 mense
1178 3094 1230 3150 sub
1241 3111 1348 3149 annum
1362 3097 1412 3149 627
1426 3093 1609 3159 celebratum,
1621 3108 1729 3147 canone
1739 3096 1785 3162 22,
1797 3097 1887 3158 caret,

205 3202 256 3243 nes
268 3185 298 3240 in
311 3185 600 3241 Drivotensenrrieum
614 3184 831 3256 irruisse,atque
845 3182 1018 3238 indedisces
1067 3205 1103 3244 ne
1116 3188 1261 3260 episcopos
1271 3189 1511 3243 mirristeruusocru
1520 3187 1693 3256 frouqotpro
1704 3186 1889 3256 quanticunque

205 3280 270 3336 sisse
293 3301 307 3333 ιι
327 3277 438 3351 direpto
461 3277 616 3333 ministerio
642 3281 817 3333 sacrosancto
839 3296 852 3329 o
876 3294 882 3330 :
906 3292 941 3330 en
960 3293 1017 3348 quo
1067 3282 1226 3344 conditione,
1239 3286 1346 3352 eccepto
1359 3283 1385 3335 si
1396 3283 1512 3336 euenerat
1525 3279 1770 3334 orduunecessitos
1784 3295 1835 3349 pro
1850 3294 1889 3333 re

205 3369 1015 3446 quotuoreorumperfrrgamlapsi,«patenameturceom,
1067 3375 1409 3446 deceptionecuptioorum.

203 3467 253 3542 qui
267 3482 338 3521 anax
352 3465 464 3534 dicitur,
477 3483 491 3515 o
502 3463 532 3519 in
546 3463 667 3536 patriam
677 3463 838 3530 detulerint,
850 3468 878 3518 et
886 3466 1017 3534 patenam
1104 3472 1129 3523 ti.
1145 3470 1252 3523 Praeter
1275 3467 1326 3521 hos
1347 3467 1393 3521 alii
1413 3466 1498 3521 etiam
1517 3468 1645 3519 arrctores
1667 3463 1820 3519 ministerii
1835 3482 1887 3520 no·

204 3560 320 3634 quidem
342 3559 466 3614 divisisse
489 3558 518 3614 in
537 3559 639 3613 multas
656 3561 764 3629 partem
785 3574 902 3613 urceum
922 3559 1017 3610 aulem
1068 3561 1197 3618 mineosi
1212 3556 1885 3629 sontadsueramsupelleetilemsignificandam.

204 3653 266 3724 regi
279 3652 452 3708 Gundebado
464 3652 499 3706 ab
512 3651 580 3722 ipsis
593 3651 678 3705 fuisse
692 3650 830 3720 oblatum,
844 3654 876 3706 ut
888 3650 961 3705 idem
971 3666 1018 3704 au·
1068 3657 1147 3724 Nam,
1162 3660 1194 3710 ut
1206 3671 1242 3709 ne
1253 3658 1332 3709 extro
1343 3652 1460 3708 Galliam
1472 3652 1600 3723 creurpla
1611 3654 1752 3722 petamus,
1765 3651 1889 3705 occurrit

205 3750 266 3801 otor
278 3743 374 3798 subdit
384 3743 414 3797 in
428 3742 518 3814 capite
531 3744 559 3797 8.
573 3744 676 3797 Patella
690 3741 737 3795 illa
755 3741 815 3797 sine
833 3742 919 3797 dubio
933 3759 1016 3814 espa·
1068 3748 1166 3802 hleiuri
1182 3747 1254 3802 heiti
1272 3746 1438 3818 praeclarum
1463 3744 1657 3799 testimonium
1677 3743 1706 3797 in
1729 3744 1851 3814 epistola
1871 3747 1886 3800 6

204 3837 316 3892 sissima
328 3840 397 3904 crat,
413 3834 510 3889 similis
523 3834 549 3890 ei
565 3834 599 3889 de
613 3851 669 3906 qua
683 3834 780 3889 scribit
793 3835 852 3907 ipse
866 3836 1018 3907 Gregorius
1066 3840 1102 3895 ad
1117 3840 1270 3895 victorium
1292 3839 1456 3910 episcopum
1472 3856 1479 3892 z
1497 3857 1511 3888 ιι
1526 3838 1563 3892 De
1583 3835 1748 3891 ministeriis
1771 3837 1888 3891 barreti-

205 3931 233 3985 in
247 3929 296 3985 lib.
310 3946 319 3984 r
334 3928 402 3984 item
415 3928 449 3983 de
464 3926 557 3981 Gloria
570 3932 728 3998 martyrum
742 3943 803 3999 cap.
818 3931 861 3983 83.
876 3928 929 3992 Qui
943 3929 1018 3983 locus
1067 3951 1176 4002 eurum,
1188 3949 1250 4004 qum
1259 3932 1314 3986 illis
1327 3948 1415 4001 sacra,
1425 3930 1506 3986 nobis
1517 3929 1698 3985 exsecrabilia
1708 3928 1887 3999 judicantur,

205 4021 339 4095 quonium
356 4035 490 4092 magnam
508 4019 537 4073 in
553 4035 618 4073 vasa
639 4036 718 4073 seem
738 4021 925 4075 reverentiam
942 4021 1019 4076 exhi·
1068 4026 1097 4081 id
1110 4031 1150 4081 cst
1161 4025 1271 4098 patenis
1284 4024 1457 4096 paterisque,
1469 4025 1536 4096 quio
1549 4023 1617 4095 quid
1629 4038 1759 4077 censeam
1770 4023 1889 4093 perinde

204 4115 261 4180 bct,
284 4114 329 4171 hic
354 4130 388 4170 ex
408 4113 521 4184 integro
540 4112 704 4168 referendus
723 4116 774 4169 est.
792 4134 805 4164 ιι
820 4114 1018 4170 Britannorum
1067 4119 1221 4174 rescribere
1245 4135 1291 4174 me
1308 4119 1425 4190 jussisti,
1440 4118 1538 4172 validm
1557 4116 1672 4188 quidem
1687 4116 1890 4171 observationis

204 4225 298 4266 comes
312 4225 376 4263 com
392 4207 515 4279 graviter
529 4223 545 4260 a
560 4205 703 4262 doloribus
721 4207 827 4279 pedum
845 4207 1019 4279 affligeretur
1068 4214 1229 4285 exenrplum
1244 4218 1296 4280 est,
1310 4212 1387 4284 qood
1402 4212 1505 4283 legitor
1524 4211 1553 4265 in
1574 4209 1749 4280 heptatycho
1769 4209 1803 4264 de
1819 4210 1888 4264 tho·

204 4309 233 4359 et
245 4319 297 4376 per
313 4301 436 4358 medicos
454 4300 618 4373 expendens
634 4299 819 4354 substantiam
840 4317 929 4370 soaro,
947 4301 1018 4356 nihil
1068 4306 1168 4362 ribulis
1182 4310 1397 4379 peecatorum.»
1413 4307 1446 4360 Et
1459 4305 1532 4358 infra
1547 4323 1554 4358 ι
1572 4325 1584 4352 ιι
1600 4303 1800 4374 Reprehendat
1813 4309 1888 4358 certa

178 4407 180 4410 '
204 4396 380 4453 commodius
397 4394 550 4464 habuisset,
564 4393 635 4449 dixit
651 4392 678 4447 ei
690 4393 806 4465 quidam
821 4393 856 4448 de
869 4393 945 4449 sois:
964 4394 1019 4450 «Si
1068 4399 1208 4472 quispiam
1222 4415 1274 4470 pro
1289 4398 1332 4453 sui
1350 4397 1517 4453 discretione
1531 4395 1607 4468 quod
1622 4395 1722 4450 sentio.
1738 4395 1841 4450 Fateor
1854 4396 1889 4451 de

205 4491 281 4548 enim
296 4490 332 4545 ab
345 4489 461 4545 ecclesia
472 4487 524 4544 tibi
539 4487 652 4560 aliquod
665 4503 711 4542 ros
724 4486 885 4558 ministerii,
900 4489 977 4560 quod
989 4489 1018 4543 in
1028 4497 1058 4569 Ι)
1069 4493 1234 4549 rrrirristeriis
1260 4492 1316 4547 illis
1337 4491 1455 4546 minime
1480 4490 1621 4555 delectari,
1645 4504 1708 4560 quse
1733 4489 1891 4559 superioris

204 4583 285 4639 ulturi
298 4583 422 4655 ponitur,
438 4581 590 4650 deleratur,
606 4581 634 4636 in
648 4598 705 4654 quo
718 4581 802 4653 pedes
815 4581 952 4650 ablueres,
967 4600 1018 4654 po·
1070 4586 1164 4641 Gallice
1188 4585 1316 4656 partibus
1342 4583 1377 4638 ad
1404 4583 1534 4638 ecclesias
1559 4581 1631 4653 legis
1651 4586 1757 4636 nostrae
1777 4582 1891 4653 captiva

132 4728 138 4739 ,
205 4675 503 4733 tarittibihmccausa
523 4674 596 4729 ferre
611 4674 762 4731 medelam.
778 4675 861 4731 Stulti
875 4675 1020 4731 etinertos
1070 4683 1222 4745 venerunt3
1246 4693 1367 4750 qumque
1392 4676 1432 4730 nil
1459 4675 1659 4742 voluntarium,
1687 4674 1727 4728 nil
1752 4673 1892 4729 innocens

205 4768 254 4838 tait
270 4766 413 4840 piissimus
432 4765 570 4835 antistes),
584 4782 642 4820 non
659 4770 869 4838 cognoscentes,
885 4769 960 4840 qood
973 4785 1017 4823 sa·
1070 4772 1259 4843 praeferentia,
1287 4771 1311 4825 si
1336 4769 1498 4825 dolentibus
1523 4768 1679 4839 rapiantur,
1705 4766 1891 4822 offerentibus

205 4864 281 4917 crata
299 4860 354 4914 Deo
367 4874 432 4913 rasa
443 4874 499 4913 non
514 4857 618 4913 debent
629 4858 663 4914 nd
679 4876 745 4914 usos
757 4860 900 4915 humanos
917 4861 1018 4933 aptari.
1068 4865 1201 4938 prodesse
1220 4881 1279 4918 non
1296 4866 1464 4935 poterunt...
1481 4862 1536 4915 Cor
1556 4862 1590 4914 de
1608 4859 1747 4914 thesauris
1769 4861 1829 4914 suis
1847 4860 1889 4915 le-

205 4958 240 5010 tt
251 4953 297 5009 ille
311 4951 374 5026 64
388 4950 517 5008 celeriter
529 4951 563 5006 ud
578 4951 724 5006 eeclesiam
739 4952 837 5018 mittit,
848 4959 876 5008 et
886 4958 1018 5026 patenam
1069 4959 1193 5015 ctissime
1202 4974 1323 5031 quaeque
1331 4956 1501 5028 producens,
1514 4954 1590 5009 haud
1600 4953 1678 5008 orrrni
1688 4953 1836 5024 impendio
1843 4971 1891 5008 crr-

204 5046 371 5103 socrosnncti
390 5044 485 5101 altaris
503 5044 537 5099 de
556 5043 676 5099 sacrario
689 5044 815 5119 suscipit,
827 5044 921 5118 ibique
935 5048 1020 5120 pedes
1069 5051 1191 5122 rotatio
1198 5050 1486 5123 hisquoeadsanctom
1493 5047 1684 5102 ministerium
1691 5045 1889 5119 pertinebunt,

204 5139 301 5194 ablrrit.
317 5139 370 5195 Sed
380 5138 479 5194 statim
489 5138 632 5194 doloribus
643 5136 755 5206 additis,
764 5136 799 5193 ad
809 5138 925 5209 plenum
939 5142 1018 5197 debi-
1069 5161 1126 5201 non
1140 5145 1231 5216 magis
1241 5143 1399 5215 pretiositas
1408 5142 1497 5213 possit
1507 5142 1627 5213 placere,
1639 5155 1724 5210 qoam
1735 5139 1867 5195 novitas?
1876 5163 1889 5188 »

204 5231 310 5299 litatus,
339 5247 481 5304 nusquam
501 5236 598 5303 postea
618 5247 747 5303 gressum
767 5230 860 5287 lucere
879 5233 980 5303 potuit.
1003 5255 1017 5286 o
1069 5239 1131 5293 llaec
1144 5237 1195 5293 etsi
1208 5238 1243 5292 ud
1256 5235 1481 5293 confirmandum
1495 5234 1524 5288 id
1537 5233 1612 5305 quod
1625 5233 1656 5287 in
1667 5231 1815 5304 proposito
1829 5239 1891 5289 erat

204 5325 288 5382 Addit
306 5325 457 5397 Gregorius
476 5324 607 5381 similiter
619 5324 717 5380 iecisse
732 5325 888 5398 quemdam
906 5325 1018 5400 hange·
1068 5348 1127 5387 non
1140 5336 1181 5386 est
1199 5329 1399 5395 necessarium,
1410 5328 1465 5382 erit
1481 5332 1576 5382 tamen
1589 5326 1625 5380 ad
1641 5326 1694 5381 hoe
1707 5325 1889 5396 probandum

125 5430 128 5435 '
203 5418 359 5476 bardorum
373 5418 486 5475 ducem.
502 5419 578 5475 Adeo
591 5434 668 5474 saera
678 5419 775 5475 omnia
785 5417 899 5488 cedunt,
910 5436 974 5475 cum
984 5420 1019 5477 de
1069 5424 1222 5496 singulare.
1237 5439 1340 5495 nempe
1360 5422 1432 5477 rasis
1447 5419 1646 5476 hereticorum
1666 5418 1775 5488 ablatis,
1791 5423 1820 5474 et
1840 5437 1888 5474 ec-

203 5517 355 5586 potentum
363 5512 568 5585 saluteagitur.
579 5512 1019 5571 Conciliiurbracarensiscanon
1068 5517 1160 5572 elesius
1177 5517 1287 5585 oblatis,
1303 5517 1391 5571 Deum
1410 5531 1467 5569 uon
1491 5511 1634 5581 delectari,
1653 5527 1717 5583 quse
1735 5515 1797 5567 erat
1813 5514 1889 5568 uviri

203 5610 333 5663 {severa
352 5605 552 5662 animadvertit
572 5606 601 5662 in
623 5606 762 5679 quosdam
783 5607 950 5680 sacerdotes,
969 5610 1017 5683 qui
1069 5611 1216 5682 sententia,
1237 5610 1291 5666 nisi
1306 5634 1320 5659 ιι
1338 5608 1430 5664 intusa
1451 5605 1624 5672 fornacibus,
1647 5609 1675 5660 et
1694 5604 1817 5660 distenta
1836 5623 1889 5677 per

203 5715 268 5755 raso
282 5716 361 5756 sacra
374 5699 405 5756 in
418 5699 550 5774 pmianos
562 5716 630 5756 usos
642 5699 833 5756 assurrrehont.
1068 5703 1196 5769 laminas,
1214 5727 1227 5754 ιι
1247 5720 1319 5776 pura
1336 5702 1504 5758 efficiantur.
1527 5699 1604 5754 idem
1619 5702 1713 5754 censet
1730 5698 1765 5754 dc
1786 5715 1886 5754 eorum

236 5795 263 5849 l.
281 5795 375 5871 Longe
389 5793 562 5872 probabilior
573 5793 627 5852 tuit
646 5809 714 5849 usos
730 5810 861 5853 rasorum
874 5813 1018 5854 sacrorum
1067 5796 1193 5871 templis,
1207 5802 1284 5854 ratus
1302 5820 1316 5849 ιι
1331 5813 1392 5852 rem
1406 5793 1607 5861 insensibilem,
1621 5808 1685 5866 quse
1697 5792 1825 5865 primum
1840 5793 1884 5848 in-
