3878 6150
102 360 112 401 ι
124 346 216 403 macti
230 344 354 418 campilli
373 344 481 402 obbatis
519 343 625 416 Pignus
637 343 775 417 preclaro
788 341 884 398 animo

174 420 269 474 aestu.

102 542 179 584 emur
188 527 307 599 justitiae

102 618 176 675 trem
186 617 295 689 fulgide

102 709 185 766 sancti
198 709 314 764 nomine

102 799 130 855 is
141 799 171 855 in
183 818 279 873 opere.

102 892 112 948 i
124 892 251 949 Flamina

102 997 198 1055 troque
209 985 327 1055 lumine,

107 1073 271 1131 celsissimae

102 1168 201 1222 nentes
212 1169 354 1240 regmine,

102 1256 174 1311 nsad
188 1258 311 1315 etherea

105 1344 279 1416 habitacula,

102 1439 276 1509 scustodita,

103 1542 135 1582 ra
149 1527 180 1583 in
192 1530 305 1586 secula.

102 1648 313 1721 pentestaerge

102 1735 220 1808 ingalice

102 1823 134 1881 lei
146 1825 243 1882 abdite

102 1919 124 1972 te
135 1916 237 1972 florida

102 2007 162 2080 egis
174 2009 287 2080 pagina,

101 2097 175 2170 iper
187 2099 293 2156 viscera

102 2188 216 2260 justitia,

102 2282 151 2334 tcto
165 2279 275 2351 gaudia,

102 2388 107 2423 ι
118 2369 222 2424 merite

102 2458 286 2528 incordantie,

104 2548 224 2621 angelis.

102 2657 198 2726 ritem,
211 2657 361 2729 justitiam,

102 2752 159 2805 tem
168 2748 309 2818 floridam,

114 2839 317 2912 firmissimam,

102 2945 111 2986 t
121 2929 287 3000 adhibitam,

102 3021 210 3077 adetum
223 3023 343 3078 solidam

102 3112 366 3184 prestantissimam,

102 3216 176 3272 sepe
190 3198 313 3257 debitam

102 3305 154 3346 eno
166 3290 297 3362 placitam

105 3381 250 3452 cognitam

102 3469 288 3539 fructiferam,

102 3574 146 3617 cm
158 3560 242 3615 Deus.

102 3672 184 3741 ptum
196 3669 384 3726 mundialium

102 3775 141 3830 m,
157 3761 342 3833 praesentium

102 3848 298 3907 firmissimum

102 3940 301 4000 {emanantium

102 4031 318 4103 leogitaminum

102 4136 115 4176 s
130 4123 303 4179 versantium

102 4510 129 4566 in
143 4510 195 4565 Dei
208 4509 319 4581 legibus

102 4599 238 4655 ctionibus

102 4689 174 4746 notis
189 4687 299 4761 opibus,

102 4798 131 4837 er
142 4779 329 4852 placentibus,

108 4871 140 4926 in
151 4869 288 4936 moribus,

102 4977 173 5018 anus
186 4961 266 5032 agius

102 5054 123 5110 lc
135 5058 164 5110 ct
176 5054 293 5108 caeterus

102 5162 123 5201 a
133 5143 266 5218 operibns

102 5253 147 5294 em
159 5237 241 5292 Deus.

102 5380 107 5414 ι
119 5357 285 5432 primordio,

102 5467 105 5504 ;
118 5448 149 5505 in
161 5448 311 5522 principio,

109 5539 235 5596 Verbum
248 5542 365 5610 paterno

102 5647 120 5686 n
133 5627 309 5685 sanctissimo

102 5735 155 5775 om
168 5718 305 5774 altissimo

102 5809 254 5874 smlucidc

520 437 656 493 Constans
668 452 753 508 opere
764 434 886 508 placido.

627 527 669 582 ab
684 525 801 598 angelis.

556 635 693 707 Fulgebat
706 633 753 690 alti
765 633 875 706 fulgore

521 728 591 786 Solis
603 728 663 784 vice
676 727 706 782 in
717 726 821 782 vertice

522 817 750 877 Rutilantismcn'
757 817 801 873 die

521 910 598 967 Fidei
610 908 789 976 claritudine,

521 1001 709 1058 Confirmatus
721 1015 757 1054 ex
770 998 875 1053 viscere

521 1093 552 1148 ln
561 1091 611 1147 Dei
623 1105 734 1162 semper
743 1088 835 1143 sidere

520 1182 669 1238 Confidens
683 1176 876 1234 sanctimoniae

520 1271 667 1344 Praecipuo
679 1266 849 1324 munimine.

626 1361 716 1425 Quem
729 1358 811 1413 Deus.

555 1470 696 1527 Gaudium
708 1467 797 1523 sancti
811 1463 931 1537 Spiritus

518 1560 642 1617 Habebat
655 1558 685 1613 in
699 1555 860 1625 visceribus,

518 1652 650 1725 Regnum
663 1649 741 1722 quod
753 1652 795 1704 est
807 1643 975 1702 sublimibus

517 1743 573 1797 Deo
588 1740 708 1813 dignum
723 1742 752 1794 et
765 1736 876 1794 lortius.

517 1832 646 1888 Gladium
659 1845 772 1903 quoque
787 1827 906 1899 Spiritus

517 1923 651 1978 Levetum
664 1920 699 1975 ad
713 1917 903 1991 nequissimus

516 2013 577 2076 Quo
590 2014 782 2083 prosterneret
794 2007 932 2079 superbus

516 2103 625 2158 Tenens
638 2100 738 2156 sanctis
748 2099 779 2154 in
792 2097 933 2154 manibus.

622 2191 664 2246 Ab
676 2189 794 2262 angelis.

553 2299 681 2371 Humilis,
697 2302 819 2367 sanctus,
833 2295 974 2370 benignus

516 2391 667 2448 Probus‘in
682 2390 731 2445 Dei
743 2388 864 2462 legibus,

516 2483 671 2548 Humerus,
683 2480 786 2552 justus,
801 2477 976 2547 commodus,

515 2570 675 2627 Laudabilis
687 2570 717 2625 in
731 2569 869 2636 moribus,

516 2661 617 2717 Hilaris
629 2660 720 2729 vultu,
735 2659 855 2725 sobrius,

517 2751 646 2809 Caritatis
659 2751 689 2806 in
702 2750 830 2819 floribus,

517 2845 667 2899 Decoratus
681 2840 836 2911 ordinibus,

518 2934 618 2989 Faetus
631 2931 723 3006 palam
736 2931 904 2987 mortalibus

517 3027 548 3080 ln
562 3024 712 3098 scripturis
724 3023 862 3091 eruditus,

518 3115 671 3188 inspiratus
686 3113 831 3183 divinitus,

517 3209 548 3262 ln
560 3204 741 3261 sacramentis
752 3202 895 3275 providus,

516 3296 662 3355 Canonicis
674 3295 804 3353 affatibus

516 3388 687 3445 Testamenti
700 3383 895 3459 praefulgidus,

517 3480 638 3535 Ferreus
651 3477 763 3551 spiritu,
777 3473 904 3547 placidus

516 3572 574 3626 Deo
587 3585 678 3635 carus,
693 3568 721 3622 ei
731 3564 883 3637 piissimus.

622 3654 793 3729 euangelia.

552 3767 675 3824 lialcavit
686 3763 826 3821 mundum
839 3759 990 3818 subdolum

518 3857 648 3913 dentatis
661 3871 714 3927 per
727 3853 853 3908 studium

517 3947 658 4003 liastitatis
666 3942 872 4013 firmissimum,

517 4041 726 4108 contempnens
739 4050 823 4090 omne
837 4031 948 4102 vitium,

518 4133 646 4185 inserens
661 4141 762 4198 agrum
775 4123 919 4191 floridum,

434 4261 435 4264 η
517 4223 616 4278 Pectus
629 4203 920 4282 adornans'lucidum,

519 4310 649 4366 Divinum
662 4305 854 4363 habitaculum

516 4400 602 4456 Trino
615 4397 731 4453 nomine
745 4395 897 4453 sancitum.

623 4490 713 4554 Quem
726 4487 808 4543 Deus.

552 4598 722 4670 Lampadem
736 4595 882 4668 sapientire

517 4687 668 4747 Constituit
679 4687 709 4743 in
723 4689 845 4758 pectore,

519 4783 549 4837 ln
561 4781 695 4836 thesauro
708 4777 853 4850 sapientire

517 4870 633 4926 Condito
646 4868 697 4925 [lei
709 4884 837 4935 munere,

517 4962 711 5019 Inflammatus
723 4973 896 5031 magnopere

518 5054 591 5109 Luce
604 5067 678 5107 rerae
689 5049 817 5122 justitie,

519 5142 661 5199 Exaltatus
674 5138 834 5194 munimine

518 5232 610 5307 Legis,
626 5229 751 5303 spiritus,
764 5229 865 5284 litera.

624 5337 792 5409 Abangelis.

401 201 1178 294 nnmnouamuunomsrnnunrneeonmsn.
1583 216 1634 289 nt

1088 338 1224 395 vocamus
1235 336 1266 393 in
1280 330 1431 406 auxilium,

1088 431 1123 485 Ut
1131 444 1293 485 mereamur
1307 430 1436 486 omnium

1087 519 1227 575 Vitiorum
1240 518 1398 576 excidium.

1193 610 1283 673 Quem
1296 609 1381 665 lleus.

1123 713 1210 768 Notus
1224 716 1389 768 sanctorum
1402 713 1521 771 coetibus

1088 801 1225 857 abbatem
1239 801 1269 857 in
1282 802 1429 859 ordinibus

1087 892 1289 949 ldonacborum
1302 893 1440 950 militibus

1088 984 1328 1039 anachoretarum
1340 986 1467 1042 sensibus

1088 1073 1232 1145 synodum
1247 1073 1350 1130 sanctis
1364 1075 1494 1146 plebibus

1089 1165 1179 1219 lmmo
1192 1164 1236 1220 vir
1247 1165 1415 1237 apostolicus

1087 1254 1185 1310 Clarus
1197 1256 1306 1312 eunctis
1317 1256 1348 1312 in
1357 1258 1488 1331 sortibus,

1087 1345 1229 1401 Adsuetus
1247 1347 1277 1402 in
1293 1348 1462 1406 sublimibus

1193 1437 1234 1492 nh
1245 1439 1361 1509 angelis.

1122 1536 1145 1591 Ο
1159 1541 1269 1609 petram
1282 1541 1479 1601 solidissimam

1088 1626 1118 1682 ln
1130 1626 1316 1685 fundamento
1328 1632 1460 1703 positam,

1086 1715 1109 1771 0
1122 1721 1345 1790 contemptorem
1358 1725 1487 1781 omnium

1085 1807 1191 1863 lterum
1205 1825 1329 1882 nequam
1342 1817 1537 1888 praesentium,

1084 1896 1107 1952 0
1120 1896 1222 1954 ducem
1232 1904 1361 1959 sanctum
1373 1904 1496 1963 militum

1085 1986 1205 2043 Domino
1217 1989 1381 2048 milantium

1085 2076 1107 2132 0
1120 2082 1250 2150 tyronem
1263 2080 1448 2142 fortissimum

1083 2169 1201 2226 nomino
1215 2175 1308 2229 totum
1322 2174 1459 2234 deditum.

1189 2261 1279 2325 Quem
1291 2263 1374 2322 Deus.

1118 2371 1226 2428 Positus
1239 2373 1316 2430 muri
1328 2374 1413 2431 terrei

1083 2460 1147 2516 Vice
1157 2461 1187 2516 in
1200 2461 1263 2517 luce
1275 2465 1373 2535 populi

1082 2551 1230 2624 Dissipare‚
1242 2553 1414 2626 disperdere,

1083 2642 1190 2698 Cuncta
1202 2644 1278 2699 mala
1290 2645 1445 2714 destruere,

1083 2732 1240 2805 AEdiflcere,
1255 2736 1381 2807 plantare

1084 2825 1160 2880 Bona
1174 2828 1232 2881 tota
1247 2826 1277 2880 in
1289 2843 1439 2884 commuue

1083 2916 1157 2970 llere
1170 2915 1260 2971 sancti
1273 2916 1421 2973 Hieremias

1084 3004 1235 3061 Constituti
1247 3006 1278 3061 in
1288 3005 1421 3063 culmine.
1526 3072 1529 3077 y

1190 3095 1232 3150 Ab
1246 3095 1365 3168 angelis.
1526 3080 1531 3103 ''

1119 3195 1188 3261 Quis
1200 3197 1369 3269 contempsit
1381 3200 1531 3271 praesentia

1084 3286 1172 3359 liujus
1184 3286 1237 3340 aevi
1250 3285 1390 3343 decidua?

1083 3375 1150 3440 Quis
1162 3376 1287 3431 ascendit
1299 3378 1334 3433 ad
1348 3395 1472 3450 superna

1083 3468 1150 3522 Toto
1163 3467 1257 3522 animo
1271 3468 1397 3538 gaudie?

1083 3558 1150 3623 Quis
1163 3558 1273 3613 volebat
1286 3558 1317 3613 in
1330 3560 1437 3615 aethera

1084 3651 1173 3706 Came
1185 3650 1281 3707 volare
1294 3651 1405 3724 posita?

1084 3738 1209 3805 Qualiter
1222 3739 1272 3796 iste
1283 3740 1351 3796 talia

1083 3830 1209 3904 Adeptus
1223 3833 1320 3886 sancta
1333 3830 1444 3888 merita.

1190 3925 1281 3988 Quem
1295 3924 1368 3980 Deus

1118 4037 1202 4093 Rexit
1214 4039 1338 4092 sanctem
1350 4036 1502 4093 Ecclesiam

1082 4127 1255 4186 Catholicam
1266 4143 1318 4199 per
1332 4127 1472 4200 regulam,

1082 4220 1216 4277 Retinens
1228 4218 1315 4274 tidem
1328 4218 1448 4273 solidam

1082 4313 1181 4368 idolam
1193 4313 1291 4366 contre
1302 4308 1470 4380 nequitiem,

1083 4401 1169 4457 Suam
1182 4415 1315 4456 exercens
1328 4397 1452 4452 animem

1083 4491 1191 4547 Sanctae
1202 4487 1275 4560 legis
1286 4502 1339 4560 per
1351 4486 1498 4558 peginam,

1083 4582 1170 4654 Cujus
1184 4583 1286 4651 exopto
1299 4577 1420 4651 gretiam

1084 4672 1150 4731 nihi
1162 4673 1281 4728 adornat
1294 4669 1430 4725 ammam.

1111 4776 1115 4789 ·
1192 4761 1236 4816 ΑΙ)
1248 4759 1367 4833 angelis.

1121 4871 1238 4945 Sapiens
1251 4887 1316 4927 suos
1328 4870 1455 4927 internos

1086 4966 1201 5024 Sanctus
1215 4963 1326 5020 elevans
1340 4961 1435 5016 ocrrlos

1086 5054 1246 5112 Deducebat
1258 5052 1294 5107 ad
1307 5066 1423 5123 superos

1087 5146 1183 5219 Capite
1196 5147 1291 5200 sancto
1305 5142 1440 5210 intentos,
1527 5150 1531 5157 ’

1086 5239 1168 5293 Parte
1180 5236 1277 5289 sancta
1288 5232 1319 5287 in
1332 5231 1448 5288 dextera

1087 5326 1231 5384 Collocaus
1242 5340 1294 5380 sua
1306 5322 1412 5380 viscera

554 5435 689 5505 Magnum
700 5428 889 5501 adprehendit
900 5426 1031 5484 brodium
1087 5415 1267 5476 Centurionis
1280 5432 1367 5488 opera

520 5527 623 5581 Eteme
634 5520 690 5575 vita
702 5518 879 5591 condignum

519 5615 643 5686 Adeptus
657 5614 785 5666 sanctum
801 5608 954 5682 premium

520 5712 586 5765 Post
597 5707 723 5762 laborem
737 5703 941 5767 firmissimum,

525 5801 609 5878 Cujus
621 5798 777 5876 perlectum
789 5794 924 5858 meritum

1086 5508 1195 5564 liabens
1213 5510 1309 5563 sancta
1320 5522 1373 5579 per
1388 5503 1499 5563 studiat

1194 5597 1284 5663 Quem
1297 5597 1381 5653 Deus.

1124 5699 1199 5756 Tulit
1210 5716 1290 5756 suam
1305 5695 1474 5754 memoriam

1093 5793 1136 5855 ad
1149 5791 1325 5853 mansionem
1338 5798 1492 5861 supernam
