3884 6150
96 276 151 333 l33
595 272 639 332 DE
655 274 814 333 LlTUllGlh
831 270 1019 331 GALLlGhNh
1038 267 1136 328 LIBER
1155 270 1288 327 PRIMUS.
1303 342 1305 347 y
1733 258 1783 327 iti

92 384 181 441 lectio
202 383 342 456 passionis
355 401 405 440 seu
421 383 492 440 vttae
510 385 691 451 Sanctorum,
707 400 829 455 quorum
843 383 916 439 festa
927 401 956 474 Α
966 364 1447 450 mulieribusotleratur,tampanis
1460 395 1547 451 quam
1560 375 1666 445 vini,ut
1676 381 1783 450 perhas
1839 437 1852 453 ,

93 478 309 533 recolebantur.
329 478 403 533 Audi
424 477 594 549 Gregorium
614 477 643 531 in
664 477 711 531 lib.
731 494 739 530 ι
761 476 797 530 de
818 475 913 531 Gloria
967 473 1183 528 immolationes
1201 477 1230 526 et
1248 476 1431 543 peecatorum
1453 490 1570 528 suorum
1596 473 1718 529 fascibus
1735 491 1782 528 ca-

92 574 270 642 martyrum,
282 589 344 642 cap.
359 574 392 627 86
407 590 414 626 ;
431 572 522 627 «Dies
535 569 674 644 passionis
690 573 752 624 erat
763 569 912 641 Polycarpi
963 570 1056 633 reant,
1067 570 1096 619 et
1109 583 1173 620 eum
1183 566 1303 620 hbelvel
1315 566 1426 621 coru-is
1436 567 1513 637 juste
1522 567 1709 621 offerentibus
1720 585 1783 639 pro-

92 664 233 736 martyris
246 664 356 736 magni,
368 669 397 719 et
408 665 438 719 in
449 664 651 736 Ricomagensi
663 663 723 718 rice
735 662 913 718 eivitatisAr·
963 663 1132 714 mereantur
1148 676 1208 714 esse
1225 663 1381 714 consortes.
1397 682 1410 707 u
1427 660 1559 714 llubeum
1574 660 1671 715 vinum
1686 661 1783 716 offerri

91 774 192 812 rernae
204 757 264 828 ejus
277 755 912 826 solemniacelebrabantur.Lectaiglturpas
962 752 1064 823 saepius
1083 756 1259 824 prereptum
1276 757 1328 819 est,
1347 756 1408 807 tum
1425 753 1461 808 eb
1477 753 1647 823 periculum,
1668 758 1730 808 tum
1746 755 1782 810 eb

90 849 175 904 sione
190 867 255 905 eum
270 851 388 922 reliquis
398 849 577 919 lectionibus,
594 867 664 922 quas
674 865 767 905 canen
778 848 909 904 sacerdo·
964 846 1133 917 mysterium
1144 863 1151 913 ;
1164 862 1233 900 narn
1249 847 1370 900 rubeum
1384 846 1541 917 expressius
1552 847 1657 901 Christi
1670 847 1783 919 sangui·

89 943 158 997 talis
173 943 288 1011 invexit,
304 947 418 1016 tempus
431 944 468 998 ad
482 943 651 999 sacrificium
668 941 848 998 offerendum
864 941 912 996 ad·
962 956 1029 993 nem
1046 939 1150 1010 signat,
1163 956 1249 1010 quam
1265 939 1372 1005 album,
1390 939 1469 1010 cujus
1483 941 1545 993 loeo
1557 956 1632 1010 aqua
1644 957 1702 995 non
1715 958 1781 996 raro

88 1035 181 1090 venit.
197 1060 211 1085 u
224 1036 253 1092 st
266 1037 327 1092 haee
337 1038 421 1093 lectio
432 1037 562 1109 proxime
575 1038 650 1092 facta
663 1054 720 1091 non
734 1035 833 1090 luisset
843 1037 910 1089 anto
960 1033 1092 1099 sumitur,
1104 1032 1179 1086 facili
1192 1049 1300 1087 errore.
1314 1031 1358 1085 Ad
1372 1031 1491 1086 rubeum
1500 1032 1557 1104 41
1575 1034 1700 1088 colorem
1714 1034 1782 1089 allu-

89 1127 276 1197 sacrificium‚
294 1148 360 1185 eam
374 1131 420 1185 hie
433 1147 664 1187 commemorare
677 1129 747 1183 nihil
758 1128 908 1182 attinebat.
962 1125 1033 1180 dens
1048 1126 1216 1181 Ambrosius
1232 1125 1261 1180 in
1276 1126 1420 1196 psalmum
1436 1142 1528 1192 cxrnr,
1544 1126 1626 1182 initio
1642 1127 1780 1182 octonarii

88 1221 231 1292 Ejusdem
239 1223 613 1295 lectionisidemGregorius
622 1220 910 1277 meminitinduobus
963 1221 994 1273 ll
1010 1237 1015 1274 :
1033 1241 1046 1269 α
1063 1219 1163 1274 Cernis
1179 1236 1287 1287 rosam,
1307 1218 1408 1290 inquit,
1431 1220 1485 1273 hoe
1504 1221 1547 1273 est
1565 1219 1701 1275 dominici
1721 1237 1782 1276 eor-

88 1319 155 1374 aliis
167 1319 248 1386 loeis,
262 1333 367 1389 nempe
381 1317 411 1371 in
424 1316 472 1371 lib.
492 1335 511 1371 11
529 1317 565 1372 de
579 1316 718 1372 ldiraculis
737 1315 826 1369 sancti
837 1315 907 1369 llar-
960 1313 1038 1383 poris
1054 1312 1236 1384 sanguinem.
1251 1335 1264 1363 n
1281 1312 1417 1384 Apposite
1437 1312 1559 1367 lacobus
1578 1330 1594 1366 a
1609 1313 1731 1369 Vitriaeo
1750 1314 1780 1369 in

87 1412 154 1479 tini,
169 1414 280 1482 capiti
302 1413 331 1464 et
345 1427 407 1482 cap.
423 1412 467 1477 49,
483 1409 531 1464 ubi
553 1410 614 1464 haee
627 1409 734 1464 verba:
753 1407 908 1478 «Denique
960 1406 1091 1462 Historiae
1106 1406 1292 1461 occidentalis
1315 1424 1377 1477 cap.
1395 1408 1428 1461 38
1446 1423 1452 1460 :
1471 1429 1484 1453 u
1502 1406 1558 1461 Sed
1577 1409 1605 1460 et
1625 1406 1733 1475 vinum,
1751 1409 1780 1462 in

86 1504 287 1560 sacerdotibus
308 1503 357 1575 qui
379 1502 566 1570 advenerant,
583 1503 620 1556 ad
638 1501 752 1573 agenda
768 1499 909 1555 solemnia
960 1504 1102 1571 quantum
1118 1517 1151 1554 ex
1168 1499 1286 1554 dirersis
1300 1499 1389 1554 acinis
1400 1499 1526 1567 confluit,
1540 1499 1681 1555 unitatem
1695 1503 1781 1573 eccle:
1891 1568 1898 1579 Ρ

85 1596 323 1670 procedentibus,
337 1613 403 1651 eum
416 1597 514 1663 lector,
527 1595 571 1650 eui
583 1595 697 1666 legendi
709 1596 770 1649 erat
781 1592 908 1648 officium
959 1593 1104 1647 siasticam
1133 1596 1336 1665 repraesentat3
1360 1593 1390 1647 in
1416 1597 1556 1665 quantum
1585 1597 1682 1648 autem
1708 1595 1782 1650 calet

85 1690 262 1755 advenisset,
282 1692 311 1743 et
328 1692 443 1762 arrepto
461 1689 534 1743 libro
552 1689 645 1743 Vitam
667 1688 757 1742 saneti
778 1687 909 1758 erupisset
959 1690 1008 1741 aut
1029 1688 1122 1754 rubet,
1139 1686 1310 1741 charitatem
1325 1687 1458 1741 Ecclesiae
1476 1687 1647 1758 designat.»

85 1785 186 1855 legere
199 1783 381 1849 contessoris,
398 1805 411 1833 u
430 1786 483 1837 ete.
498 1783 538 1836 Ex
556 1799 612 1853 quo
633 1780 811 1852 intelligitur,
832 1770 945 1843 hancB
995 1783 1035 1834 l0.
1049 1781 1133 1834 Facta
1145 1778 1301 1846 oblatione,
1312 1780 1463 1852 presbyter
1477 1785 1618 1851 quantum
1630 1781 1697 1836 satis
1707 1786 1778 1851 erat,

83 1877 246 1931 lectionem
266 1875 328 1931 aliis
343 1875 523 1948 praemissam
541 1875 637 1929 luisse.
660 1876 694 1928 Et
712 1873 829 1946 quidem
843 1875 907 1927 aeta
957 1872 993 1928 ad
1005 1873 1174 1928 sacrificium
1188 1872 1361 1940 assumebat,
1372 1873 1458 1944 idque
1469 1875 1703 1946 pellaseupellio
1714 1893 1780 1931 con·

85 1969 262 2025 Sanctorum
274 1969 303 2023 in
313 1969 400 2023 missa
410 1969 546 2040 legebant
555 1968 726 2035 llozarabes,
739 1970 769 2020 ut
779 1984 812 2020 ex
822 1966 907 2021 Brau-
956 1966 1083 2037 tegebat.
1100 1967 1198 2022 Plures
1210 1967 1294 2037 hujus
1305 1965 1345 2021 rei
1357 1966 1410 2022 loci
1423 1970 1490 2021 sunt
1505 1968 1581 2038 apud
1596 1968 1777 2039 Gregorium.

85 2061 163 2117 liene
180 2050 210 2119 iu
232 2062 289 2116 rita
308 2060 398 2117 saneti
414 2061 559 2117 AEmiliani
579 2061 709 2132 superius
725 2059 858 2117 vidimus.
874 2064 905 2116 ln
956 2060 1312 2131 Unrrsinlib.v11eap.22:
1331 2059 1497 2114 «Putabam
1512 2078 1570 2129 me,
1583 2063 1682 2132 inquit,
1694 2062 1777 2133 quasi

84 2155 269 2212 lectionario
281 2158 378 2210 nostro
388 2154 533 2210 GaDicaue
545 2157 778 2209 aetasanctorum
790 2158 903 2226 aposto·
955 2150 985 2206 in
995 2152 1111 2207 basilica
1118 2157 1299 2208 sacrosancta
1305 2153 1459 2207 missarum
1467 2154 1776 2211 solemniaeelebrare.

85 2249 182 2303 lerum
196 2247 275 2302 Petri
288 2250 317 2302 et
328 2248 408 2303 Pauli
424 2248 558 2318 Epistulae
573 2247 798 2318 praemittuntur.
956 2247 1086 2317 Cumque
1091 2247 1153 2317 jam
1166 2246 1299 2301 altarium
1312 2263 1377 2302 curn
1390 2246 1581 2302 oblationibus
1590 2247 1676 2319 pallio
1688 2249 1777 2305 serice

120 2344 147 2396 8.
170 2341 327 2412 Evangelio
345 2339 498 2411 Gregorius
516 2339 629 2411 subjicit
643 2339 771 2394 sacrificii
783 2338 904 2394 oblatio·
956 2342 1088 2409 opertum
1101 2342 1184 2407 esset,
1196 2340 1289 2394 subite
1301 2339 1515 2411 ingredientem
1525 2341 1776 2397 Guntehramnum

86 2451 154 2489 nem
167 2434 198 2488 in
211 2435 275 2489 loce
288 2451 354 2489 mor
365 2435 455 2488 relato
465 2433 832 2505 desanctoPolyearpo,eui
842 2434 904 2488 loco
955 2431 1112 2503 conspicio,
1128 2433 1177 2504 qui
1188 2450 1295 2504 magna
1306 2451 1374 2488 voce
1388 2434 1533 2488 clamabat
1547 2452 1553 2489 :
1568 2435 1716 2489 Extrahite
1728 2435 1779 2491 he·

87 2528 162 2583 alter
175 2527 334 2584 consimilis
352 2527 439 2582 estin
455 2544 517 2599 cap.
535 2530 566 2581 Π
581 2527 616 2581 de
631 2526 700 2580 Vitis
714 2528 841 2594 Petrum,
857 2527 905 2581 ubi
955 2525 1092 2580 micidam
1107 2544 1124 2581 a
1143 2544 1223 2582 sacro
1240 2526 1291 2581 Dei
1306 2527 1441 2582 altario...
1458 2529 1494 2581 ht
1505 2544 1559 2599 ego
1570 2546 1634 2584 cum
1650 2530 1711 2583 haec
1724 2545 1776 2583 au·

86 2621 146 2692 agit
157 2622 194 2676 de
207 2621 316 2676 Nicetie
330 2620 464 2692 episcopo
478 2618 646 2676 Trevirensi.
660 2619 751 2683 Quem
764 2618 904 2674 locumita
955 2619 1058 2686 dicem,
1073 2620 1110 2674 ad
1124 2623 1153 2673 te
1169 2637 1323 2674 conversus
1337 2621 1395 2674 dixi
1412 2639 1418 2676 :
1435 2622 1628 2693 Apprehende
1640 2621 1773 2693 pallium,

84 2714 264 2769 restituimus
279 2731 311 2768 er
325 2713 429 2770 Codice
444 2731 498 2767 ms.
513 2731 520 2768 ι
535 2734 548 2763 «
562 2713 686 2767 Advenit
699 2713 759 2767 dies
774 2711 912 2785 Domini·¹
955 2711 1062 2779 infelix,
1075 2729 1131 2783 quo
1143 2729 1351 2767 sacramunera
1360 2717 1563 2785 conteguntur,
1577 2714 1687 2769 nehinc
1702 2712 1776 2784 abji-

87 2823 145 2874 cus,
161 2811 190 2861 et
201 2824 268 2862 ecee
282 2823 330 2861 rex
343 2823 409 2862 eum
419 2806 464 2860 his
478 2807 522 2861 eui
542 2807 577 2861 ab
591 2807 644 2861 hec
660 2806 808 2861 sacerdote
824 2822 903 2861 com-
954 2804 1069 2859 eiaris...
1087 2807 1216 2876 Cumque
1231 2809 1389 2860 reverteres
1403 2806 1598 2873 adulterium,
1612 2807 1772 2877 apprehen·

86 2898 901 2971 munioniabessejussifuerant,ecclesiamestingrossus.
954 2898 1041 2952 debas
1059 2899 1190 2970 pallium,
1205 2899 1255 2953 sed
1275 2916 1389 2953 rursum
1413 2899 1629 2970 relinquebas...
1646 2901 1681 2954 Et
1704 2900 1774 2955 ille:

85 2993 177 3048 Lectis
188 2992 278 3064 igitur
288 2992 468 3061 lectionibus,
476 3010 546 3064 quas
555 3009 647 3047 canon
659 2992 901 3064 sanxitantiquus,
953 2991 1159 3060 Deliberatum,
1171 2992 1275 3064 inquit,
1287 2992 1385 3059 habui,
1398 2996 1429 3046 ut
1439 2992 1462 3046 si
1473 3009 1521 3047 me
1533 3010 1581 3047 rex
1592 2993 1627 3047 ab
1644 2993 1698 3048 hee
1712 2995 1774 3051 loeo

85 3086 190 3140 oblatis
208 3085 376 3141 muneribus
394 3103 480 3158 super
498 3087 587 3140 altare
605 3085 666 3153 Dei,
686 3085 726 3140 ait
742 3086 875 3140 sacerdos
894 3102 900 3141 :
949 3083 1065 3155 juberet
1083 3085 1203 3153 extrahi,
1222 3085 1257 3139 ab
1275 3102 1333 3140 una
1353 3101 1443 3140 marm
1463 3103 1560 3141 rannus
1578 3087 1677 3141 altaris
1694 3090 1776 3143 tene·

83 3180 146 3234 Non
160 3179 209 3233 hic
224 3178 287 3252 40
303 3179 389 3234 hodie
404 3179 557 3233 missarum
569 3179 711 3234 solemnia
719 3195 901 3234 eonsumma-
912 3137 940 3210 C
952 3195 1026 3245 rem,
1043 3201 1056 3228 u
1074 3181 1128 3233 etc.
1143 3180 1208 3233 llaec
1224 3178 1380 3250 Gregorius
1398 3179 1433 3233 de
1447 3179 1581 3236 Eherullo
1599 3179 1677 3252 regis
1696 3181 1774 3237 eubi-

83 3272 203 3340 buntur,
217 3272 270 3327 nisi
282 3272 488 3328 communione
502 3273 604 3344 privati
619 3273 697 3344 prius
709 3271 874 3327 abscedant.
886 3294 901 3324 u
954 3271 1060 3326 culario
1081 3289 1086 3326 :
1102 3289 1189 3343 quem
1203 3273 1298 3328 locum
1314 3274 1376 3327 luse
1390 3273 1485 3340 retuli,
1496 3276 1558 3327 tum
1576 3277 1606 3327 ut
1622 3279 1772 3346 appareat,

85 3367 137 3422 Ubi
152 3369 224 3421 nota
246 3365 340 3438 primo
358 3366 620 3421 excommunicatos
635 3369 702 3420 ante
725 3365 901 3420 oblationem
954 3382 1012 3419 non
1032 3365 1120 3420 mode
1141 3383 1235 3420 sacras
1254 3365 1424 3433 oblationes,
1439 3365 1468 3419 id
1483 3370 1526 3420 est
1542 3384 1649 3438 panem
1665 3367 1773 3424 etcali·

85 3460 194 3530 ejectos
214 3460 300 3513 fuisse
319 3476 352 3513 ex
369 3459 496 3514 ecelesia.
514 3459 596 3524 Quod
612 3459 701 3514 etiarn
715 3459 857 3530 colligitur
869 3476 903 3514 ex
953 3475 1027 3525 cem,
1043 3457 1093 3512 sed
1111 3463 1140 3512 et
1158 3460 1248 3513 altare
1268 3460 1344 3529 palla
1363 3459 1466 3513 eadem
1488 3459 1576 3513 fuisse
1590 3464 1772 3531 coopertum,

84 3553 133 3606 lib.
148 3551 310 3608 xllistoriae
323 3552 462 3624 Gregorii,
484 3569 546 3624 cap.
562 3556 586 3608 8.
607 3552 716 3607 Deinde
737 3552 832 3606 missae
849 3553 900 3609 Ca·
953 3555 1016 3605 turn
1039 3553 1145 3623 pallam
1166 3552 1246 3606 illem
1266 3569 1299 3606 ex
1320 3554 1402 3606 serice
1422 3553 1543 3617 laetam;
1565 3555 1626 3607 turn
1648 3554 1774 3625 denique

84 3663 206 3714 nonem,
221 3645 251 3700 id
270 3649 313 3700 est
331 3645 469 3701 Ordinem
485 3646 673 3713 Gallicanum,
692 3646 829 3718 Gregorio
848 3645 902 3702 diei
949 3645 1066 3715 pellem,
1075 3645 1178 3715 pollue,
1191 3645 1393 3716 etpellumhoc
1404 3645 1466 3700 loce
1481 3646 1559 3701 idern
1576 3664 1647 3702 esse.
1664 3649 1704 3702 De
1719 3649 1773 3704 hae

85 3739 240 3811 antiquum
256 3756 263 3794 :
278 3755 311 3794 ac
325 3738 446 3810 proinde
463 3738 638 3794 Mozarahice
657 3738 699 3810 (ut
709 3739 901 3810 probavimus)
953 3737 1469 3820 pallasanctusDenedietusloquitur
1479 3739 1507 3793 in
1520 3742 1628 3812 regulae
1641 3759 1699 3796 suae
1710 3759 1772 3815 cap.

85 3848 146 3888 esse
155 3832 362 3905 antiquiorem.
373 3834 450 3887 luter
461 3832 607 3903 Evangelii
616 3831 771 3887 lectionem
784 3835 813 3887 et
827 3833 903 3887 obla·
953 3834 996 3899 59,
1018 3831 1065 3886 ubi
1087 3831 1122 3886 de
1140 3849 1295 3904 puerorum
1319 3832 1465 3888 oblatione
1489 3851 1588 3905 agens,
1603 3835 1688 3905 jubet
1708 3853 1770 3892 ma-

84 3925 903 3997 tionemnonnunquamhomiliaadpopuluminterpone·
953 3942 1022 3979 num
1035 3925 1117 3997 pueri
1133 3926 1274 3980 offerendi
1289 3926 1394 3980 involvi
1405 3929 1433 3981 in
1445 3928 1524 3998 pollo
1538 3929 1647 3993 alteras,
1663 3929 1773 3985 seilicet

83 4018 180 4087 batur,
198 4021 269 4073 teste
284 4019 512 4091 Caesario,.eujus
523 4019 724 4074 auctoritatem
735 4020 821 4091 paulo
835 4023 901 4075 ante
952 4036 1017 4073 cnm
1038 4018 1184 4075 oblatione
1206 4019 1289 4091 panis
1315 4019 1433 4087 etvini,
1456 4025 1487 4075 ut
1507 4039 1540 4075 er
1562 4021 1690 4093 utrisque
1715 4038 1772 4079 una

83 4112 248 4167 retulimus.
264 4111 344 4167 ldem
359 4113 463 4183 probat
477 4112 631 4167 audoenus
651 4112 680 4167 in
696 4112 744 4167 lib.
760 4131 779 4167 n
791 4114 826 4167 de
839 4115 902 4169 Vita
952 4111 1010 4166 Deo
1032 4112 1114 4167 fieret
1136 4112 1252 4167 oblatio.
1277 4112 1357 4167 ldem
1385 4114 1471 4167 fuisse
1498 4114 1612 4169 videtur
1635 4117 1772 4186 corporale

83 4206 176 4260 saneti
190 4205 283 4277 Eligii,
297 4223 360 4279 cap.
382 4209 415 4260 22
430 4223 436 4260 :
462 4226 476 4255 «
494 4205 596 4277 hliquo
614 4222 711 4260 rursus
724 4205 753 4260 in
769 4210 901 4278 tempore
948 4207 1076 4276 pallium,
1090 4207 1159 4261 olbis
1171 4208 1343 4275 stigmatibus
1357 4209 1506 4270 uenatum,
1521 4208 1599 4277 quod
1620 4208 1772 4263 Pethelmo

81 4298 226 4370 agebatur
236 4299 340 4353 natalis
351 4298 428 4353 beati
440 4298 562 4353 Martini.
574 4300 703 4370 Cumque
714 4298 790 4354 inter
800 4300 899 4354 missa·
952 4298 1073 4352 antistiti
1096 4299 1171 4354 dono
1186 4299 1347 4354 transmisit
1366 4300 1529 4354 Bonisaeius
1548 4300 1698 4369 episcopus
1712 4301 1770 4356 lde·

81 4408 149 4446 rum
175 4392 327 4459 solemnia,
353 4391 519 4463 evangeliea
537 4391 618 4464 juxta
636 4409 749 4447 morem
779 4393 900 4447 lectione
953 4393 1089 4463 guntinus
1110 4392 1138 4445 in
1160 4392 1282 4463 epistola
1305 4397 1346 4460 ll,
1358 4393 1476 4463 pallium
1496 4392 1595 4446 alteris
1613 4391 1722 4447 dictum
1739 4393 1768 4450 in

82 4484 209 4555 expleta,
236 4483 331 4539 divina
356 4485 464 4556 Eligius
491 4486 596 4556 populo
620 4484 790 4556 praediearet
822 4502 942 4578 mann
955 4483 1075 4556 epistola
1086 4488 1129 4540 35.
1142 4484 1205 4558 42
1214 4484 1473 4540 Paltavocabulum
1485 4483 1572 4539 hodie
1583 4484 1772 4542 retinetillud

82 4577 164 4645 data,
179 4599 194 4627 n
208 4581 262 4632 ete.
955 4579 1120 4650 operculum
1142 4577 1261 4646 lineum,
1278 4594 1334 4648 quo
1349 4577 1420 4632 calix
1434 4579 1562 4633 sacratus
1576 4579 1683 4651 tegitur
1699 4596 1705 4635 :
1720 4577 1771 4637 sed

120 4673 147 4726 8.
163 4673 266 4727 Postea
283 4671 421 4727 diaconus
441 4689 554 4728 sacrum
576 4671 770 4727 ministerium
793 4690 842 4728 seu
856 4691 901 4728 su·
953 4677 999 4727 ‘res
1011 4672 1073 4743 ipsa
1091 4672 1176 4742 longe
1190 4671 1271 4725 abest
1289 4689 1305 4725 a
1322 4671 1413 4725 reteri
1430 4688 1522 4727 more.
1543 4674 1680 4728 Processu
1699 4677 1772 4729 tern-

83 4763 260 4836 peDeetilem
283 4783 405 4836 sacram,
422 4765 451 4821 id
468 4770 521 4834 est,
535 4766 655 4822 calicem
673 4769 702 4820 el
719 4768 823 4821 caetera
836 4784 904 4822 rasa
954 4765 1031 4836 poris
1056 4764 1207 4836 corporali,
1228 4764 1305 4836 quod
1324 4764 1431 4820 Christi
1450 4767 1566 4837 ¹corpori
1592 4766 1772 4839 supponitur,

83 4873 178 4926 saera,
192 4875 226 4913 ex
238 4861 372 4927 sacrario,
389 4860 466 4932 quod
476 4860 505 4914 in
522 4861 697 4915 domuncula
710 4859 836 4914 eeclesiae
852 4860 901 4915 ad·
954 4858 1041 4913 etiam
1056 4858 1128 4913 calix
1143 4860 1289 4913 contectus
1303 4862 1355 4925 cst,
1369 4859 1446 4930 quod
1461 4859 1549 4914 hodie
1561 4876 1678 4931 queque
1692 4859 1772 4916 lacti-

82 4951 215 5006 haerenle
237 4952 324 5007 situm
348 4957 418 5021 erat,
442 4956 491 5008 aut
514 4957 589 5008 certe
614 4971 646 5008 ex
671 4954 797 5008 armario
820 4951 902 5007 altari
954 4953 1016 5006 tant
1029 4951 1218 5007 Carthusiani.
1233 4954 1312 5007 Hune
1325 4952 1413 5007 ritum
1433 4952 1542 5007 indicat
1557 4953 1679 5009 lacobus
1695 4953 1770 5008 avt-

81 5045 217 5119 proximo
229 5045 377 5101 afferebat.
389 5047 543 5118 Gregorius
552 5047 581 5101 in
594 5047 642 5101 lib.
656 5064 664 5101 1
676 5046 813 5102 deGloria
828 5063 903 5102 mar·
953 5045 1042 5100 triaco
1058 5045 1087 5099 in
1098 5046 1160 5101 loeo
1175 5062 1242 5101 mox
1252 5046 1337 5101 citato
1350 5061 1356 5101 :
1370 5047 1443 5100 Dum
1456 5048 1604 5118 corporale
1617 5045 1773 5120 deponitur

81 5142 192 5210 tyrum,
213 5155 276 5211 eap.
297 5142 331 5194 86
352 5156 358 5194 :
378 5159 391 5192 a
409 5141 541 5212 Tempus,
557 5139 659 5212 inquit,
677 5141 712 5195 ad
731 5139 902 5196 sacrificium
953 5139 988 5194 de
1004 5137 1102 5207 calice,
1122 5141 1189 5194 ante
1205 5139 1302 5194 oeulos
1317 5139 1425 5193 haheat
1440 5139 1654 5211 depositionem
1668 5142 1775 5202 Christi

83 5230 268 5286 offerendum
283 5231 414 5298 advenit3
429 5236 604 5306 acceptaque
616 5238 695 5290 turre
710 5234 856 5301 diaeonus,
870 5232 901 5288 in
952 5233 988 5288 de
1008 5251 1101 5289 eruce.
1125 5257 1138 5283 »
1154 5233 1204 5288 llie
1223 5231 1295 5287 ritus
1313 5231 1407 5303 magis
1420 5233 1577 5289 accedebat
1592 5235 1629 5289 ad
1644 5240 1774 5295 veterem

83 5340 140 5396 qua
151 5325 346 5380 ministerium
356 5325 494 5382 dominici
507 5327 633 5399 eorporis
644 5328 814 5395 habebatur,
826 5327 901 5382 ferre
952 5327 1129 5382 Gallicanum
1147 5343 1271 5393 morem,
1287 5342 1376 5397 quern
1395 5343 1429 5380 er
1443 5328 1583 5398 Gregorio
1599 5345 1666 5384 mox
1682 5331 1771 5404 expli-

83 5417 169 5491 eoepit
181 5418 221 5473 ad
231 5418 336 5474 ostium
349 5436 356 5488 ;
368 5419 570 5492 ingressusque
581 5422 734 5494 templum,
746 5425 778 5475 ut
788 5437 852 5475 earn
864 5421 903 5475 al·
952 5421 1073 5475 culmus.
1090 5421 1214 5476 Filiolam
1226 5423 1330 5475 vocant
1341 5420 1504 5476 llezarabes
1515 5423 1610 5477 velum
1626 5423 1697 5480 illud
1713 5443 1770 5499 quo

82 5510 137 5567 tari
152 5516 374 5586 superponeret,
390 5536 404 5565 o
420 5517 473 5569 ete.
486 5515 564 5570 Tune
579 5518 676 5570 autern
694 5515 781 5569 flebat
795 5514 901 5571 oblatio
952 5531 1065 5569 sacrum
1089 5513 1209 5569 calicem
1232 5513 1376 5585 operiunt.
1403 5515 1448 5570 Sic
1473 5515 1552 5571 enirn
1574 5517 1688 5575 rubrica
1707 5520 1774 5592 post

82 5605 167 5680 panis
180 5608 212 5663 et
224 5604 282 5662 vini
296 5605 334 5663 ad
345 5608 525 5666 sacrificium.
540 5607 698 5666 Concilium
712 5609 899 5665 blatiseenen·
952 5607 1100 5679 sanguinis
1115 5607 1364 5666 consecrationem
1378 5607 1466 5665 habet
1482 5625 1489 5667 :
1503 5613 1553 5669 Hie
1571 5612 1688 5668 elevetur
1699 5613 1774 5673 curu

82 5717 112 5758 ss
124 5717 158 5774 n,
173 5717 253 5760 anne
267 5704 329 5773 sss,
343 5717 406 5760 ean.
421 5704 449 5774 4,
464 5702 603 5775 decernit,
618 5724 633 5758 a
652 5706 683 5760 ut
698 5703 832 5762 omnibus
844 5705 900 5762 Do·
951 5703 1266 5776 umenecessitatis.

84 5795 199 5855 minicia
216 5793 318 5855 (liebus
334 5796 432 5856 altaris
448 5797 555 5858 oblatio
576 5798 612 5856 ah
631 5797 765 5857 omnibus
784 5797 851 5856 viris
874 5797 902 5855 et
990 5796 1031 5853 ll.
1045 5797 1113 5857 ldae
1123 5814 1191 5855 raro
1203 5815 1285 5858 asera
1298 5797 1438 5874 mysteria
1449 5799 1527 5872 palla
1539 5814 1589 5856 sau
1600 5794 1688 5869 pallio
1703 5802 1765 5881 altq
1848 5807 1853 5817 '
