3884 6150
125 245 176 301 bat
869 246 1067 304 LUCULENTll
1761 250 1809 307 aaa

124 354 326 426 superterram
340 352 387 424 qui
402 352 469 410 lacit
479 352 599 420 honum,
610 358 705 409 elnon
715 354 979 444 peccetlumul-,A
990 358 1019 410 et
1031 353 1094 426 piis,
1111 353 1213 426 quibus
1231 353 1371 409 dicetura
1386 351 1509 412 Domino
1525 371 1531 411 :
1550 356 1655 420 Venite,
1682 356 1811 415 benedicti

114 452 159 504 -lis
170 447 248 502 enim
258 447 417 525 offendimus
433 462 531 501 omues.
545 447 580 501 Et
591 445 656 501 ideo
674 463 732 502 non
744 447 784 502 ait
797 447 856 502 sine
872 463 937 518 pee-
988 451 1149 511 Pulticula,
1162 450 1294 519 percipile
1304 464 1426 519 reguum,
1442 450 1513 520 quod
1534 452 1609 506 uobis
1624 455 1759 522 paratum
1774 459 1809 509 est

125 546 199 608 cato,
211 540 261 596 sed
271 543 327 596 siue
336 542 456 594 crimine.
468 542 497 593 lu
515 556 558 595 ma
570 557 710 597 tesaurus
725 542 828 596 Douma
843 556 939 597 uosrur
989 544 1023 596 ab
1036 544 1138 611 origiue
1149 542 1254 596 muudi.
1270 540 1408 612 Reprobis
1422 545 1519 598 autem
1531 560 1538 598 ε
1552 546 1601 608 lte,
1614 546 1766 609 maudicti,
1780 550 1807 601 iu

124 637 188 691 lasa·
205 636 326 698 Canisri,
343 634 386 686 uel
406 633 435 686 in
455 633 532 687 diem
551 634 663 702 mortis,
683 632 798 704 quando
819 633 856 688 ad
875 650 940 689 suos
989 634 1538 705 ipueraaeteruum,quioobisparatusest.
1550 628 1805 709 Quem'dIempro·

125 729 221 783 uenire
236 727 380 797 dignatur.
394 726 475 781 Unde
489 729 517 780 et
530 726 599 780 dicit
613 745 618 780 :
635 729 679 784 Sic
690 744 748 782 eum
762 728 820 782 uolo
834 742 941 782 mouere
989 727 1077 800 pheta
1088 727 1264 798 prospiciens
1280 726 1348 782 dicit
1364 744 1370 783 :
1384 730 1445 784 Dies
1457 731 1505 783 ira
1515 730 1642 792 austra,
1657 730 1718 785 alies
1731 733 1807 786 triba-

125 823 206 878 tloaee
219 823 334 874 nauium.
345 821 393 873 Vel
410 819 439 873 in
454 820 531 874 diem
543 820 654 891 judicii,
670 810 786 892 quando
811 826 940 875 neuturus
990 822 1098 875 lationis
1110 826 1135 875 el
1147 823 1290 891 augustia,
1306 822 1362 875 dies
1375 822 1540 876 calamitatis
1562 827 1588 878 el
1608 826 1737 886 miseria,
1756 825 1807 881 dies

125 919 164 970 ast
171 914 300 982 judicare
313 916 387 968 vinos
399 918 424 968 et
437 918 566 968 mortuos.
582 915 658 968 Bene
674 914 777 968 dieitur
789 916 817 968 ia
830 914 874 967 alia
886 914 938 968 ad·
990 914 1094 968 ucbalae
1109 918 1134 967 at
1152 914 1278 980 turbinis,
1290 914 1348 968 dies
1362 915 1440 969 uubis
1454 920 1479 970 et
1492 917 1636 986 clangoris.
1653 916 1696 971 De
1713 933 1768 988 qua
1781 923 1806 972 et

125 1012 218 1061 ventus
232 1009 339 1061 Domini
349 1010 435 1062 uestri
446 1010 506 1062 lasa
517 1007 625 1062 Christi.
642 1007 720 1062 Unde
733 1010 761 1060 et
773 1007 939 1062 Matthaeus:
991 1007 1062 1061 alius
1078 1007 1220 1077 propheta
1236 1023 1242 1059 ι
1257 1008 1356 1063 Beatus
1363 1010 1415 1078 qui
1427 1009 1555 1078 iutelligit
1566 1025 1650 1079 super
1663 1025 1776 1078 egenum
1785 1017 1806 1066 el

126 1101 191 1155 Ciam
203 1100 302 1154 sederit
314 1117 362 1154 raa
375 1104 403 1155 tu
415 1102 482 1156 solio
495 1103 572 1168 reptat
580 1103 633 1163 sui,
649 1106 674 1155 at
689 1103 796 1170 caperit
804 1100 940 1168 judicare.
988 1115 1147 1171 pauperem,
1160 1102 1188 1154 iu
1202 1100 1245 1155 dia
1257 1101 1329 1155 malo
1344 1101 1469 1159 liberabit
1482 1117 1542 1156 eum
1555 1105 1695 1159 nominas.

126 1193 195 1258 Qum
211 1193 271 1247 dies
287 1211 387 1249 amara
402 1195 456 1249 erit
469 1194 591 1265 injustis,
603 1194 710 1249 blanda
725 1198 753 1249 et
768 1193 846 1248 mitis
855 1193 941 1264 justis

892 1527 1054 1651 Vlll.

157 1719 262 1784 Lectio
278 1720 430 1805 Epistola
444 1721 530 1783 beati
546 1720 637 1783 Pauli
651 1719 788 1802 apostoli
805 1721 846 1783 ad
860 1719 1017 1802 Ephesios
1032 1722 1088 1800 (111,
1107 1721 1154 1799 13)
1173 1741 1179 1782 :
1197 1721 1340 1797 Fratres,
1356 1720 1484 1783 obsecra
1499 1737 1555 1782 vos
1569 1738 1610 1783 ue
1625 1719 1786 1798 deficiatis

431 1801 464 1862 iu
482 1800 746 1863 tribulationibus
759 1802 839 1864 mets
847 1819 909 1884 pro
924 1799 1025 1878 vobis,
1040 1818 1113 1882 puae
1128 1800 1294 1881 astatoria
1308 1808 1427 1876 vestra,
1444 1804 1504 1863 etc.
1752 1801 1756 1807 '

770 1935 943 1991 Expostulo
961 1934 1171 1991 LUCULENTll.

163 2043 283 2097 Videbat
308 2044 411 2097 Paulus
438 2044 584 2113 apostolus
609 2043 802 2097 consummari
832 2045 1091 2126 cursumsspatres
1105 2040 1289 2096 nominamus
1304 2039 1481 2112 patriarchas
1500 2043 1528 2095 el
1547 2041 1709 2113 prophetas
1731 2041 1770 2096 sic
1787 2048 1812 2096 et

131 2135 216 2208 idad„
235 2136 294 2207 cor]
311 2153 404 2204 suum,
420 2139 448 2189 et
464 2136 617 2191 simulacra
629 2136 750 2191 deorum
766 2135 804 2190 ad
819 2135 941 2190 nihilum
996 2135 1143 2207 dIgniores
1154 2134 1348 2206 potestatesin
1358 2134 1736 2205 coelestihuspaternitatem
1746 2134 1813 2189 obli·

128 2228 231 2299 redigi,
249 2229 407 2300 principem
420 2227 521 2283 mnndi
535 2231 612 2284 foras
628 2228 738 2300 projici,
757 2229 896 2299 pullulare
909 2229 942 2282 fi·
994 2231 1073 2282 nent.
1082 2228 1218 2282 Dicuntur
1226 2227 1304 2282 enim
1312 2227 1536 2298 angeliminoris
1546 2227 1670 2282 ordinis.
1682 2227 1806 2282 Archan-

129 2321 195 2376 dem
208 2322 399 2388 credentium,
411 2322 545 2377 aedilicari
553 2323 708 2377 Ecclesiam
720 2326 749 2377 et
761 2338 898 2389 crescere,
914 2338 943 2375 ae
995 2321 1060 2393 geli,
1077 2321 1184 2389 throni,
1199 2320 1422 2387 dominationes,
1443 2320 1620 2391 principatus
1636 2323 1667 2374 et
1686 2324 1810 2393 potesta·

129 2417 227 2469 aulem
243 2416 824 2488 atrociterpersequipropterinslantiam
838 2415 944 2470 laboris
994 2419 1037 2469 tes
1064 2414 1267 2485 paternitatem
1291 2412 1409 2468 hahent.
1435 2415 1470 2467 Et
1492 2413 1557 2469 ideo
1574 2413 1644 2469 dicit
1668 2414 1812 2485 apostolus

129 2511 158 2561 et
170 2508 382 2578 praedicationis
392 2509 500 2579 accepti
511 2509 599 2565 oflicii
609 2510 645 2563 ad
656 2509 879 2564 construendam
893 2509 944 2562 Ee·
994 2508 1115 2562 Paulus:
1137 2511 1179 2564 aa
1199 2523 1250 2578 qao
1264 2510 1349 2562 orariis
1362 2510 1515 2578 paternitas
1529 2510 1558 2561 iu
1570 2508 1644 2562 calis
1657 2513 1683 2562 et
1697 2510 1728 2561 in
1744 2512 1812 2562 terra

129 2602 256 2656 etesium.
271 2602 439 2673 Discipulos,
457 2620 528 2674 quoa
541 2607 607 2658 ante
624 2603 828 2674 praedicaverat
839 2602 942 2669 uerbis,
994 2605 1164 2657 uoraiuutur.
1180 2602 1214 2655 Et
1229 2604 1296 2655 nota
1314 2600 1453 2671 quianon
1470 2600 1540 2654 dixit
1554 2617 1588 2655 ex
1602 2617 1662 2673 quo
1681 2604 1751 2655 nata
1762 2605 1810 2663 est,

90 2765 92 2769 7
128 2696 218 2750 voluit
234 2696 374 2750 instruere
388 2697 536 2767 exemplis,
554 2696 689 2750 comsit:
708 2697 833 2752 Oasacao
847 2711 898 2751 uos
913 2712 945 2750 ua
995 2695 1045 2749 scd
1058 2710 1091 2749 ea
1105 2711 1158 2765 quo
1172 2697 1343 2760 nominatum
1361 2711 1393 2747 ac
1412 2694 1535 2760 sidicat,
1561 2711 1595 2748 ex
1617 2694 1744 2748 Domino
1766 2695 1811 2765 qui

132 2804 281 2844 narramus
306 2807 332 2845 iu
358 2806 599 2846 rurai‘mnouiacs
623 2805 702 2857 uars3
728 2807 761 2844 ac
788 2790 810 2844 si
844 2789 943 2844 dicat:
996 2790 1158 2860 exemplum
1171 2787 1287 2859 reliquit
1300 2787 1404 2842 salictis
1418 2787 1460 2842 ita
1474 2787 1609 2843 faciendi.

128 2884 231 2937 Totum
246 2884 322 2954 quod
338 2884 441 2955 potior,
456 2901 513 2955 quo
529 2888 634 2951 arctor,
656 2901 712 2955 quo
733 2883 864 2950 tribulor,
880 2899 945 2938 mea
1031 2884 1070 2940 Ur
1082 2899 1131 2939 oar
1152 2897 1233 2938 roais
1254 2897 1396 2938 saccuucii
1418 2897 1535 2937 nisurus
1552 2897 1661 2938 caenia
1679 2897 1739 2939 sca
1755 2898 1810 2938 aaa·

129 2975 276 3030 trihnlatio
292 2980 385 3032 restra
396 2981 439 3031 est
454 2978 598 3048 gloriatio,
616 2977 682 3048 quia
693 2980 760 3031 tnnc
776 2977 805 3031 in
819 2977 875 3031 fide
887 2976 945 3031 dis·
995 2994 1062 3034 rura
1078 2992 1268 3033 ccauoaomar
1283 2992 1333 3031 aaa
1347 2976 1478 3032 Srimrua
1495 2991 1567 3031 arus.
1593 2975 1708 3031 Divitiae
1727 2976 1810 3047 ipsius

131 3067 217 3139 cipuli
231 3068 399 3136 solidantur,
416 3087 481 3123 cum
497 3074 614 3141 propter
628 3088 677 3125 eos
691 3070 828 3141 magister
839 3070 947 3140 patitur
996 3074 1072 3138 sunt,
1100 3073 1198 3142 utpote
1223 3070 1299 3125 dona
1321 3069 1535 3137 charismatum,
1562 3068 1640 3124 dona
1666 3069 1809 3136 uirtutum,

130 3164 160 3215 ct
171 3161 359 3230 angustiatur.
376 3164 473 3216 Potest
488 3167 517 3217 et
529 3163 612 3217 alitor
627 3163 748 3233 intelligi
762 3163 838 3234 quod
855 3163 922 3217 dicit
938 3180 945 3218 :
982 3182 1059 3237 vquae
1072 3165 1177 3220 sanclis
1190 3163 1320 3236 largitur,
1341 3163 1414 3218 sicut
1424 3179 1497 3218 unus
1512 3179 1545 3217 ex
1561 3162 1602 3218 eis
1621 3163 1671 3234 qui
1694 3179 1809 3235 accepe-

130 3255 240 3310 Obsccro
254 3270 338 3310 eosne
348 3255 478 3326 deficiatis
488 3259 516 3310 iu
527 3257 746 3312 tribulationibus
760 3260 824 3312 rucis
833 3273 886 3327 pro
898 3273 945 3311 ro·
995 3262 1040 3313 rat
1055 3258 1168 3313 dicebat
1184 3275 1191 3313 ε
1209 3260 1263 3315 Nos
1284 3259 1316 3312 tle
1333 3257 1508 3327 plenitudiue
1520 3256 1577 3326 ejus
1590 3258 1744 3327 occepimus
1754 3273 1810 3325 pra·

130 3350 184 3412 bis,-
197 3366 229 3403 ac
244 3348 267 3403 si
281 3349 392 3403 dicatur
407 3367 413 3404 :
431 3350 508 3404 Sicut
524 3367 578 3422 ego
595 3350 670 3405 inter·
684 3352 824 3421 procellas
845 3350 945 3405 mundi
995 3354 1062 3407 tiam
1083 3367 1135 3421 pro
1157 3354 1257 3421 gralia.
1283 3351 1353 3406 Orat
1378 3340 1522 3422 apostolos
1544 3365 1596 3421 pro
1621 3350 1752 3421 Ephesiis
1769 3349 1807 3403 di·

128 3443 652 3514 istiusetpersecutioncsnontitubo,
671 3423 1081 3516 itaetvosappositaCcens:
1112 3447 1146 3500 Ul
1176 3445 1220 3499 aet
1237 3445 1313 3500 uobis
1334 3444 1482 3500 secuudum
1504 3444 1617 3499 diuitias
1645 3445 1808 3514 gloriasse

129 3537 277 3609 supplicia,
292 3538 315 3592 si
330 3538 493 3609 contigerit,
507 3556 559 3611 pro
584 3539 688 3594 Christi
707 3540 824 3594 nomine
844 3539 944 3593 sormi·
995 3543 1094 3594 uirtute
1115 3539 1282 3594 corroborari
1300 3553 1350 3609 per
1368 3540 1500 3608 Spiritum
1519 3537 1594 3606 cius.
1612 3539 1652 3592 Ac
1672 3537 1696 3590 si
1716 3536 1807 3591 dicat:

130 3631 198 3685 darc
215 3631 313 3684 nolite.
330 3632 404 3686 Bene
421 3633 497 3700 dicit,
515 3649 576 3696 orta
592 3649 640 3688 aar
656 3648 755 3689 statua
767 3648 878 3688 uasrnu.
895 3632 945 3687 Cui
996 3632 1092 3687 Tantis
1104 3632 1169 3686 tutti
1183 3632 1243 3686 sitis
1254 3631 1337 3686 donis
1350 3631 1497 3698 virtutum,
1507 3633 1539 3684 ut
1553 3630 1633 3684 inter
1641 3631 1809 3702 persecutio

131 3723 222 3777 simile
237 3728 293 3778 est:
307 3724 336 3778 si
347 3725 416 3794 qnid
429 3726 561 3796 patimini
577 3731 696 3797 propter
704 3726 946 3797 justitiam,beati
997 3743 1048 3781 nes
1062 3727 1151 3780 lortes
1163 3725 1314 3792 maneatis,
1327 3724 1404 3795 quod
1417 3724 1511 3778 nullus
1526 3724 1625 3795 utique
1641 3725 1737 3778 lacere
1752 3728 1808 3795 pot·

130 3816 217 3870 eritis.
230 3818 317 3872 ucns
328 3835 370 3872 aar
387 3835 482 3874 auriam
498 3835 598 3875 succro
617 3837 704 3876 cauus
719 3837 771 3875 uas
788 3838 821 3876 uo
842 3836 945 3876 raanan
997 3821 1061 3888 erit,
1078 3819 1131 3873 nisi
1146 3819 1238 3890 gratia
1253 3818 1344 3873 sancti
1359 3817 1480 3889 Spiritus
1495 3817 1582 3871 luerit
1598 3817 1741 3872 imbutus.
1756 3818 1807 3873 Sic·

130 3912 231 3965 Douiui
244 3925 340 3965 uosrul
352 3913 417 3966 lasu
432 3915 553 3968 Cliniam.
569 3914 603 3968 El
625 3913 671 3967 hic
694 3914 828 3968 convenit
847 3930 946 3968 sensns
998 3931 1053 3985 que
1067 3912 1136 3969 dicit
1151 3912 1253 3967 virtute
1265 3910 1445 3967 corroborari
1457 3926 1508 3982 per
1521 3910 1662 3982 Spiritum
1676 3912 1755 3982 ejus;
1769 3911 1809 3983 qui

130 4003 396 4074 superioriscausaa,
411 4006 487 4075 qnod
499 4007 945 4078 ApostolusrogalproEphesiis,
997 4007 1075 4062 enirn
1089 4006 1229 4077 Spiritum
1241 4005 1289 4061 Dei
1305 4005 1334 4059 in
1350 4021 1379 4058 se
1399 4004 1579 4059 habitantem
1594 4003 1742 4074 hahuerit,
1763 4005 1810 4058 erit

132 4115 167 4151 ne
182 4098 355 4152 deficientia
369 4098 610 4167 tribulationibus,
626 4117 691 4154 cum
704 4101 790 4155 dicit:
806 4102 948 4168 Hujus-rei
997 4101 1087 4167 tortis,
1105 4105 1135 4155 et
1162 4098 1281 4154 habebit
1298 4099 1425 4154 virtutes.
1449 4100 1477 4153 lu
1499 4113 1666 4154 turamoaau
1692 4114 1832 4154 aestuat·

129 4195 221 4261 qratia
232 4194 307 4260 baclo
323 4209 409 4262 pausia
421 4208 479 4248 mea
493 4194 531 4248 ad
543 4195 651 4249 Patrem
670 4197 776 4251 Domini
789 4196 947 4249 uostrilesu
996 4211 1129 4251 nummus
1150 4194 1292 4249 Cuatsauu
1314 4209 1365 4248 aaa
1385 4208 1465 4247 ainau
1487 4207 1513 4248 ru
1539 4207 1674 4247 connisus
1695 4207 1809 4248 sasima.

129 4287 238 4341 Christi.
262 4286 340 4341 Sicut
361 4287 439 4341 enim
461 4290 527 4341 sunt
540 4303 636 4357 genua
649 4287 796 4342 exterioris
810 4287 945 4354 hominis,
998 4291 1028 4343 ln
1044 4290 1098 4344 hoc
1111 4288 1171 4342 vult
1183 4286 1336 4341 ostendere
1347 4285 1419 4340 duos
1431 4283 1638 4340 hominesesse
1652 4285 1682 4339 in
1697 4303 1755 4341 uno
1767 4286 1809 4339 ho

129 4380 168 4434 sic
190 4383 256 4434 sunt
275 4385 303 4434 et
322 4381 476 4436 interioria.
497 4382 562 4436 Tale
577 4381 645 4453 quid
661 4385 689 4436 et
702 4382 738 4436 ad
750 4382 946 4453 Philippenses
997 4384 1086 4451 mine,
1098 4381 1270 4437 exteriorem
1285 4379 1417 4435 videlicet
1428 4380 1514 4450 etqui
1526 4380 1737 4451 corrumpitur,
1747 4380 1810 4433 inte·

130 4473 207 4528 idem
223 4476 369 4546 apostolus
394 4475 453 4530 ait:
476 4479 508 4532 llt
530 4479 559 4531 iu
575 4480 680 4532 uomina
701 4479 763 4532 lesu
783 4493 857 4531 oraria
876 4493 947 4544 acuo
996 4477 1103 4533 riorem
1116 4476 1164 4547 qui
1180 4476 1335 4529 renovatur
1348 4473 1383 4527 de
1399 4472 1446 4527 die
1459 4472 1489 4526 in
1503 4471 1592 4540 diem,
1610 4471 1686 4527 sicut
1708 4473 1770 4545 ipse
1786 4472 1808 4526 in

129 4570 254 4634 [tactatur
273 4570 428 4633 celestium,
447 4574 615 4626 terrestrium
629 4575 654 4625 el
670 4573 848 4638 internarum.
863 4569 946 4635 Quod
997 4569 1053 4624 alio
1066 4570 1128 4624 loco
1145 4568 1214 4623 dicit
1228 4585 1234 4622 :
1252 4568 1282 4623 st
1299 4568 1414 4622 autumer
1426 4566 1502 4620 mmo
1517 4568 1609 4620 noster
1621 4570 1808 4637 corrumpitur,

130 4660 228 4731 ntique
245 4678 302 4716 nou
317 4662 353 4717 ad
369 4664 461 4717 solam
477 4663 603 4735 eorporis
619 4664 744 4734 pertinet
755 4663 947 4734 genuculatio
996 4667 1026 4718 iu
1038 4663 1183 4732 tameuqui
1194 4647 1316 4717 tutatast
1327 4663 1471 4715 renouatur
1483 4659 1515 4713 da
1529 4658 1572 4713 dic
1587 4660 1621 4713 iu
1635 4659 1718 4715 diem.
1734 4658 1809 4713 itabi-

130 4771 208 4809 nem.
222 4755 300 4809 Multi
311 4755 631 4812 enimvidenturerecta
642 4757 750 4812 cervice
762 4773 853 4825 orare,
869 4756 946 4828 apud
996 4759 1039 4812 tat
1051 4755 1129 4811 enim
1142 4756 1269 4812 Christus
1282 4753 1313 4809 in
1332 4752 1501 4808 interiorem
1525 4750 1691 4822 hominem,
1714 4757 1742 4808 et
1765 4753 1809 4807 hoe

130 4849 220 4903 [teum
232 4865 299 4904 vero
313 4848 744 4921 humiliterpoplitessectuntur.
756 4852 790 4905 Et
800 4868 815 4907 c
825 4849 945 4921 regione
996 4867 1055 4907 non
1071 4849 1126 4904 nisi
1139 4866 1191 4921 per
1203 4846 1302 4904 fidem.
1313 4847 1376 4903 Siue
1390 4847 1442 4916 lida
1451 4848 1520 4902 euim
1533 4846 1703 4916 impossibile
1715 4847 1811 4918 estpla·

132 4943 261 4998 nonnulli
271 4943 513 5014 prolixeorantes,
524 4943 664 5015 poplitem
675 4944 768 5015 figunt
778 4949 845 4999 ante
856 4944 946 4999 homi·
995 4960 1052 5000 carc
1065 4947 1133 4999 lieo:
1150 4947 1180 4998 ct
1192 4945 1302 5009 contra,
1316 4944 1409 4997 lustras
1431 4957 1464 4995 eu
1485 4939 1537 5010 Itale
1560 4940 1641 4995 uiuit.
1662 4939 1720 5005 Qui
1739 4940 1809 4995 enim

77 5036 81 5043 ’
132 5036 944 5108 neshumiliter,apudDeumcrectamceruicemhabent.
996 5036 1250 5110 perlectamhabet
1263 5034 1361 5101 fidem,
1376 5033 1464 5087 habet
1476 5032 1622 5088 Christum
1634 5032 1809 5088 habitantem

131 5127 946 5204 Paulusveronantonlumgenullexo,quantumatiectu
996 5131 1026 5186 in
1050 5147 1089 5185 se.
1111 5129 1213 5200 Utique
1237 5132 1265 5183 et
1288 5129 1372 5183 Pater
1393 5125 1529 5199 loquitur,
1553 5129 1588 5182 lit
1610 5128 1810 5183 inhabitabant

131 5221 246 5287 mentis,
267 5224 368 5278 orabat
382 5242 446 5279 cum
470 5227 579 5281 diceret
593 5244 599 5282 :
615 5227 706 5295 llujus
718 5228 758 5281 rei
770 5228 861 5293 aratia
872 5228 947 5294 ilecto
995 5227 1062 5288 illis,
1074 5229 1100 5279 et
1112 5223 1296 5278 inambulabo.

88 5360 89 5363 ,
131 5330 218 5385 peona
232 5331 292 5368 mea
310 5318 346 5369 ad
363 5319 470 5374 Patrem
488 5324 595 5376 Domini
608 5322 694 5376 uestri
710 5323 773 5376 lesu
787 5320 897 5382 obusti,
914 5336 946 5374 ax
1033 5321 1811 5381 lucuanrmrrnrmcanarauumu,uraossrriscouaaa·

131 5427 185 5472 oro
199 5424 283 5464 ouu1s
300 5425 461 5466 rurauuirus
477 5430 503 5469 ru
520 5431 608 5471 conns
625 5432 656 5470 aa
673 5431 699 5470 ru
720 5430 805 5470 cauus
829 5429 945 5468 uouiss-
998 5428 1120 5469 aaunaua
1136 5427 1191 5466 auu
1207 5425 1325 5465 ouuiaus
1342 5424 1452 5465 snucrrs
1466 5424 1526 5472 cua
1539 5423 1580 5464 sta
1595 5423 1744 5478 marauna,
1756 5423 1812 5463 cou-

131 5521 191 5560 rru.
205 5503 388 5557 Paternitatis
398 5504 537 5561 lionorcm
547 5507 615 5562 dicit
628 5508 773 5578 apostotus
782 5507 885 5562 Paulus
896 5523 946 5561 no·
998 5519 1322 5572 cirooo,soaa1u1ms,ar
1332 5518 1504 5558 anoarunru.
1517 5503 1563 5556 lllc
1574 5501 1605 5556 in
1622 5502 1764 5558 charitate
1776 5517 1814 5554 ra·

132 5597 235 5652 minari
252 5598 280 5651 in
293 5597 406 5653 coeliset
421 5598 448 5652 iu
458 5602 544 5655 terra.
561 5603 590 5654 ln
604 5600 690 5667 coelis,
706 5601 847 5656 scilicelin
862 5618 949 5672 auge·
999 5595 1812 5670 dicatnspariterqueetlundatusest,quemnecprospera

134 5692 402 5762 licispotcstutibua,
417 5693 484 5763 quia
499 5695 571 5749 sicut
596 5710 646 5747 nos
672 5694 701 5747 in
724 5696 806 5749 terris
833 5698 949 5765 propter
1000 5687 1813 5762 elevantnecadversaperturbant.Sicutilleeratquidice

132 5786 334 5858 reverentiam,
348 5787 541 5844 venerationis
554 5804 650 5856 causa,
666 5788 823 5842 anteriores
837 5792 949 5843 nostros
999 5787 1058 5843 bal:
1070 5786 1135 5855 Quis
1142 5802 1188 5842 aas
1196 5785 1356 5860 separabile
1365 5782 1813 5842 ctautateueirsubaudr'turnul-
