3884 6150
227 256 279 321 ars
624 238 1517 316 mrummmoruasssucucmusmmmsmasis.
1865 238 1914 307 art

228 372 308 428 llVlll
325 370 462 428 Kalendas
487 367 622 440 Octobris,
650 368 788 425 Exultatio
812 369 917 424 sauctae
942 365 1043 424 crucis.
1055 384 1085 460 Α
1409 384 1607 444 ΝονΕΜΒΕῃ,

263 463 430 523 3⁸⁰⁰t⁰r¹¹¹¹¹
441 463 565 519 cmlii
577 466 607 519 et
619 462 763 536 cypriani·
1093 492 1226 548 Hebraico
1255 495 1352 555 lmere,
1384 490 1548 563 AEgyptiaco
1578 489 1683 551 Atttri,
1713 486 1811 542 Graece
1841 489 1912 550 Dios,

227 561 294 617 XVIi
309 559 381 630 Kal„
394 556 482 614 santii
493 556 651 612 Nicomedis
665 556 809 629 martyris.
1199 585 1296 640 Lapine
1311 585 1466 649 November,
1480 583 1615 640 saxonice
1629 580 1800 640 Bpogmomd.

227 655 289 759 XVI·
306 652 378 757 liat,
395 655 560 707 sanctorum
576 650 751 723 Euphemiae,
784 648 876 706 Luciae
899 652 928 704 et
947 646 1042 704 Gemi·
1127 683 1205 737 Luna
1215 679 1371 737 Novembri,
1382 679 1412 733 ,n
1422 679 1572 750 vesperum
1584 681 1702 747 ,empore
1711 673 1877 730 amp„

1093 772 1152 828 ilal.
1181 770 1354 842 Novembris,
1378 770 1515 828 Omnium
1539 769 1717 827 Sanctomm.
1732 767 1829 824 Sancti
1850 766 1909 822 Oce·

1128 881 1205 921 sarn.

225 939 271 994 ΧΠ
284 938 356 1007 Kal-s
370 936 484 1010 Vittfflfl·
1093 960 1126 1014 lV
1139 960 1242 1029 Nonas,
1256 957 1345 1014 sancti
1363 956 1506 1014 Eustachii
1520 956 1662 1029 martyris.

225 1032 258 1088 lll
271 1031 343 1103 Kal,
357 1031 446 1087 sancti
458 1030 571 1087 llathssi
582 1031 700 1103 apostoli
712 1036 741 1087 et
749 1029 940 1103 evangelista.
1092 1053 1126 1106 pp
1138 1051 1214 1120 lpus,
1226 1055 1389 1107 ,anctorum
1403 1056 1525 1124 quatuo,
1536 1053 1753 1108 mmmmm,

223 1126 246 1181 x
260 1125 331 1197 Kal,
345 1126 433 1181 sancti
447 1124 573 1180 Mauricii
585 1141 651 1180 cum
665 1124 747 1180 sociis
759 1125 828 1182 suis.
1091 1146 1114 1199 v
1128 1144 1201 1213 Μῦς,
1217 1145 1306 1201 sancti
1317 1145 1456 1202 pheodori
1467 1144 1609 1216 martyris,

226 1220 258 1274 lx
272 1217 344 1288 Kale
359 1221 462 1274 ⁸³¹1&ae
475 1217 564 1274 Tesslffl
576 1218 705 1291 Virginis·
1045 1280 1049 1287 .
1090 1240 1126 1294 lll
1139 1239 1214 1310 ldus,
1228 1238 1315 1296 sancti
1327 1238 1437 1295 llartini
1449 1238 1584 1313 episcopi.
1598 1238 1695 1295 Sancti
1709 1238 1820 1295 Donnes
1831 1252 1903 1292 mar·

224 1312 365 1383 titillat,
375 1312 527 1385 Conceptio
540 1311 630 1368 sancti
642 1310 935 1383 iohannis-baptistae.
949 1306 1045 1381 AEqtd'·
1126 1331 1207 1404 tyris,

259 1405 397 1463 noctium·
1091 1427 1167 1497 ldus,
1183 1426 1272 1481 sancti
1282 1426 1365 1482 Bricii
1377 1426 1513 1500 episcopi.

224 1500 272 1555 VH
283 1499 356 1568 Kal,
370 1498 458 1554 Sancti
471 1497 590 1554 Firmini
603 1497 744 1571 mandris·
1090 1521 1132 1575 xv
1145 1520 1205 1575 llal.
1218 1520 1389 1591 Decembris,
1405 1521 1494 1576 sancti
1505 1519 1607 1576 Auiani
1621 1518 1758 1593 episcopi.

225 1594 247 1648 V
264 1592 338 1664 Kal,
354 1597 517 1649 sauctorum
529 1593 635 1648 Cosmae
645 1597 674 1648 et
688 1590 816 1647 Damiani
830 1595 1000 1663 martyrum.
1090 1614 1110 1669 x
1124 1613 1195 1681 gap,
1208 1617 1311 1670 sancta,
1324 1613 1434 1670 Cecffiae
1445 1613 1575 1686 virginis,

223 1687 259 1741 1¹¹
274 1686 347 1758 Kale
363 1685 450 1742 sancti
460 1685 601 1741 Mi⁰h⁸⁰fi⁵
611 1685 785 1758 amhflflssefi·
1091 1706 1122 1761 lx
1135 1706 1208 1775 Kal,
1223 1708 1313 1764 musti
1324 1707 1476 1764 Clementis
1489 1707 1632 1780 martyris.

223 1779 246 1835 Π
260 1780 332 1851 Kale
345 1778 433 1835 sancti
445 1777 609 1851 fflefflfll'mi
623 1778 792 1852 llfflhliefi·
1051 1757 1148 1860 BVlll
1162 1805 1233 1874 Kal„
1247 1805 1337 1862 sancti
1347 1805 1515 1879 chrisogoni
1527 1804 1671 1878 martyris.

547 1927 716 1984 ocpoggg
1092 1900 1127 1954 111
1139 1899 1212 1970 Kal,
1226 1899 1316 1955 sancti
1329 1898 1475 1955 Saturnini
1487 1899 1631 1971 martyris.
1645 1897 1760 1971 Vigilia.

223 2039 358 2098 Hebraico
377 2041 496 2103 Thesert,
520 2039 684 2110 AEpyptiace
703 2041 792 2101 Faost,
813 2037 907 2093 Graece
929 2036 1041 2110 yperbe·
1092 1992 1113 2047 n
1128 1992 1200 2065 Μ’
1215 1992 1304 2049 ΒΜ
1316 1993 1436 2050 Andfeae
1450 1992 1580 2066 8ΡθθωῙῘ·

276 2139 370 2199 reteos,
386 2134 484 2188 latine
498 2132 618 2196 October,
637 2132 774 2188 Saxonice
786 2131 987 2202 Piaterps'tlr'ti.
1406 2132 1596 2188 DEGEDBER.

244 2232 321 2286 Luae
331 2227 450 2286 Octobris
463 2228 535 2282 teter
547 2239 647 2281 aarum
659 2231 685 2281 et
697 2241 837 2298 vesperum
849 2224 1015 2280 accenditur.
1091 2247 1224 2304 flehmic„
1244 2249 1349 2314 cm,
1368 2249 1529 2321 AEgypfiace
1552 2249 1661 2313 cmc,
1680 2248 1777 2304 ΕΜ
1791 2247 1887 2320 ΛΜ

222 2322 285 2378 llal.
305 2320 444 2391 Octobris,
462 2325 623 2376 sanctorum
637 2318 769 2374 Germani
783 2323 811 2375 et
824 2317 948 2390 Remigii
965 2315 1040 2389 epis·
1247 2343 1343 2399 Latine
1356 2343 1505 2408 December,
1519 2342 1657 2400 saxonice
1670 2342 1756 2400 (Μ.

259 2430 408 2487 millium·
1090 2434 1167 2490 Lana
1181 2434 1329 2488 Decembris
1347 2434 1419 2489 inter
1436 2447 1574 2502 oespeam
1589 2436 1615 2488 et
1635 2431 1757 2488 rudiam
1774 2431 1840 2488 diem
1853 2446 1883 2486 oc-

221 2509 257 2564 Vt
268 2509 371 2576 Nonas,
385 2505 474 2562 sancti
486 2503 661 2578 leodegarii.
1433 2504 1566 2559 conditur.

223 2602 259 2657 lll
272 2601 374 2672 Nonas,
389 2603 493 2655 sanctae
505 2598 633 2655 cristinae
646 2596 774 2670 virginis.
1089 2604 1123 2659 lll
1144 2603 1237 2659 Nonas
1266 2600 1436 2673 Decembris,
1457 2600 1597 2674 Depositis
1614 2600 1706 2657 sancti
1734 2599 1826 2674 Byrini
1843 2599 1885 2670 epi·

220 2694 317 2765 Nouis,
331 2694 420 2750 sancti
433 2692 517 2748 Marci
529 2708 622 2765 popae,
637 2690 759 2748 Marcelli
773 2694 801 2746 et
814 2689 925 2764 Apulei.
1125 2696 1214 2769 scopi.

220 2787 268 2844 vu
282 2788 357 2859 ldus,
373 2788 536 2843 sanctorum
551 2784 687 2858 Dionysii,
702 2784 811 2841 Rustici
824 2790 853 2841 et
872 2783 1038 2842 Eleutherii.
1090 2792 1113 2846 lt
1126 2790 1229 2859 Nonas,
1244 2788 1332 2845 sancti
1345 2788 1489 2846 Benedicti
1500 2789 1620 2847 abbatis.

221 2881 332 2950 llldus,
346 2878 435 2935 sancti
449 2879 657 2951 Calestipapce.
1090 2884 1123 2939 lv
1137 2884 1211 2951 ldus,
1225 2887 1327 2938 sanctae
1340 2883 1455 2938 Eulalia
1467 2882 1595 2954 virginis.

222 2977 278 3034 llVl
309 2976 372 3034 Kal.
396 2976 572 3047 Novembris,
596 2980 699 3032 sancta
722 2974 925 3048 AEtheldrythae
950 2974 1038 3048 virgi-
1089 2978 1124 3032 lll
1140 2977 1215 3048 ldus,
1228 2977 1317 3033 sancti
1330 2976 1442 3032 Damasi
1457 2992 1551 3050 papas.

258 3068 313 3126 uis.
1006 3102 1009 3106 ι
1092 3070 1165 3141 ldus,
1181 3069 1379 3127 sanctitudoci
1395 3068 1571 3141 confessoris,
1585 3072 1729 3126 etsanctae
1741 3067 1881 3125 Luciasir·

221 3164 266 3220 XV
276 3163 347 3234 Kal„
359 3163 448 3219 sancti
459 3165 541 3220 Luca
553 3161 741 3234 evangeliste.
1050 3126 1078 3201 C
1125 3162 1210 3236 ginis.

222 3259 280 3314 Vlll
294 3257 367 3328 liat,
382 3261 545 3314 sanctorum
562 3255 684 3329 Crispini
697 3259 726 3312 et
743 3254 914 3328 Crispiniani
931 3260 1039 3329 marty·
1088 3258 1133 3313 llll
1145 3258 1206 3313 llal.
1218 3256 1354 3325 ianuarii,
1367 3257 1457 3313 sancti
1468 3257 1585 3313 Thomae
1598 3256 1729 3330 apostoli.

258 3368 334 3409 rum.
1089 3352 1146 3406 Vlll
1158 3349 1229 3419 Kal,
1245 3349 1379 3405 Nativitas
1389 3350 1501 3407 Domini
1513 3351 1603 3407 nostri
1615 3352 1680 3407 lesu
1694 3350 1807 3408 Christi.
1866 3343 1871 3353 '

223 3446 269 3503 vu
278 3446 350 3518 uu,
364 3445 452 3502 sancti
462 3444 584 3500 Amandi
598 3443 734 3517 episcopi.
1089 3445 1134 3499 llll
1146 3445 1218 3515 liat,
1232 3443 1320 3499 sancti
1333 3443 1470 3517 Stephani
1484 3445 1713 3518 Protomartyris.

222 3540 257 3597 Vl
270 3542 343 3612 Kal,
359 3539 469 3613 Vigilia.
1088 3538 1121 3592 vl
1134 3538 1204 3607 liat,
1219 3537 1307 3592 sancti
1318 3536 1451 3593 lobannis
1466 3539 1653 3611 evangelista.

222 3632 245 3688 r
259 3633 332 3702 Kal„
345 3637 506 3688 sanctorum
517 3631 710 3703 apostolorum
720 3629 842 3686 Simonis
856 3633 885 3685 et
896 3629 984 3686 ludas.
1088 3632 1109 3686 V
1122 3631 1250 3701 Kalend,
1265 3630 1378 3687 Necatio
1390 3631 1545 3688 infantium
1557 3650 1634 3690 cmv
1648 3636 1750 3693 millia.

225 3729 261 3783 lll
273 3727 344 3797 Kal„
359 3726 504 3782 Ordinatio
513 3724 603 3781 sancti
616 3724 751 3781 swithuni
762 3724 896 3796 episcopi.
1089 3724 1123 3779 lv
1135 3725 1206 3795 liat,
1217 3728 1320 3780 smera
1331 3724 1427 3780 Tibbae
1440 3725 1570 3798 virginis.

225 3827 248 3881 ll
262 3825 335 3896 Kal,
349 3823 438 3881 sancti
447 3823 574 3889 Quintini
589 3823 721 3896 martyris
733 3822 844 3896 Vigilia.
1088 3823 1110 3877 ll
1124 3822 1216 3878 Sancti
1228 3821 1351 3878 Silvestri
1363 3839 1453 3895 papae.

394 4178 711 4255 uasmuouu
750 4178 1000 4255 uoummu
1037 4180 1094 4256 m
1132 4144 1440 4276 snouuunns
1479 4182 1749 4260 eruamus

262 4360 376 4417 Veteres
387 4358 470 4413 hasce
481 4355 616 4426 titanios,
630 4372 695 4428 qrrae
709 4372 768 4411 uua
781 4372 846 4413 cum
857 4356 930 4414 libro
941 4355 1121 4414 Psalmorum
1136 4357 1167 4413 in
1179 4357 1363 4414 membraneo
1378 4358 1479 4415 Codice
1496 4357 1677 4432 ltemigianoe
1694 4361 1774 4433 opud
1786 4361 1900 4417 itbsmos

228 4450 408 4507 Bibliotheca
425 4447 616 4515 continentur,
635 4446 806 4519 Anglicauas
826 4447 918 4504 dicere
940 4465 999 4504 non
1017 4464 1126 4516 vercor,
1144 4464 1202 4504 non
1223 4449 1314 4504 solum
1337 4448 1372 4505 ob
1385 4449 1488 4505 veteris
1501 4448 1609 4505 Codicis
1632 4449 1813 4507 characteres
1824 4449 1900 4506 semi·

228 4539 386 4606 saxonicos,
402 4541 430 4593 et
442 4536 558 4593 nomina
578 4538 740 4592 sanctorum
759 4537 918 4608 plurimum
941 4537 1101 4594 Britannica
1125 4554 1174 4594 seu
1196 4539 1375 4610 anglicanas
1397 4539 1444 4594 sed
1459 4538 1583 4595 maxime
1597 4544 1714 4612 propter
1735 4539 1903 4595 aliamobse

230 4629 396 4699 cretionem,
411 4644 476 4700 quae
487 4626 638 4683 adhibetur
655 4626 707 4682 suh
727 4625 813 4682 tinem
833 4627 998 4684 litaniarum
1014 4645 1021 4684 :
1038 4630 1072 4686 Ut
1090 4629 1165 4684 Deus
1176 4629 1278 4686 cleram
1296 4633 1322 4685 et
1338 4629 1443 4702 plebem
1462 4629 1617 4701 Aagbram
1638 4645 1801 4688 conserere
1818 4630 1905 4702 dieue·

229 4727 372 4867 ‘viimam
387 4804 585 4878 antiquitatem
594 4804 735 4876 probatin
744 4806 844 4878 primis
856 4811 979 4864 vetustas
992 4805 1151 4880 Demiglani
1163 4807 1272 4864 Codicis
1282 4807 1317 4864 ab
1328 4807 1508 4881 annisprope
1522 4808 1675 4881 nongentis
1681 4809 1806 4865 exarati.
1814 4804 1909 4863 Deinde

229 4905 392 4956 sanctorum
404 4900 483 4966 astus,
498 4909 621 4968 quorum
636 4893 771 4968 suffragia
788 4898 984 4969 postulantur;
1008 4913 1044 4954 ex
1064 4896 1167 4971 quibus
1187 4899 1283 4954 uuDus
1305 4901 1348 4954 est
1367 4898 1461 4955 medio
1474 4899 1577 4954 saeculo
1590 4915 1629 4955 vn
1640 4896 1771 4955 misrior
1788 4897 1832 4954 Ad
1840 4897 1907 4965 hose,

228 4990 303 5063 quod
316 4987 400 5045 multi
412 4985 501 5042 sancti
513 4984 588 5056 apud
601 4984 717 5056 Anglos,
728 4985 781 5041 sub
795 4987 882 5044 finem
896 4987 994 5044 saeculi
1007 5003 1045 5045 ru
1055 4991 1083 5044 et
1094 4987 1209 5043 initium
1223 4988 1319 5045 seculi
1332 5005 1379 5046 vm
1392 4988 1517 5044 maxime
1531 4987 1663 5055 celebres,
1671 4987 1702 5043 in
1715 4985 1787 5061 ipsis
1800 4984 1907 5043 tinnis

229 5081 411 5146 omittuntur,
423 5076 529 5132 scilicet
538 5073 720 5146 Cuthbertus,
732 5076 890 5149 Wiliridus,
901 5078 1036 5147 Aidanus,
1049 5077 1228 5150 Aldhelmus,
1240 5075 1905 5148 Ethildrita,uttaccamllellitum,bau1antium,

228 5169 389 5236 Paulinum,
403 5165 620 5236 columbanum,
632 5164 794 5238 Discopum,
808 5165 993 5235 (lantfridum,
1007 5167 1196 5237 Theodorum,
1210 5168 1393 5237 Hadrianum,
1404 5168 1511 5224 Dedam
1521 5172 1549 5223 st
1562 5166 1641 5222 alios.
1650 5166 1691 5222 Ex
1704 5165 1810 5238 quibus
1822 5164 1907 5220 iniero

227 5259 340 5318 litanias
351 5258 417 5313 istas
431 5256 541 5312 labente
562 5256 665 5312 sacculo
682 5273 718 5311 vu
740 5254 769 5311 iu
785 5257 941 5329 Anglicana
960 5257 1082 5314 Ecclesia
1104 5258 1224 5314 usitatas
1236 5257 1332 5314 tuisse.
1346 5260 1442 5314 Unum
1464 5258 1529 5313 huic
1544 5255 1692 5313 sententies
1709 5252 1796 5327 objici
1808 5255 1905 5327 potest,

227 5349 368 5408 nimirum
387 5347 577 5419 Augustinum
595 5346 726 5420 proximo
746 5350 809 5421 post
826 5347 994 5420 Gregorium
1004 5348 1065 5404 loco
1080 5347 1234 5404 nominari.
1247 5347 1326 5413 Quod
1339 5348 1453 5404 videtur
1465 5362 1611 5404 emanasse
1624 5360 1659 5402 ex
1671 5345 1787 5401 decreto
1800 5338 1907 5399 concilii

227 5435 476 5506 Cloresboviensis,
491 5452 565 5492 anno
575 5439 626 5493 747
640 5438 783 5510 celebrati,
792 5439 822 5494 in
833 5437 1043 5510 cujuscapitulo
1055 5441 1087 5494 17
1100 5439 1288 5495 coustitutum
1300 5442 1352 5507 est,
1367 5442 1398 5494 ut
1411 5439 1468 5495 dies
1480 5437 1653 5509 depositionis
1662 5436 1752 5492 eoacti
1764 5431 1909 5504 Augustini

227 5528 429 5600 archiepiscopi,
445 5525 496 5599 qui
509 5526 543 5582 ad
559 5531 674 5599 gentem
686 5531 871 5602 Angloruma
886 5527 1020 5602 Gregorio
1033 5528 1243 5602 predicationis
1253 5529 1344 5601 gratia
1356 5528 1457 5583 missus
1467 5532 1518 5595 ast,
1529 5527 1565 5583 ab
1575 5526 1759 5582 ecclesiasticis
1771 5527 1797 5580 et
1806 5537 1906 5581 ‚mono-

227 5617 381 5677 steriolibas
392 5617 510 5684 fertote
529 5616 680 5684 haberetne
696 5618 757 5689 ejus
768 5635 873 5676 nomeu
882 5622 912 5675 ia
922 5621 1026 5675 litante
1038 5619 1225 5676 &metatione
1233 5623 1295 5692 post
1307 5621 1398 5675 saactt
1407 5617 1531 5688 Gregorii
1539 5616 1704 5673 uomtroeem
1712 5629 1819 5687 seraper
1841 5613 1908 5668 dcte

226 5718 312 5767 retur.
323 5709 381 5780 Ego
394 5722 460 5762 vero
474 5706 595 5762 concedo
609 5711 738 5762 sanctum
750 5711 952 5781 Augrrstinum,
964 5709 1013 5782 qui
1023 5708 1053 5764 in
1065 5708 1206 5780 predictis
1219 5709 1325 5765 litaniis
1335 5711 1523 5778 memoratur,
1534 5722 1591 5762 uon
1604 5721 1665 5762 esse
1674 5720 1817 5779 maguum
1826 5702 1905 5758 illum

226 5798 357 5856 Ecclesia
375 5799 530 5868 doctorem,
546 5797 593 5855 sed
615 5795 702 5853 alium
723 5800 933 5870 cognominem,
947 5797 1075 5871 Gregorii
1093 5799 1187 5870 Magni
1207 5798 1389 5872 discipulum,
1404 5801 1434 5855 ot
1455 5797 1615 5868 rugiorum
1634 5794 1807 5869 apostolum,
1820 5807 1903 5868 mem
