3878 6150
637 273 805 329 EPISTOLAE
825 273 866 328 ET
885 270 1049 327 unumst.
1626 268 1677 324 734

108 394 201 468 spatio
211 394 412 467 fatigationem
428 392 571 465 perpessi:
586 392 707 446 sustinet
719 393 816 447 autem
826 403 855 477 Α
865 407 931 446 vero
944 393 973 447 et
986 388 1063 461 apud
1082 388 1200 444 eosdem
1222 387 1371 460 episcopos
1393 387 1484 460 quiin
1498 388 1680 444 Chalcedona
1736 451 1741 463 .

102 491 125 546 rt
136 494 261 563 quatuor
273 489 333 544 dies
348 489 451 555 adhuc,
463 491 492 542 et
504 485 692 558 praesentibus
706 484 816 556 magni·
865 483 1045 551 resederunt,
1060 483 1088 538 in
1103 480 1290 538 venerationis
1312 480 1438 553 synodus
1456 481 1570 536 nonnisi
1588 484 1681 554 usq&

102 583 195 639 ssimis
206 584 352 655 judicibus
373 582 487 649 nostris,
503 581 616 652 singula
638 596 815 651 quaecunque
866 579 903 633 ad
916 577 984 632 fidei
996 576 1195 633 definitionem
1204 575 1267 643 fuit,
1278 592 1329 648 per
1336 576 1390 630 hoc
1401 570 1499 647 aperte
1509 576 1679 643 ostenditur,

102 692 222 745 novere,
232 675 539 749 competensadepturi
549 673 758 745 solatiumlrtl„
769 689 816 727 au·
866 671 944 744 quod
958 671 1087 744 plerique
1103 670 1193 726 Graeci
1206 669 1385 741 antiquiores
1400 668 1518 726 Codices
1531 669 1680 724 continere

102 770 135 844 ].l
152 771 206 837 Qui
222 771 310 843 igitur
320 772 356 826 ad
371 771 484 842 singula
496 787 617 843 quasque
634 770 742 824 vellent
752 784 814 823 mo·
866 766 1011 839 synodum
1022 763 1140 821 nonnisi
1150 763 1180 818 in
1192 756 1412 823 seductionibus
1423 761 1581 834 subjunctis
1593 777 1679 817 cano-

102 867 188 922 etenti
210 871 285 935 sunt,
301 868 367 922 licet
381 867 490 938 [Forsan
510 865 609 936 liquet]
632 863 698 936 quia
712 878 817 935 nequa·
865 861 949 919 nibus
958 860 1203 928 demonstrantur,
1212 857 1371 913 ntomnino
1383 859 1557 927 caeteraquae
1568 854 1680 926 privato

103 961 179 1018 ultra
190 961 309 1017 actionis
325 964 409 1020 sextae
420 959 575 1016 terminum
586 974 637 1033 pro
651 957 719 1012 fidei
731 972 816 1012 causa
867 956 960 1014 studio
975 958 1092 1012 fuerant
1102 958 1192 1023 mota,
1205 971 1263 1010 nen
1273 954 1410 1009 habeant.
1422 946 1503 1006 Unde
1515 953 1544 1004 et
1553 946 1681 1019 encyclia

102 1057 169 1110 runt
181 1054 415 1127 [remanserunt].
865 1052 928 1108 haee
942 1052 982 1108 ita
992 1066 1053 1107 esse
1064 1053 1217 1119 testantur,
1227 1050 1299 1107 Nam
1313 1048 1409 1102 Leone
1422 1046 1550 1116 Augusto
1560 1040 1679 1113 Alypius

106 1164 159 1203 cur
171 1149 206 1203 de
220 1149 264 1202 his
279 1152 396 1204 extensa
409 1148 521 1204 ratione
535 1143 657 1221 agimus,
673 1149 722 1221 qui
736 1147 816 1204 tanta
867 1144 1016 1226 episcopus
1035 1144 1172 1207 Cesarea
1185 1139 1372 1219 Cappadocia
1386 1137 1524 1206 scribens,
1548 1136 1589 1191 &il
1611 1126 1680 1204 (15⁵³

102 1240 221 1297 cessoris
233 1241 325 1297 nostri
340 1242 417 1297 beati
438 1243 540 1298 Leonis
555 1243 724 1298 auctoritate
738 1243 816 1298 fulci·
863 1252 938 1323 port.
954 1246 1077 1309 chalced.
1091 1261 1160 1313 eon,
1172 1260 1194 1301 c.
1211 1241 1271 1322 50):
1286 1241 1334 1296 llis
1353 1240 1451 1309 itaque
1471 1229 1510 1289 dn
1528 1247 1558 1285 se
1569 1216 1685 1295 habam·¹

104 1336 165 1408 lpse
179 1352 315 1407 namque,
337 1337 409 1392 sicut
421 1339 513 1393 multa
536 1337 665 1410 supets'us
680 1337 814 1409 epistota·
867 1343 951 1412 tibus,
965 1346 1067 1425 vestrae
1082 1341 1185 1398 Pietati
1198 1341 1340 1423 significo,
1356 1339 1423 1415 quia
1436 1355 1470 1398 ea
1486 1325 1605 1414 quidem
1616 1339 1679 1413 (ΡΒ

102 1429 144 1500 ius
159 1430 340 1486 attestatione
365 1431 529 1498 docuimus,
547 1436 626 1503 gesta
648 1431 817 1503 multiplicia
866 1436 1076 1510 particulariter
1090 1424 1340 1504 examinatasunt,
1355 1440 1383 1490 et
1397 1452 1461 1508 quae
1477 1436 1585 1508 [atquo]
1600 1428 1682 1508 gesta

102 1528 154 1579 dm
169 1524 335 1595 specialium
350 1525 543 1596 reprobando,
557 1515 756 1580 auctoritatem
770 1543 814 1597 sy·
867 1531 999 1587 assuetis
1013 1526 1153 1602 episcopis
1169 1529 1197 1584 in
1212 1530 1440 1587 chalcedonensi
1462 1530 1576 1587 civitate
1599 1528 1681 1586 colle-

102 1618 815 1674 rsolafrdeidefinitioneconstrinxitlliucestenim
866 1625 926 1693 otis,
942 1641 1001 1679 non
1016 1620 1200 1705 led-queque
1217 1624 1295 1679 enim
1309 1627 1440 1679 asanctae
1449 1624 1599 1679 memoriae
1613 1628 1681 1681 tunc

102 1715 211 1782 peracta
224 1713 333 1785 synodo
344 1717 459 1769 cunetas
471 1713 553 1768 nobis
566 1714 760 1785 suspicionum
769 1730 817 1767 ne·
867 1719 999 1791 episcopo
1025 1702 1180 1784 Thalassio,
1202 1719 1251 1789 qui
1279 1717 1411 1775 interluit
1432 1721 1529 1773 sancto
1548 1710 1679 1786 conaus,

102 1821 219 1877 argens,
230 1810 326 1879 aperte
335 1808 371 1862 ad
379 1807 530 1862 Maximum
539 1807 726 1863 Antiochense
741 1794 975 1895 sedisssatiquid
999 1813 1054 1866 huc
1070 1812 1191 1882 amplius
1208 1814 1250 1866 est
1264 1813 1383 1866 allatum
1404 1827 1437 1866 ex
1458 1811 1580 1882 hisquae
1599 1815 1681 1882 gesta

102 1901 160 1954 tem
175 1901 282 1970 scribit,
303 1902 400 1956 dicens
415 1903 508 1972 (Epi-st.
524 1904 586 1975 eat:
608 1902 636 1958 Si
657 1902 726 1973 quid
747 1918 815 1956 sane
867 1904 1299 1974 noscuntur,'sedtantummodo
1311 1904 1511 1959 definitionem
1522 1905 1680 1975 expositam

124 1992 269 2062 fratribus,
293 1996 370 2069 quod
385 1996 422 2051 ad
437 2000 566 2051 sanctam
591 1995 731 2066 synodum
756 1995 815 2049 vice
866 2001 965 2056 abillo
982 2000 1214 2055 sanctoconcilio
1232 1999 1267 2054 ab
1282 2016 1316 2054 eo
1336 1999 1462 2053 delatam
1485 1997 1614 2071 inspexi.)
1628 1999 1678 2052 ht·

102 2087 157 2156 risi,
172 2093 276 2161 praeter
291 2090 320 2144 id
333 2091 411 2162 qnod
427 2090 463 2145 ad
476 2107 590 2145 causam
607 2089 673 2144 ndei
688 2089 814 2160 pertine·
866 2098 990 2151 &stante
1012 2111 1082 2165 orgo
1108 2093 1208 2165 Alypio
1231 2093 1365 2171 episeopo
1391 2090 1591 2167 perdocemur,
1613 2091 1681 2163 quia

102 2185 186 2238 istum
201 2195 261 2238 esse
276 2184 453 2255 perhibetur,
470 2183 575 2239 nultius
585 2183 639 2238 erit
649 2183 762 2254 penitus
771 2182 817 2237 lir-
866 2191 971 2260 prator
983 2203 1099 2285 ewam
1112 2187 1180 2243 fidei
1193 2182 1264 2243 nilitt
1278 2186 1314 2243 de
1326 2185 1436 2259 synodo
1451 2182 1481 2240 in
1494 2184 1680 2240 veneratione

102 2293 118 2344 s,
133 2277 200 2348 quia
213 2277 249 2332 ad
264 2279 317 2332 hoc
327 2281 441 2332 tantum
455 2278 490 2332 ab
502 2277 657 2351 apostolica
668 2277 736 2332 sede
750 2279 816 2332 sunt
864 2281 1024 2338 Thalassius
1047 2254 1143 2338 nulli·
1164 2281 1212 2354 qni
1228 2281 1284 2336 illic
1300 2283 1330 2335 et
1350 2280 1457 2431 prffi
1474 2295 1590 2334 causam
1611 2278 1681 2333 fidei

103 2374 158 2438 ,ut
173 2371 271 2426 excisis
283 2372 449 2441 tiaeresibus,
466 2372 614 2428 catholicae
636 2375 732 2427 essent
747 2371 815 2428 odei
866 2377 1067 2450 opiscoporum
1079 2376 1202 2448 negotiis
1220 2375 1338 2448 privatis
1350 2372 1379 2428 in
1458 2372 1489 2428 it.
1507 2372 1537 2428 Si
1551 2370 1681 2463 igiturpr

102 2480 178 2521 ores.
197 2465 342 2538 Quidquid
354 2466 431 2520 enim
446 2470 552 2569 praper
566 2466 703 2538 speciales
715 2483 815 2521 causas
865 2450 977 2527 actione
991 2474 1069 2527 sexta
1082 2469 1222 2543 professio
1230 2468 1297 2525 fidei
1314 2470 1544 2533 consummatur,
1556 2448 1681 2536 meique

102 2557 183 2614 ilium
194 2559 379 2614 conciliorum
395 2561 432 2615 ad
445 2574 567 2616 examen
583 2560 745 2632 episcopale
764 2560 813 2615 de·
865 2583 1009 2621 canonum
1020 2567 1120 2638 regula
1129 2565 1241 2637 figitur;
1257 2562 1280 2617 si
1293 2564 1394 2618 beatus
1403 2562 1459 2616 Leo
1471 2559 1604 2632 negotiis,
1617 2574 1681 2629 quae

114 2656 209 2727 polest
219 2655 345 2726 aliquam
357 2654 534 2725 dijudicandi
544 2653 813 2710 habercralionem·
865 2659 922 2715 illic
935 2654 1044 2730 private
1055 2656 1134 2713 mota
1150 2659 1224 2725 siunt,
1240 2654 1428 2712 contradicit:
1445 2654 1468 2707 si
1483 2654 1537 2713 hoc
1549 2651 1625 2723 quod
1640 2651 1681 2704 ul·

102 2748 177 2803 >lent
189 2748 319 2803 nonnulli
332 2747 437 2816 dicere,
452 2749 513 2807 haue
536 2766 601 2803 eum
625 2766 675 2820 pro
688 2748 816 2803 Anatolii
866 2758 910 2810 tra
925 2754 1013 2809 fidem
1039 2754 1152 2828 gestum
1167 2755 1219 2822 est,
1243 2768 1296 2806 nec
1315 2751 1338 2805 is
1358 2745 1407 2821 qut
1435 2744 1502 2804 tecit
1520 2742 1682 2800 Thalassius

102 2841 327 2913 ‚utinopolilanae
341 2843 418 2896 urbis
443 2843 567 2916 episcopi
593 2844 815 2915 praesumptione
865 2849 958 2905 tenuit
972 2867 978 2918 ;
990 2866 1040 2905 cur
1052 2866 1105 2904 nos
1117 2848 1281 2905 haereticam
1293 2845 1445 2920 epistolam
1459 2842 1629 2897 retractasse
1639 2852 1682 2892 re-

111 2952 119 2990 :
137 2935 222 3008 quisi
239 2940 267 2990 et
279 2953 324 2991 res
342 2941 446 3008 gestas,
461 2942 489 2992 et
500 2954 534 2992 ea
551 2955 614 3009 quae
629 2955 704 2992 nunc
715 2941 814 3009 protu·
865 2943 1084 3015 prehendimor‚
1099 2941 1148 3014 qui
1168 2943 1221 2997 hac
1236 2941 1265 2996 in
1279 2959 1310 2996 ro
1324 2945 1491 2996 cunctorum
1505 2954 1559 2996 nos
1573 2947 1680 3009 prasea-

102 3028 228 3102 epistolee
238 3031 323 3085 verba
334 3031 526 3100 considerant,
539 3032 675 3103 suspicari
686 3032 815 3104 protinus
865 3037 997 3113 (britium
1013 3037 1182 3092 auctoritate
1196 3034 1386 3091 roboramur?
1401 3033 1435 3089 Et
1449 3033 1579 3105 quamvis
1588 3029 1624 3087 ab
1639 3042 1683 3082 ea·

102 3125 335 3196 assantttamque
345 3126 816 3198 cunrpracdictusConstantinopo·
863 3108 932 3186 ¹dem
947 3131 1066 3204 epistota
1083 3131 1208 3186 alienum
1223 3148 1253 3185 se
1264 3131 1327 3185 thas
1341 3129 1535 3201 respondeat3
1551 3122 1681 3198 quamvis

110 3216 189 3271 urhis
205 3218 355 3289 episcopus
368 3236 473 3273 novrum
487 3219 594 3290 aliquid
608 3222 761 3274 donaretur
773 3173 852 3274 alc-C
865 3225 932 3297 qnia
945 3226 1103 3297 approbata
1127 3225 1173 3294 sit,
1190 3228 1238 3279 aut
1263 3223 1427 3291 difficulter,
1444 3227 1493 3277 aut
1518 3221 1681 3276 nullatenus

116 3315 232 3367 constat
245 3312 302 3367 illic
317 3313 465 3384 allegatos
480 3314 555 3368 sedis
570 3315 733 3386 apostolica
749 3331 814 3369 cum
865 3320 1087 3386 demonstretur,
1102 3318 1222 3372 licenter
1235 3320 1332 3371 tamen
1348 3316 1541 3387 unusquisqne
1556 3330 1621 3368 eam
1633 3328 1679 3366 re·

102 3407 437 3462 tauctoritatislibertate
445 3407 580 3462 restitisse
589 3407 814 3479 (rtctunpoued
863 3413 1066 3486 prehenderet,
1084 3411 1198 3466 etiamsi
1207 3410 1332 3482 episcopi
1343 3410 1372 3463 in
1389 3408 1493 3463 eodem
1505 3407 1625 3463 concilio
1639 3421 1681 3460 re-

102 3517 153 3557 um
166 3501 195 3556 in
210 3501 320 3573 synodo
341 3502 456 3572 legitur,
474 3506 502 3555 et
517 3503 647 3575 ejusdcm
662 3501 764 3574 synodi
778 3502 814 3556 ad
864 3505 990 3560 sidentes
1005 3505 1061 3559 suis
1075 3504 1154 3559 illam
1179 3501 1435 3573 subscriptionibus
1451 3499 1679 3572 approbassent;

102 3594 815 3668 umprredecessoremnostrumepistolisapproba—
865 3599 932 3670 quia
947 3601 1112 3670 postquam,
1130 3598 1215 3652 beato
1239 3597 1333 3650 Leone
1355 3595 1507 3660 scribente,
1525 3593 1573 3665 jus
1588 3596 1679 3646 retra·

102 3706 177 3762 saepe
193 3691 251 3745 fato
268 3693 365 3744 auteur
377 3689 480 3744 eodem
491 3690 702 3763 praedecessore
716 3693 813 3744 nestro
864 3693 958 3747 ctandi
972 3697 1001 3748 et
1013 3690 1189 3764 dijudicandi
1207 3689 1384 3755 conceditur,
1409 3688 1495 3742 etiarn
1508 3687 1531 3741 si
1547 3704 1603 3758 qua
1619 3702 1679 3740 esse

102 3784 209 3852 imum,
225 3783 296 3838 sient
313 3783 506 3854 praediximus,
519 3784 649 3838 novimus
663 3783 811 3856 seriptum:
864 3789 1088 3858 poterateorum
1103 3785 1152 3858 qui
1167 3764 1361 3839 interfuerant
1373 3781 1403 3836 in
1422 3781 1539 3852 privatis
1555 3778 1679 3853 negotiis

102 3877 185 3934 lsane
197 3877 232 3932 ab
241 3877 284 3931 his
297 3878 441 3945 fratribus,
455 3895 527 3949 quos
540 3878 576 3933 ad
588 3881 718 3933 sanctam
732 3894 814 3949 syuo-
864 3879 1027 3947 auctoritas,
1041 3881 1186 3934 vacuatur.

102 3971 220 4027 icemea
230 3971 305 4039 misi,
319 3975 425 4042 prater
438 3971 466 4026 id
480 3971 558 4042 quod
569 3972 606 4026 ad
619 3988 736 4026 causam
747 3971 814 4026 fidei
898 3976 949 4029 XX.
965 3973 1095 4029 Discussa
1106 3973 1203 4045 itaque
1216 3971 1342 4027 seeundo
1356 3971 1491 4042 capitulo,
1508 3967 1624 4023 tertium
1637 3983 1681 4021 su·

102 4065 172 4132 ebat,
184 4069 296 4135 gestum
306 4082 366 4119 esse
378 4065 814 4138 perhibetur‚nulliuseritpeni·
864 4071 969 4140 perest,
987 4066 1063 4140 quod
1078 4070 1159 4121 tanto
1179 4066 1317 4121 debemus
1330 4065 1360 4119 in
1382 4064 1520 4119 brevitate
1536 4060 1679 4116 constrin-

102 4159 211 4227 uitatis,
222 4159 288 4230 quia
299 4159 397 4214 adhoc
410 4163 520 4214 tantum
535 4160 646 4215 suntab
658 4161 814 4232 apostolica
864 4179 943 4233 gere,
959 4164 1067 4234 quanto
1080 4164 1109 4217 ct
1120 4178 1170 4217 vos
1184 4161 1265 4216 nobis
1278 4159 1340 4214 haec
1358 4158 1388 4212 in
1404 4174 1435 4212 re
1457 4173 1515 4210 non
1537 4152 1681 4208 credimus

102 4253 193 4319 irecti,
215 4256 246 4306 ut
258 4252 356 4306 excisis
366 4253 533 4320 haeresibus
554 4255 701 4309 catholicae
718 4257 814 4310 essent
864 4257 1012 4311 resultare.
1029 4256 1127 4326 Neque
1153 4255 1231 4310 enim
1249 4250 1421 4329 Theodoreti
1449 4247 1548 4304 omnia
1574 4245 1680 4316 scripta

102 4346 263 4414 {senserest
278 4346 306 4401 Si
319 4363 388 4417 ergo
404 4346 440 4400 de
449 4348 573 4403 Anatolii
585 4365 668 4402 causa
681 4348 812 4419 loquens,
864 4348 1045 4416 damnamus,
1066 4348 1116 4403 sed
1137 4348 1197 4402 sola
1213 4363 1277 4417 quse
1292 4346 1393 4399 contra
1415 4340 1568 4396 duodecim
1584 4336 1680 4408 Cyrilli

102 4439 140 4496 od
150 4457 167 4494 a
179 4440 291 4494 vicariis
303 4440 360 4494 suis
371 4443 466 4494 actum
477 4441 505 4493 in
515 4440 624 4512 synodo
635 4441 760 4508 fuerant,
772 4458 814 4496 re·
864 4442 999 4514 capitula,
1014 4442 1075 4496 sola
1091 4457 1155 4512 quae
1170 4444 1271 4496 contra
1288 4441 1398 4492 rectam
1421 4434 1509 4489 fidem
1523 4430 1680 4502 aliquando

102 4537 126 4600 t;
139 4533 276 4588 nimirum
291 4533 355 4604 quia
364 4534 812 4605 contradixerant,reprehendit,
824 4546 853 4618 D
865 4534 1009 4605 scripsisse
1021 4536 1198 4589 monstratur
1209 4551 1216 4601 ς
1231 4549 1294 4604 quac
1308 4538 1406 4585 tamen
1418 4528 1516 4599 etipse
1528 4526 1681 4581 damnasse

102 4627 181 4682 shoec
201 4628 245 4681 vet
260 4627 362 4681 stultus
373 4628 501 4683 sentiat?
517 4629 589 4682 Dum
611 4631 724 4682 corrstat
736 4628 814 4699 quod
865 4627 1057 4700 cognoscitur,
1080 4627 1147 4699 quia
1160 4627 1189 4681 in
1207 4629 1306 4681 sancta
1321 4621 1549 4680 chalcedonensi
1569 4617 1680 4692 synodo
1713 4688 1716 4706 Ι

114 4737 147 4774 re
169 4721 271 4775 beatus
285 4722 340 4775 Leo
353 4722 486 4776 Anatolio
507 4721 706 4793 conquerenti,
723 4723 815 4777 multa
865 4739 932 4778 vera
944 4721 1091 4778 consessus
1106 4721 1259 4776 invenitur.
1276 4720 1348 4775 Nam
1365 4715 1512 4790 quomodo
1526 4716 1680 4787 posterro-

102 4814 211 4870 riorum
227 4832 356 4883 suerum,
375 4816 442 4886 quia
465 4815 707 4883 contradixerant,
729 4816 814 4871 laude
866 4834 928 4872 rem
941 4820 1019 4871 recte
1034 4815 1136 4887 sapiat,
1156 4818 1185 4870 et
1204 4832 1239 4870 ea
1254 4831 1317 4886 quae
1330 4812 1409 4886 prius
1429 4810 1590 4881 scripserat,
1607 4809 1636 4861 et
1647 4822 1682 4861 ea

104 4910 136 4963 at
156 4911 250 4979 (Epist.
268 4907 311 4979 53)
327 4926 333 4962 :
350 4909 430 4979 cujus
452 4909 581 4981 epistotae
608 4926 685 4963 nnnc
707 4910 814 4965 idcirce
866 4928 930 4983 quae
947 4909 1207 4968 inChalcedonensi
1217 4906 1437 4981 synodoabillo
1448 4905 1514 4958 sunt
1524 4904 1684 4973 gestame-

102 5003 312 5073 imponimus,
328 5020 364 5056 ne
377 5004 512 5057 volumen
527 5003 581 5057 hoc
595 5004 815 5060 immoderatius
866 5005 1015 5060 nitestant.
1032 5005 1092 5076 lpse
1106 5021 1231 5077 namque
1247 5001 1378 5058 Nestorio
1399 4998 1537 5064 scribens,
1558 4994 1599 5049 ait
1613 4993 1681 5062 (Gol-

102 5097 272 5151 amus.Cum
286 5113 351 5151 vero
363 5100 390 5150 et
402 5097 550 5167 sulsjicitur
561 5114 567 5150 :
578 5097 723 5167 Quidquid
735 5098 814 5153 enim
866 5099 916 5153 lot.
931 5099 972 5170 3);
989 5120 1003 5149 «
1017 5101 1049 5154 In
1067 5098 1112 5153 his
1126 5115 1190 5172 quae
1203 5098 1232 5153 in
1243 5100 1322 5152 tuam
1337 5091 1561 5149 venerationem
1576 5087 1682 5160 injuste

114 5190 252 5260 speciales
267 5206 368 5244 causas
382 5190 561 5260 synodalium
574 5191 761 5246 conciliorum
777 5191 814 5246 ad
867 5195 953 5264 atque
966 5191 1064 5265 inique
1084 5194 1198 5267 prolata
1213 5197 1289 5262 sunt,
1304 5207 1358 5245 nee
1372 5189 1395 5243 si
1409 5185 1480 5242 mihi
1495 5184 1557 5257 quis
1570 5184 1680 5237 utram·

102 5283 293 5355 aepiscopale
308 5283 446 5350 defertur,
462 5287 555 5354 potest
565 5285 692 5355 aliquam
710 5284 813 5354 dijudi·
865 5301 922 5356 que
938 5303 1057 5342 manum
1065 5287 1228 5356 absciderit,
1237 5283 1681 5358 poteropraebereoonsensum.»

102 5376 209 5432 habere
233 5377 387 5445 rationem,
403 5379 511 5450 (aperte
534 5378 616 5433 nobis
630 5378 745 5432 lieentia
761 5378 812 5433 tri·
865 5385 999 5441 hemerio
1012 5386 1070 5456 [At.
1085 5386 1224 5457 llimerio]
1238 5401 1351 5459 quoqne
1364 5378 1540 5437 Nicomedia
1550 5376 1683 5448 episcopo

116 5473 149 5525 ut
159 5470 298 5543 quidquid
313 5471 370 5526 illic
385 5472 463 5526 entra
476 5471 542 5526 odei
556 5489 654 5526 causas
667 5471 702 5525 de
712 5488 810 5542 perso·
865 5477 1003 5546 scribens,
1015 5479 1054 5533 ait
1067 5478 1164 5550 (Epist.
1179 5485 1209 5536 71
1225 5479 1331 5552 synod.)
1346 5495 1352 5534 :
1365 5499 1379 5526 «
1395 5472 1586 5531 Damnatione
1599 5480 1682 5521 vene-

102 5566 171 5619 tum
187 5568 239 5633 est,
254 5566 432 5620 retractetur.
448 5565 585 5636 Speeialis
601 5565 707 5637 quippe
724 5581 810 5636 syno-
864 5570 948 5624 randi
963 5573 992 5625 et
1006 5573 1178 5629 sanctissimi
1192 5574 1319 5647 episcopi
1330 5569 1452 5629 Nestorii
1462 5564 1608 5639 quaefacta
1618 5554 1684 5611 dici-

118 5659 307 5715 conciliorum
323 5676 407 5714 causa
421 5663 464 5714 est
478 5660 559 5714 fides.
576 5658 722 5731 Quidquid
741 5676 811 5731 ergo
864 5666 920 5730 tur,
933 5664 1141 5723 nondebemus
1151 5670 1284 5741 praebere
1294 5655 1558 5729 consensurumque
1568 5653 1686 5707 Alexan-

122 5751 213 5808 tldem
231 5752 336 5824 agitur,
364 5755 459 5809 Leone
484 5754 616 5818 docente,
640 5752 810 5822 ostenditur,
864 5755 947 5812 drurn
963 5774 1078 5832 quoque
1094 5761 1348 5838 hierapolitanum
1362 5757 1526 5830 episcopum
1547 5743 1684 5808 scribens,

102 5845 268 5915 buchstat,
291 5845 314 5901 si
338 5846 376 5902 ad
396 5846 538 5919 judicium
563 5849 722 5903 revocetur.
739 5846 811 5914 Quia
863 5848 916 5908 sit:
934 5852 995 5910 sat
1008 5857 1076 5912 ante
1088 5858 1145 5914 tuae
1160 5854 1317 5924 Sanotitati
1330 5847 1460 5926 praedixi,
1479 5838 1561 5917 quasi
1574 5835 1686 5896 domiui
