3884 6150
591 257 730 311 deditis
750 256 782 309 ΙΝ
804 256 936 310 lltlubl
959 255 1136 319 ECCLESlAE,
1629 314 1632 319 ,
1657 256 1709 312 aab

109 405 116 419 .
130 364 230 420 Certus
240 380 304 418 sum
318 364 395 435 quod
408 364 501 420 llectal
513 379 566 436 pro
581 363 660 418 nobis
673 378 756 418 aures
771 362 844 417 divi·
856 378 1011 455 peccone,
1024 366 1052 417 et
1065 361 1225 417 exhortanti
1242 360 1369 416 Leandro
1382 359 1562 432 praestabitur
1575 360 1668 428 venia;
1683 367 1711 418 et

105 461 150 514 tna
169 456 316 530 virginalis
338 457 439 522 oratio.
461 458 496 512 Et
515 455 539 511 si
561 459 675 528 pactum
691 455 846 529 quodcum
896 454 920 511 si
935 453 1158 530 perseveraveris
1176 453 1310 528 usquein
1327 451 1424 525 lineam
1436 452 1512 509 salva
1524 453 1588 510 eris.
1608 455 1709 510 limen.

105 554 140 606 vto
151 550 284 624 pepigisti
298 550 462 617 servaveris,
477 549 549 606 hene
560 549 656 622 agenti
668 549 720 606 tibi
730 549 849 606 debetur

105 668 1703 705 —

255 806 472 873 BEATORUM
493 806 676 885 Lnanul,
701 808 846 876 lSlDORl
869 807 920 873 ET
940 804 1202 873 FLORENTINAE
1223 804 1481 872 EPITAPHIUM.

112 1012 175 1071 haec
190 1014 265 1069 alma
280 1016 353 1086 gerit
366 1017 531 1071 sanctorum
543 1031 661 1087 corpora
678 1017 809 1086 fratrum,
895 1018 1030 1087 Dogmata
1044 1017 1205 1070 sanctorum
1220 1028 1338 1068 cernens
1351 1014 1469 1068 crevisse
1486 1013 1583 1070 fideles

105 1107 147 1164 dri
162 1108 314 1180 isidorique
329 1109 444 1180 piorum
459 1125 494 1165 en
509 1108 607 1165 ordine
622 1114 727 1164 valum.
895 1110 1010 1164 AEtemo
1022 1107 1153 1174 Domino,
1168 1122 1238 1179 quos
1249 1105 1337 1177 impia
1347 1105 1414 1177 jura
1428 1107 1569 1163 tenebant.

105 1201 292 1256 aElorentina
305 1218 386 1257 soror
403 1202 503 1258 devota
518 1202 660 1275 perennis.
895 1203 985 1274 thue
999 1199 1072 1258 viros
1089 1200 1186 1255 credas
1200 1199 1335 1255 sublimas
1348 1199 1443 1255 vivere
1457 1217 1569 1272 semper

105 1293 164 1349 »sita
179 1293 327 1349 amborum
343 1311 459 1350 consors
472 1295 511 1349 sic
525 1295 611 1368 digna
625 1295 754 1368 quiescit.
895 1292 1041 1366 aspiciens
1054 1309 1167 1349 sursum
1181 1293 1270 1365 pictos
1284 1292 1421 1348 contende
1435 1293 1538 1349 videre.

105 1399 148 1440 rus
160 1387 254 1442 medio
268 1387 406 1458 disjungit
419 1387 548 1442 membra
562 1388 716 1459 duorum„
897 1389 969 1447 Obiit
981 1388 1069 1459 [elicis
1082 1389 1215 1443 memoriae
1232 1386 1353 1442 leander
1374 1389 1509 1457 episcopus
1531 1386 1575 1443 die
1599 1389 1640 1443 lli
1659 1388 1712 1440 lic-

105 1479 176 1534 rales
188 1479 295 1534 luerint
308 1480 388 1535 libris
403 1480 548 1552 inquirito,
559 1480 658 1548 lector,
1093 1480 1163 1535 leod.
1175 1480 1301 1542 Murtias,
1315 1494 1370 1534 acra
1386 1479 1496 1537 ncill.

105 1588 215 1645 ignosce
228 1573 290 1629 illos
303 1574 375 1629 hene
388 1578 489 1629 cuncta
502 1575 587 1629 fuisse
600 1575 717 1642 locutos,

294 1866 484 1942 anGTl
510 1867 1145 1964 Lnnnnn1,n1svn1.1llvsls
1171 1867 1434 1960 EPISCOPI,

120 2027 506 2158 neurim
556 2031 647 2158 ru
707 1992 1074 2159 neuneu
1126 2028 1611 2186 succussa,

113 2288 118 2296 ,
202 2217 250 2280 Ob
264 2219 504 2280 conversionem
519 2220 635 2300 ocutis,
647 2225 724 2301 post
737 2218 912 2282 concilium
933 2224 966 2280 ct
977 2219 1255 2297 confirmationem
1269 2236 1432 2282 cononum
1448 2217 1546 2282 edito.

683 2327 781 2398 (ldansi
792 2327 897 2384 concil.
912 2327 1036 2400 Cedent.)

936 2452 1160 2465 m

105 2519 249 2577 divitatem
270 2523 342 2578 hanc
361 2525 489 2579 omnium
511 2541 571 2580 esse
591 2525 792 2580 solemniorem
805 2525 882 2610 less
894 2525 943 2580 Dei
965 2525 1106 2598 paradiso,
1126 2525 1179 2581 hoc
1201 2531 1252 2593 est,
1268 2529 1347 2582 extra
1368 2525 1536 2582 catholicam
1559 2522 1710 2580 Ecclesiam

105 2617 193 2684 amm,
222 2616 329 2671 novitas
352 2618 413 2689 ipsa
440 2618 589 2689 significat.
612 2618 751 2683 Quoniam
773 2617 845 2673 sieut
894 2619 1077 2689 nutriuntur3
1092 2623 1122 2674 et
1139 2620 1194 2691 hoc
1209 2636 1267 2675 non
1286 2620 1395 2676 lectura
1417 2618 1598 2692 [conjectura]
1613 2634 1712 2673 sensus

118 2712 161 2765 est
180 2709 324 2766 conversio
337 2715 481 2767 tantarum
504 2711 630 2782 plebium
643 2728 736 2782 causa,
751 2715 843 2767 etno·
894 2712 993 2784 nostri,
1008 2713 1057 2769 sed
1078 2713 1232 2785 Scriptura
1251 2713 1353 2769 divine
1377 2713 1542 2769 auctoritate
1563 2711 1710 2784 probatur,

105 2817 126 2858 a
147 2807 213 2858 sunt
236 2802 317 2857 solito
340 2805 470 2859 Ecclesiae
495 2804 598 2876 gaudia
618 2821 625 2859 :
647 2821 715 2860 nam
739 2806 844 2861 maritas
893 2806 1003 2863 dicente
1027 2806 1175 2863 Salomone
1200 2826 1208 2864 t
1234 2809 1310 2866 Sicut
1343 2808 1431 2862 lilium
1456 2808 1526 2862 tuter
1549 2808 1654 2877 spinos,
1673 2806 1712 2860 sic

105 2895 216 2951 mitates
228 2913 279 2968 per
298 2897 365 2952 anni
384 2897 544 2953 discursum
567 2897 691 2954 celebrat
710 2898 842 2968 Ecclesia,
893 2901 979 2956 amico
998 2916 1058 2957 mco
1080 2901 1239 2971 intersticiis
1261 2900 1350 2971 (daut.
1369 2902 1416 2972 ru).
1432 2901 1556 2972 Ergone
1569 2913 1709 2970 magnum

105 2987 173 3044 dhus
188 2989 299 3046 tametsi
311 2989 399 3046 hahet
420 2992 521 3063 gaudia
534 2995 677 3062 consueta,
693 3008 764 3047 nova
779 3009 844 3047 vero
894 2989 971 3044 vohis
982 2989 1126 3045 videretur
1139 2990 1216 3062 quod
1229 2990 1352 3046 haereses
1365 2988 1469 3045 direxit
1480 2988 1561 3055 lilias,
1578 2987 1711 3044 continuo

109 3079 141 3137 in
152 3081 205 3138 hac
215 3098 273 3137 uon
287 3083 381 3139 hahet.
395 3084 484 3139 Aliter
496 3084 573 3140 enim
592 3085 696 3156 gaudet
712 3085 843 3141 derebus
893 3087 1078 3138 eosnumerat
1088 3083 1236 3154 [nominat]
1246 3099 1307 3138 esse
1317 3082 1427 3155 spinas;
1440 3081 1710 3154 haresesinquam,

105 3190 139 3231 er
150 3176 291 3248 possessis,
304 3177 386 3232 aliter
398 3177 432 3232 dc
447 3177 534 3233 lucris
554 3179 666 3250 magnis
686 3179 731 3234 his
751 3196 844 3253 nuper
893 3181 942 3232 aut
954 3176 984 3232 in
993 3176 1116 3249 aliquem
1130 3177 1268 3249 angulum
1277 3177 1389 3247 mundi,
1399 3176 1487 3232 autin
1497 3192 1584 3231 unam
1595 3179 1710 3248 gentem

105 3269 155 3325 vtis.
168 3271 289 3342 Proque
301 3286 331 3325 re
346 3274 374 3325 et
387 3287 439 3327 nos
452 3271 607 3342 majoribus
626 3272 736 3344 gaudiis
749 3273 841 3329 eleva·
893 3269 1076 3326 inveniuntur
1095 3271 1210 3326 versari.
1235 3270 1359 3327 Ecclesia
1381 3286 1447 3325 vero
1471 3269 1617 3338 catholica,
1640 3268 1712 3324 sicut

113 3362 181 3434 quia
193 3367 309 3436 repente
320 3380 408 3419 novos
421 3365 572 3420 Ecclesiam
586 3365 740 3436 parturisse
753 3383 843 3439 popu·
892 3380 944 3436 per
955 3365 1047 3419 totum
1059 3364 1200 3420 mundum
1211 3363 1339 3420 tenditur
1348 3363 1397 3430 ita,
1404 3367 1432 3418 et
1441 3363 1571 3417 omnium
1581 3361 1709 3434 gentium

105 3459 241 3526 ltuemur3
259 3461 288 3512 et
300 3473 422 3529 quocum
440 3459 619 3529 asperitatem
639 3458 784 3530 quondam
798 3475 843 3531 ge·
892 3457 1025 3512 societate
1039 3456 1228 3513 constituitur.
1244 3458 1328 3512 Recte
1341 3471 1409 3528 ergo
1423 3456 1545 3512 haereses
1564 3455 1594 3510 in
1615 3470 1710 3510 caver·

105 3565 182 3619 mus,
197 3550 231 3606 de
255 3567 356 3606 eorum
377 3568 452 3606 nunc
481 3551 639 3624 gaudemus
666 3552 841 3608 credulitate.
892 3550 952 3617 nis,
972 3549 1075 3623 quihus
1097 3550 1205 3618 latent,
1224 3552 1400 3622 congregant
1422 3566 1456 3606 ex
1477 3552 1557 3622 parte
1577 3548 1708 3603 divitias:

118 3644 235 3700 materia
250 3644 345 3716 gaudii
367 3645 455 3700 nostri
482 3644 669 3701 tribulationis
692 3646 842 3716 pretence
891 3642 1014 3699 Ecclesia
1032 3647 1128 3700 autem
1150 3643 1290 3698 catholica
1304 3643 1334 3697 in
1347 3643 1462 3714 speculo
1476 3642 1609 3714 [specula]
1622 3641 1709 3697 totius

105 3735 131 3791 io
155 3736 218 3792 fviii.
241 3737 432 3793 Gemehamus
459 3738 529 3793 dum
554 3754 747 3810 gravaremur,
774 3738 843 3795 dum
891 3736 991 3793 mundi
1019 3736 1159 3809 locupleta
1188 3736 1402 3809 supergreditur
1432 3735 1568 3791 universi.
1596 3735 1710 3792 Exsulta

105 3829 259 3898 heremum
284 3831 333 3887 sed
352 3831 474 3904 gemitus
488 3831 529 3887 illi
552 3831 581 3886 id
603 3836 734 3904 egerunt,
750 3835 782 3887 ut
797 3833 838 3902 hi,
892 3845 970 3902 ergo,
990 3833 1019 3886 et
1042 3830 1149 3897 latare,
1170 3830 1292 3886 Ecclesia
1312 3829 1372 3900 Dei,
1398 3829 1498 3902 gaude,
1522 3834 1550 3884 et
1570 3844 1710 3901 consurge

105 3937 147 3978 ser
170 3923 365 3980 infidelitatem
389 3925 472 3980 nohis
496 3930 579 3982 erant
600 3925 717 3996 sarcina,
738 3900 980 3982 fierentCunum
995 3939 1096 3997 corpus
1109 3924 1222 3993 Christi,
1237 3924 1355 3981 induere
1372 3921 1548 3994 fortitudine,
1570 3927 1599 3978 et
1618 3923 1711 3996 jubila

105 4031 177 4090 aper
188 4033 269 4072 suam
278 4018 490 4073 conversionem
505 4035 617 4074 corona.
628 4020 683 4073 Hoc
693 4019 770 4075 enim
779 4037 839 4093 gra·
888 4017 1088 4087 exsultatione3
1105 4018 1240 4090 quoniam
1250 4017 1292 4074 tui
1301 4034 1435 4074 moerores
1445 4017 1476 4072 in
1490 4017 1627 4090 gaudium
1641 4022 1709 4072 sunt

105 4124 137 4166 ve
161 4111 269 4182 profert
289 4113 319 4166 in
338 4112 457 4167 Psalmis
470 4112 593 4168 Ecclesia
605 4112 702 4169 dicens
716 4129 722 4168 :
737 4115 771 4169 lo
787 4117 837 4169 tri·
887 4111 998 4181 mutati,
1014 4111 1136 4168 tristitie
1148 4104 1279 4169 habitum
1292 4112 1322 4168 in
1335 4112 1472 4168 amictum
1480 4111 1586 4167 laedtioe
1594 4125 1708 4165 versum

105 4205 158 4260 huc
171 4205 297 4260 dilatasti
309 4221 351 4260 me
365 4206 449 4278 (Psoi.
466 4205 501 4272 ivl
512 4223 519 4275 ;
532 4208 560 4261 et
574 4206 640 4262 Sara
655 4207 724 4262 dum
736 4224 837 4279 saepca
887 4209 939 4260 est.
954 4206 1022 4262 Ecce
1035 4209 1151 4279 repente
1160 4206 1247 4262 oblita
1255 4205 1407 4262 sterilitatis
1417 4210 1445 4261 et
1455 4203 1628 4276 paupertatis
1637 4207 1706 4271 tuae,

105 4313 136 4353 ns
144 4297 361 4370 concupiscitur,
370 4315 422 4354 nec
436 4299 576 4355 maculam
590 4299 732 4371 pudicitiae
742 4301 836 4371 sentit,
886 4314 944 4354 uno
957 4303 1040 4370 partu
1052 4301 1173 4376 populos
1189 4299 1355 4354 innumeros
1371 4297 1494 4369 genuisti
1515 4296 1627 4353 Christo
1646 4299 1707 4350 tuo.

105 4391 203 4447 raham
217 4408 302 4446 carisa
320 4392 540 4465 pulchritudinis
558 4409 616 4447 sum
635 4392 751 4448 divitem
771 4393 838 4449 iacit
887 4392 956 4446 Nam
970 4391 1124 4463 dispendiis
1137 4392 1195 4447 tuis'
1208 4391 1330 4464 prolicis,
1345 4396 1452 4463 tuoque
1472 4389 1575 4445 damno
1598 4388 1710 4444 subcre-

105 4500 123 4541 ς.
139 4486 182 4556 nn)
190 4503 198 4555 ;
213 4486 249 4540 ab
263 4485 330 4557 ipsis
344 4485 421 4541 enim
434 4486 548 4558 regibus
562 4485 705 4541 Abraham
720 4486 836 4556 ditetur,
887 4484 939 4539 scis
955 4502 961 4539 :
977 4488 1072 4540 mutus
1086 4485 1208 4558 denique
1220 4489 1264 4539 est
1276 4500 1395 4555 sponsus
1408 4487 1484 4552 tuus,
1494 4482 1575 4554 cujus
1588 4481 1708 4554 imperio

105 4577 155 4633 hus
167 4577 232 4634 Sara
244 4578 462 4650 concupiscitur.
476 4578 621 4651 Condigne
633 4595 702 4651 ergo
716 4578 837 4634 Ecclesia
887 4577 1002 4649 regeris,
1017 4582 1051 4632 ut
1064 4578 1132 4633 dum
1145 4583 1173 4633 te
1188 4578 1314 4651 patiatur
1333 4575 1491 4649 depraedari
1503 4576 1539 4632 ad
1553 4575 1706 4644 modicum,

105 4670 157 4726 lica
169 4675 277 4742 gentes,
293 4688 363 4744 quas
377 4671 463 4727 simul
477 4671 595 4727 senserit
618 4670 683 4727 fidei
706 4688 765 4726 sues
786 4671 835 4727 de·
886 4687 1000 4727 rursum
1021 4671 1147 4742 praedam
1160 4675 1238 4727 tuam
1256 4671 1292 4727 ad
1304 4675 1332 4726 te
1345 4670 1471 4738 reducat,
1487 4674 1516 4725 et
1531 4670 1627 4724 hastas
1642 4671 1707 4723 tuos

108 4763 202 4820 adsui
218 4781 266 4820 eas
280 4765 386 4836 sponsi,
402 4766 456 4820 hoc
468 4767 519 4833 est,
535 4764 639 4820 Christi
651 4764 730 4820 lucra
743 4768 836 4820 trans·
886 4764 939 4820 tihi
951 4764 1109 4836 conquirat.
1124 4764 1168 4819 Sic
1181 4768 1279 4821 autem
1292 4765 1424 4838 agricola,
1440 4764 1478 4820 sic
1493 4763 1624 4836 piscator,
1639 4761 1708 4816 dum

117 4859 148 4912 et
160 4873 211 4930 per
223 4873 257 4913 ea
273 4874 361 4930 regna
379 4875 463 4913 suum
484 4859 576 4912 vinam
597 4858 712 4914 divitem
732 4859 835 4928 reddit,
885 4858 964 4913 lucra
986 4858 1107 4914 attendit
1125 4858 1232 4928 lutura,
1247 4875 1312 4931 qua
1325 4858 1457 4927 seminat,
1470 4860 1500 4912 et
1517 4872 1581 4928 quae
1602 4854 1706 4910 amodo

105 4965 146 5006 iac
156 4966 187 5006 se
202 4949 354 5023 inquietari
372 4951 559 5024 persenserit;
573 4951 613 5005 sic
628 4950 705 5005 enim
720 4951 788 5006 dum
802 4968 836 5008 ex
886 4950 1040 5020 incesserit,
1060 4968 1118 5007 non
1133 4952 1256 5025 imputat
1270 4952 1383 5008 damna.
1403 4952 1443 5006 Tu
1460 4949 1579 5023 proinde
1596 4948 1657 5021 jam
1672 4964 1709 5005 ne

108 5043 268 5114 lacessitur,
283 5044 326 5101 vel
338 5045 523 5100 invidentium
536 5044 667 5100 dentibus
677 5044 833 5100 mordetur.
886 5045 961 5114 lleas,
975 5060 1012 5100 ne
1024 5045 1130 5117 lugeas,
1146 5045 1340 5118 temporaliter
1360 5043 1498 5116 quosdam
1519 5041 1666 5097 recessisse
1691 5059 1708 5097 a

105 5137 250 5211 premitur,
264 5139 407 5209 eruditum
422 5142 450 5194 et
469 5139 538 5194 dum
559 5138 720 5207 insectatur,
736 5136 835 5194 dilata-
886 5142 923 5206 te,
938 5154 1009 5210 quos
1031 5139 1122 5195 cernis
1144 5156 1209 5194 cum
1231 5138 1343 5212 magnis
1364 5136 1450 5192 lucris
1472 5134 1588 5191 rediisse
1611 5135 1646 5191 ad
1669 5140 1708 5192 te.

105 5230 221 5288 uoniam
229 5232 366 5304 patientia
377 5248 426 5287 sua
436 5221 613 5287 aemulatores
623 5247 689 5286 suos
699 5235 747 5286 aut
756 5247 838 5302 supe·
849 5273 879 5346 D
891 5227 1005 5282 Exsulta
1026 5243 1094 5299 ergo
1109 5228 1175 5283 fidei
1188 5225 1369 5294 confidentia,
1385 5229 1413 5280 et
1425 5224 1468 5278 tui
1481 5223 1581 5296 capitis
1598 5225 1709 5295 meum,

105 5329 123 5382 a
137 5326 273 5381 lucratur.
288 5325 360 5381 uicit
378 5326 455 5381 euim
473 5326 509 5380 ad
522 5341 585 5380 eam
598 5324 708 5380 divinus
722 5340 815 5380 sermo
831 5342 838 5379 :
890 5319 945 5375 lide
959 5322 1019 5376 esto
1032 5321 1145 5376 robusta
1152 5338 1161 5389 ;
1176 5320 1245 5375 dum
1258 5335 1323 5392 quae
1338 5316 1438 5375 recolis
1449 5317 1516 5373 olim
1529 5318 1709 5395 repromissa,

105 5436 111 5470 r
126 5419 192 5489 plia
212 5424 441 5489 concrepaverunt
455 5419 577 5480 diuitias,
591 5423 621 5473 tu
634 5423 725 5472 cartem
744 5431 838 5486 super·
889 5429 965 5468 nnnc
978 5414 1070 5471 cernis
1085 5413 1171 5469 luisse
1184 5412 1333 5484 completa.
1347 5411 1395 5467 Ait
1412 5411 1488 5468 enim
1510 5410 1539 5466 in
1560 5409 1710 5483 Evangelio

105 5526 153 5568 ια
173 5514 501 5582 unicuscslProo.xvx1)
518 5511 626 5567 ¹sinon
639 5510 747 5564 mirum
761 5510 840 5580 quod
889 5506 949 5578 ipsa
963 5507 1071 5563 Veritas
1087 5522 1093 5560 ε
1111 5506 1256 5576 Oportebat
1279 5506 1413 5564 Christum
1434 5507 1504 5560 mori
1516 5520 1566 5576 pro
1583 5508 1669 5571 genle.
1685 5506 1711 5555 ct

105 5620 140 5662 es
155 5604 222 5661 filie
237 5605 381 5672 dicuutur,
400 5605 449 5661 sed
463 5604 666 5661 attendendum
683 5601 758 5674 quod
779 5601 839 5658 loco
888 5615 942 5654 nou
958 5605 1063 5655 laabim
1074 5615 1125 5669 pro
1140 5604 1227 5670 geute,
1245 5600 1292 5654 scd
1304 5604 1334 5654 ul
1353 5600 1424 5668 lilios
1438 5600 1493 5659 ilci,
1515 5600 1563 5666 qui
1575 5598 1653 5650 aaut
1664 5594 1708 5648 cli·

105 5714 165 5756 mm
186 5702 353 5771 ponuntur:
369 5699 433 5754 liliee
448 5704 524 5764 suut,
539 5715 571 5753 eo
587 5697 663 5769 quod
678 5696 839 5760 exsemine
887 5695 981 5765 sparsi,
996 5697 1168 5762 congregaret
1182 5695 1210 5747 iu
1223 5709 1307 5748 uuum
1323 5692 1410 5762 (locri.
1427 5692 1472 5760 xi).
1486 5691 1527 5743 Tu
1541 5687 1665 5758 profecto
1678 5686 1707 5740 iu

105 5791 177 5850 iano
193 5805 366 5865 generantur·
376 5811 384 5863 ;
400 5792 488 5865 spinae
504 5797 578 5861 srmt,
594 5808 627 5846 co
648 5789 722 5862 quod
741 5788 809 5845 ioris
823 5808 840 5844 a
888 5784 1005 5842 Psalmis
1026 5787 1194 5861 proclamas,
1209 5785 1369 5841 odientibus
1387 5799 1483 5855 pacem
1497 5780 1592 5836 dicens
1609 5795 1615 5833 :
1633 5781 1708 5848 Muq-
