3884 6150
139 305 190 358 239
535 302 700 357 urrunnu(
718 301 762 357 ab
780 301 891 358 OPERA
909 300 1026 358 salven
1044 300 1193 358 GERMANI
1211 292 1424 356 Pnnlslansrs.
1772 299 1826 354 tle

139 426 207 468 nam
218 411 375 484 potentiam
389 427 468 466 suam
482 410 827 468 mirabilitermonslraret
838 413 951 468 incaelo.
964 411 1077 498 Adidit
1090 411 1172 466 nobis
1185 410 1285 465 salutis
1296 410 1409 481 jugum,
1424 409 1455 462 ut
1470 422 1571 463 omnes
1581 421 1634 462 nos
1650 405 1790 461 exaltaret
1800 405 1830 461 in

138 506 346 579 Quicnimpro
366 506 447 560 nobis
465 520 537 577 puer
555 505 690 576 parvulus
710 506 774 576 luit,
793 507 853 578 ipse
871 506 907 561 ad
923 523 967 565 se,
1003 522 1141 577 regnum,
1167 507 1279 559 Fratres
1316 501 1510 568 dilectissimi,
1543 500 1662 573 supplici
1697 500 1829 555 oratione
1877 496 1883 504 ’

138 615 237 671 magos
249 599 340 654 officio
356 598 443 653 stellas
456 597 607 668 praeeuntis
621 599 748 655 adduxit.
768 594 953 656 Obsecramus
1003 615 1163 671 precemur,
1181 601 1212 652 ut
1240 598 1363 670 expellat
1386 596 1421 651 de
1447 595 1576 651 sensibus
1602 592 1706 650 nostris
1733 610 1831 664 pravae

137 693 243 765 itaque,
258 692 385 759 Domine,
402 691 581 746 clementiam
596 697 685 762 tuam,
696 697 734 761 {ut
747 694 819 748 sicut
835 694 890 749 illis
903 694 952 749 de·
1004 693 1187 765 cogitationis
1203 692 1417 758 obscuritatem,
1434 694 1466 745 ut
1479 690 1564 745 nullis
1580 689 1717 758 deinceps
1730 703 1832 759 pecca-

138 786 203 841 disti
215 784 359 840 Christum
367 789 450 840 tuum
464 801 562 840 verum
575 787 664 841 Deum
680 787 708 842 in
726 804 792 842 veru
810 803 894 842 carne
905 805 952 842 co·
1005 789 1100 839 torum
1116 784 1261 838 fuscemur
1284 782 1413 848 maculis,
1435 780 1538 852 quibus
1559 780 1647 850 jubar
1661 795 1719 833 suae
1734 779 1833 851 splen-

138 894 285 951 gnoscere,
301 878 339 932 sic
350 895 453 933 omncs
465 879 649 946 fidelestuos,
662 884 875 951 quosmalerno
890 881 955 935 sinu
1005 877 1067 933 duit
1097 878 1234 932 caritatis.
1251 878 1304 932 Per
1318 876 1475 931 Dominum
1489 878 1620 930 nostrum
1639 876 1735 930 lesum
1747 873 1829 928 Chri-

137 975 236 1026 sancta
256 975 350 1042 gestat
371 973 505 1039 Ecclesia,
533 973 562 1027 in
583 975 718 1045 praesenti
734 979 866 1046 tempore
891 991 955 1047 pro-

135 1069 217 1136 tegas
230 1064 342 1120 invictae
357 1066 467 1120 virtutis
483 1067 597 1135 auxilie,
611 1071 641 1121 et
656 1068 685 1122 in
698 1069 795 1123 futuro
809 1068 897 1124 lacias
912 1086 954 1122 re-

135 1158 186 1229 gni
196 1160 315 1213 caelestis
328 1160 447 1231 adipisci
459 1177 579 1215 munere
596 1163 782 1233 sempiterno.
797 1163 851 1217 Per
861 1162 954 1233 ipsum

136 1253 292 1308 Dominum
308 1256 437 1308 nostrum
456 1256 553 1309 lesum
572 1256 717 1311 Christum
736 1255 840 1311 Filium
862 1260 953 1323 tuum,

137 1346 186 1418 qui
196 1350 292 1401 tecum
308 1347 408 1402 beatus
424 1348 459 1402 ri.

488 1418 615 1470 Praelatio.

173 1498 408 1569 omnipotentem
432 1500 598 1567 Dominum,
622 1500 726 1555 fratres
750 1501 903 1569 carissimi,
927 1504 956 1556 ct

136 1593 233 1647 lesum
250 1591 395 1646 Christum
416 1593 517 1647 Filium
545 1594 606 1664 ejus
631 1598 659 1647 el.
686 1594 864 1649 Salvatorem
888 1612 953 1649 nos-

136 1689 224 1753 trum,
239 1685 287 1756 qui
302 1686 389 1740 tantis
405 1685 556 1741 virtutibus
571 1704 600 1740 se
613 1687 807 1742 manifestavit
817 1689 847 1742 in
861 1689 953 1755 terris,

1005 974 1080 1027 stum
1093 972 1195 1027 Filium
1207 975 1299 1039 tuum,
1315 970 1363 1042 qui
1379 987 1486 1025 secum.

1277 1095 1404 1146 collectio
1424 1094 1551 1160 sequitur.

1040 1200 1146 1256 Exaudi
1161 1217 1213 1255 nos
1227 1199 1358 1254 salutaris
1372 1203 1479 1267 noster,
1495 1203 1524 1252 et
1538 1199 1613 1254 banc
1624 1215 1753 1253 annuam
1767 1199 1825 1254 sol·

1005 1295 1163 1350 lemnitatis
1182 1298 1288 1349 nostras
1307 1292 1492 1348 devotionem
1518 1292 1674 1363 dignanter
1695 1293 1826 1364 suscipe;

1005 1390 1037 1442 ut
1050 1388 1122 1443 sicut
1139 1388 1227 1458 Magis
1242 1386 1279 1442 ad
1293 1387 1488 1441 ostensionem
1503 1385 1636 1440 salutaris
1650 1387 1702 1441 viae
1716 1386 1831 1441 refulsit

1005 1483 1096 1550 stella,
1114 1480 1209 1554 206
1227 1481 1268 1536 ita
1287 1481 1392 1535 nostris
1409 1480 1556 1535 mentibus
1573 1496 1626 1551 per
1638 1480 1766 1551 gratiam
1784 1481 1826 1535 tui

1005 1575 1134 1631 muneris
1148 1577 1246 1630 lumen
1261 1573 1407 1641 infundas,
1421 1577 1453 1628 ut
1467 1573 1609 1645 possimus
1622 1573 1651 1628 in
1664 1572 1743 1628 viam
1757 1573 1829 1629 veri-

1006 1669 1072 1724 tatis
1089 1670 1269 1736 confitentes,
1289 1671 1317 1722 te
1337 1670 1519 1739 protegente,
1538 1666 1684 1722 incedere.
1698 1668 1757 1722 Per
1772 1667 1827 1721 Do-

136 1783 165 1834 et
186 1780 276 1833 multa
296 1779 441 1834 mirabilia
459 1780 668 1836 demonstravit
687 1782 716 1835 in
737 1783 860 1854 populis,
891 1782 953 1836 uni·
965 1806 994 1878 B
1005 1763 1117 1818 minum
1131 1763 1368 1818 1¹⁰⁵ifflmle⁵u¹¹¹
1382 1762 1527 1818 Christum
1541 1761 1644 1819 Filium
1656 1764 1751 1817 tuum·

134 1871 208 1926 versi
228 1872 347 1927 summis
372 1873 503 1944 precibus
527 1874 731 1945 deprecemur,
756 1878 786 1930 ut
809 1875 856 1947 qui
879 1875 956 1930 intir-

135 1982 200 2020 mos
220 1966 338 2033 curavit,
358 1968 388 2020 et
407 1971 538 2022 mortuos
555 1967 708 2036 suscitavit,
727 1969 856 2040 leprosos
870 1986 953 2023 niun·

136 2059 223 2128 davit,
246 2076 336 2114 caecos
354 2059 545 2128 inluminavit,
568 2062 652 2116 etde
673 2063 800 2133 quinque
820 2062 953 2135 panibus,

135 2157 164 2207 el
175 2154 287 2209 dnobus
296 2154 420 2226 piscibus
431 2155 558 2226 quinque
569 2154 650 2209 milia
661 2156 812 2210 hominum
823 2157 935 2211 satiavit
947 2174 953 2223 3

135 2250 167 2301 ut
188 2247 238 2318 qui
256 2247 317 2302 haec
340 2252 475 2319 operatus
499 2249 591 2302 estin
613 2249 704 2316 terris,
728 2250 811 2305 nobis
840 2266 953 2321 quoque

134 2338 275 2411 propitius
291 2340 390 2395 adesse
407 2340 502 2414 205
518 2341 653 2412 dignetur
665 2342 695 2396 in
711 2343 819 2397 cunctis
833 2342 952 2410 delictis,

135 2432 266 2488 Salvator
279 2434 391 2499 mundi,
407 2435 456 2506 qui
471 2452 535 2489 cum
548 2440 656 2491 aeterno
673 2437 756 2491 Patre
770 2437 838 2490 vivit
851 2440 879 2491 et
891 2452 951 2507 reg.

410 2527 535 2578 Collectio
549 2528 675 2593 sequitur.

170 2607 359 2679 Omnipotens
377 2609 551 2679 sempiterne
568 2610 651 2676 heus,
668 2611 770 2665 mundi
793 2613 906 2665 creator
926 2613 955 2664 et

133 2705 238 2768 rector,
253 2702 301 2772 qui
325 2703 400 2756 hunc
419 2706 632 2774 superventurae
651 2704 853 2759 sollemnitatis
877 2704 953 2758 diem

134 2795 281 2851 electionis
310 2797 440 2867 gentium
469 2797 602 2868 primitiis
639 2799 827 2866 consecrasti,
865 2799 953 2869 imple

133 2889 275 2964 mundum
292 2891 384 2960 gloria
396 2894 455 2957 tua,
470 2894 499 2945 et
515 2891 635 2969 subditis
649 2891 700 2945 tibi
717 2892 830 2963 populis
844 2908 896 2963 per
910 2893 953 2945 lu-

132 2982 221 3037 minis
243 2982 286 3036 tui
309 2983 407 3036 lumen
429 2999 547 3053 appare,
572 2988 601 3038 ut
629 2984 753 3039 salutare
774 2989 856 3039 tuum
879 3002 953 3041 nova

134 3076 269 3130 caelorum
282 3075 409 3129 claritate
423 3076 554 3130 mirabile
569 3077 672 3132 nostris
684 3093 798 3149 semper
811 3079 951 3134 innovan-

134 3168 178 3223 dis
190 3168 325 3224 cordibus
341 3168 459 3223 oriatur.
475 3171 530 3224 Per
543 3171 698 3226 hominum
710 3175 841 3227 nostrum
856 3175 953 3228 lesum
964 3182 991 3255 C

133 3263 278 3319 Christum
293 3263 407 3332 Filium,
422 3263 470 3335 qui
484 3267 579 3318 tecum
596 3263 663 3319 vivit
679 3270 707 3320 et
722 3270 834 3337 regnat.

464 3358 610 3409 'Praelatio

169 3440 261 3494 Deum
277 3439 520 3510 omnipotentem,
535 3440 585 3511 qui
595 3440 678 3495 nobis
689 3441 773 3512 hujus
790 3441 883 3497 noctis
897 3442 953 3495 les·

132 3532 273 3588 tivitatem
288 3533 416 3601 indulsit,
432 3535 536 3588 iratres
548 3534 698 3601 carissimi,
710 3535 909 3606 deprecemur,
924 3540 955 3590 ut

134 3626 184 3682 det
196 3626 279 3680 nobis
303 3626 390 3680 etiam
409 3628 585 3682 munditiam
608 3628 712 3695 cordis,
729 3633 760 3682 ut
776 3629 849 3683 sicut
863 3630 951 3700 magi,

134 3719 217 3773 stella
232 3722 389 3789 praeeunte,
404 3719 559 3774 Dominum
573 3723 669 3775 lesum
682 3721 826 3776 Christum
838 3723 954 3777 invene-

132 3814 211 3878 runt,
228 3815 257 3865 et
270 3815 368 3883 optata
383 3814 529 3867 consecuti
545 3817 612 3868 sunt
626 3814 741 3885 gaudia,
754 3819 839 3886 atque
847 3817 953 3888 apertis

133 3905 277 3959 thesauris
295 3904 363 3972 suis,
378 3905 545 3960 obtulerunt
559 3907 585 3960 ci
609 3924 730 3962 munera
748 3924 861 3975 aurum,
876 3910 952 3975 thus,

134 4001 163 4053 et
181 3999 343 4070 myrrham,
357 3997 398 4052 ita
412 4002 440 4052 et
453 4016 505 4053 nos
520 4000 621 4054 lamuli
636 4000 689 4066 sui,
707 4001 837 4071 ejusdem
855 4003 952 4058 Salva-

132 4091 203 4146 toris
218 4091 308 4146 nostri
323 4092 428 4147 auxilio
441 4093 615 4164 praemoniti,
631 4098 738 4148 terram
755 4096 953 4165 promissionis

133 4201 302 4240 mereamur
312 4185 437 4257 ingredi,
449 4189 480 4240 ut
492 4186 670 4257 gaudeamus
685 4203 736 4241 nos
747 4192 855 4242 aetcrna
869 4189 953 4260 regni

132 4280 254 4335 caelestis
268 4280 448 4351 possessione
461 4280 556 4335 ditari.
575 4282 629 4336 Per
644 4281 801 4336 Dominum
824 4287 954 4337 nostrum

132 4374 229 4429 lesum
255 4373 399 4429 Christum
428 4375 531 4430 Filium
556 4392 654 4443 suuni,
679 4392 775 4431 secum
799 4376 952 4446 viventem,

134 4482 307 4539 semperque
323 4473 505 4541 regnantem.

415 4563 539 4613 collectio
559 4564 684 4627 sequitur.

170 4639 255 4704 Deus,
270 4639 319 4710 qui
333 4640 416 4694 Verbi
431 4642 471 4695 tui
489 4642 719 4699 incarnationem
733 4644 862 4716 praeclari
878 4645 955 4700 testi-

136 4731 235 4788 monio
246 4730 347 4786 sideris
358 4732 501 4803 indicasti,
516 4736 593 4806 quod
603 4737 733 4792 videntes
748 4740 837 4810 magi,
850 4738 953 4795 oblatis

135 4828 314 4899 llajestatem
325 4829 405 4881 tuam
421 4828 590 4882 muneribus
600 4829 767 4900 adorarunt,
785 4833 955 4888 concedent

136 4938 251 4994 semper
263 4921 293 4975 in
307 4921 453 4976 mentibus
465 4923 570 4977 nostris
582 4926 639 4977 tuae
653 4927 792 4996 appareat
802 4928 890 4982 stellae
906 4944 955 4983 no-

135 5011 208 5083 titia,
222 5031 255 5069 ac
271 5019 369 5071 noster
381 5015 411 5070 in
426 5018 475 5071 tua
485 5016 521 5071 sit
531 5015 711 5072 confessione
727 5018 887 5075 thesaurus.
900 5023 955 5076 Per

60 5099 64 5105 ’
136 5105 291 5163 Dominum
303 5114 432 5165 nostrum
444 5113 540 5166 lesum
549 5110 693 5167 Christum
705 5108 807 5166 Filium
820 5117 913 5169 tuum.

486 5205 607 5255 Prelati0.

174 5280 410 5353 Omnipotentam
435 5286 646 5357 sempiternum
675 5287 849 5355 Dominum,
876 5289 956 5360 cujus

137 5388 195 5432 uon
207 5375 305 5431 minor
317 5381 359 5431 est
372 5378 568 5436 misericordia
582 5398 668 5453 quam
681 5386 818 5454 potestas,
829 5382 878 5454 qni
890 5383 956 5438 licet

138 5469 330 5527 estimatione
348 5489 468 5543 operum
486 5475 685 5532 universorum
703 5494 820 5532 suorum
847 5477 954 5545 vicerit,

136 5567 198 5638 ipse
217 5568 312 5621 tamen
335 5583 452 5622 suorum
464 5584 586 5639 operum
600 5572 832 5642 magnitudinem
849 5572 955 5644 pietate

136 5660 218 5726 vicit,
256 5661 398 5717 mittendo
432 5661 515 5717 nobis
549 5664 647 5719 lesum
679 5665 823 5722 Christum
854 5666 956 5721 Filium

137 5771 220 5809 suum
234 5756 390 5814 Dominum
405 5759 548 5825 nostrum,
560 5758 639 5829 eujus
658 5761 687 5814 et
700 5776 772 5815 onus
784 5760 845 5816 leve
861 5764 913 5828 est,
928 5763 958 5816 et

122 5844 236 5921 jugum
248 5869 347 5927 sazava,
358 5852 492 5929 virginali
506 5854 588 5911 utero
603 5856 770 5930 procreatus
785 5854 822 5913 ad
834 5855 889 5913 boc
901 5857 958 5912 tra-

1348 1886 1475 1938 Praelatio.

1040 1993 1194 2047 Narrantes
1207 1991 1307 2046 laudes
1321 1990 1447 2057 Domini,
1463 1993 1491 2043 et
1506 1989 1651 2061 potentias
1665 1992 1694 2043 et
1706 1987 1828 2043 mirabi-

1005 2084 1043 2141 lia
1058 2103 1122 2158 quae
1142 2086 1218 2153 fecit,
1235 2085 1339 2139 iratres
1356 2083 1505 2152 carissimi,
1524 2099 1588 2137 cum
1612 2086 1679 2137 ante
1704 2098 1828 2154 conspe·
1879 2096 1885 2112 ·

1005 2182 1082 2234 ctum
1092 2179 1190 2251 populi
1201 2179 1243 2232 sui
1255 2195 1334 2233 mare
1347 2177 1496 2244 divideret,
1507 2177 1607 2232 lumen
1620 2176 1828 2248 praetenderet,

1004 2273 1103 2344 ignem
1117 2274 1276 2344 praeterret,
1294 2271 1353 2326 caeli
1365 2271 1470 2343 januas
1486 2271 1622 2342 aperiret,
1643 2286 1752 2341 panem
1775 2286 1828 2324 au·

1005 2367 1128 2439 geticum
1163 2366 1355 2432 ministraret,
1379 2381 1516 2436 rogemus
1540 2364 1581 2418 uti
1603 2380 1719 2435 quoque
1744 2363 1829 2418 nobis

1005 2461 1143 2516 similibus
1164 2461 1300 2515 virtutum
1319 2476 1436 2514 suarum
1459 2457 1619 2513 circumdet
1639 2457 1776 2524 excubiis,
1791 2474 1828 2512 ne

1004 2556 1047 2609 vel
1063 2555 1159 2610 saeculi
1170 2555 1256 2625 hujus
1268 2554 1371 2609 lluctus
1382 2554 1524 2621 obvolvat,
1537 2553 1582 2606 vel
1599 2552 1742 2606 incertum
1762 2551 1828 2606 vitae

1004 2665 1118 2704 cursum
1136 2650 1192 2703 iter
1213 2652 1321 2713 teneat,
1346 2649 1390 2703 vel
1410 2647 1471 2702 coeli
1496 2646 1590 2701 aditus
1617 2645 1741 2702 orationi
1767 2662 1828 2700 non

1003 2747 1111 2815 pateat,
1125 2745 1169 2798 vel
1182 2743 1264 2814 panis
1277 2742 1355 2796 vivus
1369 2741 1468 2809 vitam,
1481 2757 1510 2794 se
1524 2739 1669 2811 negando,
1682 2756 1742 2794 non
1757 2756 1830 2811 prae-

1004 2836 1080 2904 beat,
1095 2837 1145 2891 sed
1161 2837 1190 2890 in
1204 2836 1437 2907 redemptionem
1455 2834 1666 2906 adquisitionis,
1691 2837 1780 2905 atque
1799 2834 1829 2888 in

1004 2930 1120 2985 laudem
1135 2931 1234 3002 gloriae
1248 2947 1315 2997 suu,
1331 2929 1409 3000 quod
1421 2928 1522 2983 tribuit
1534 2928 1700 3000 aenigmate,
1716 2925 1829 2981 tribuat

1002 3025 1125 3079 veritati.
1151 3026 1204 3079 Per
1226 3024 1380 3079 Dominum
1403 3026 1534 3079 nostrum
1554 3025 1651 3078 lesum
1677 3021 1827 3078 Christum

1005 3118 1106 3173 Filium
1119 3135 1211 3187 sunm,
1227 3118 1274 3190 qni
1287 3118 1355 3173 vivit
1368 3122 1397 3172 et
1411 3121 1525 3189 regnat.

1281 3239 1406 3290 Clolectio
1421 3238 1546 3303 sequitur.

1041 3343 1167 3414 Operum
1177 3345 1304 3410 tuorum,
1319 3343 1402 3410 Deus,
1419 3345 1561 3414 quantum
1573 3341 1708 3397 miranda
1720 3343 1827 3414 poten-

1003 3436 1053 3504 tia,
1068 3439 1181 3490 tantum
1191 3435 1284 3507 magis
1297 3440 1340 3490 est
1354 3436 1447 3507 gratia
1458 3435 1614 3506 diligenda.
1626 3435 1684 3491 Tuo
1696 3451 1827 3508 namque

1004 3530 1126 3601 imperio
1140 3531 1222 3585 stella
1233 3530 1326 3601 magis
1340 3530 1475 3584 ducatum
1489 3529 1621 3601 praebuit,
1636 3533 1666 3584 et
1680 3546 1774 3601 usque
1791 3529 1828 3585 ad

1004 3624 1150 3680 Christum
1164 3628 1242 3679 certa
1264 3623 1376 3679 itineris
1398 3623 1557 3679 directione
1572 3623 1704 3695 perduxit
1724 3624 1830 3695 :cujus

1004 3717 1169 3774 humanitas
1188 3735 1256 3773 vera
1272 3717 1312 3772 sie
1330 3718 1386 3773 suit
1398 3718 1427 3772 in
1445 3734 1542 3786 carne,
1559 3721 1590 3771 ut
1606 3734 1674 3771 vera
1689 3717 1829 3788 majestas

1003 3813 1204 3885 resplenderet
1216 3812 1246 3865 in
1263 3829 1360 3884 opere.
1374 3812 1472 3866 lnlans
1485 3810 1564 3866 eninr
1582 3810 1665 3866 astris
1683 3811 1832 3865 famulan-

1003 3906 1078 3961 tibus
1103 3905 1272 3972 ostenditur,
1304 3910 1333 3960 et
1357 3924 1373 3960 a
1401 3904 1495 3977 magis
1518 3905 1653 3977 parvulus
1676 3903 1829 3959 adoratur.

1004 4000 1172 4064 Quaesumus
1192 4016 1271 4070 crgo,
1287 3998 1418 4067 Domine,
1431 4004 1462 4054 ut
1475 3999 1562 4054 etiam
1582 4001 1695 4054 nostros
1712 4015 1831 4053 errores

1004 4093 1229 4148 misericorditer
1250 4092 1387 4165 corrigas,
1406 4092 1487 4148 etad
1502 4093 1629 4147 veritatis
1644 4095 1702 4147 tuae
1726 4092 1829 4146 saluti·

1003 4188 1096 4242 feram
1115 4187 1265 4256 visionem,
1288 4187 1469 4259 praecedente
1487 4204 1540 4242 nos
1557 4190 1614 4241 tuae
1630 4185 1831 4241 miserationis

1003 4281 1236 4348 inluminatione,
1263 4281 1412 4353 perducas
1440 4281 1495 4335 Per
1514 4280 1670 4336 Dominum
1692 4284 1830 4337 nostrum

1002 4379 1099 4433 lesum
1111 4376 1257 4432 Christum
1271 4374 1375 4431 Filium
1389 4378 1484 4429 tuum.

1351 4495 1478 4547 Praelatio.

962 4559 992 4632 D
1039 4601 1141 4667 Deum,
1163 4598 1211 4670 qui
1233 4597 1419 4653 sanctificavit
1439 4597 1572 4653 Iordanis
1593 4596 1714 4665 fluenta,
1741 4597 1831 4653 bene·

1004 4694 1074 4750 dixit
1087 4692 1221 4764 conjugia
1237 4691 1420 4763 nuptialium,
1434 4692 1538 4747 iratres
1553 4689 1704 4758 carissimi,
1726 4690 1830 4764 depre-

1004 4804 1112 4854 cemur,
1128 4790 1159 4840 ut
1171 4786 1250 4857 eujus
1263 4785 1401 4840 miracula
1418 4785 1522 4851 annuis
1535 4784 1689 4840 recolimus
1704 4784 1826 4852 vicibus,

1005 4881 1065 4937 sola
1080 4881 1141 4952 ejus
1158 4879 1251 4950 gratia
1272 4895 1438 4935 mereamur
1457 4878 1668 4951 indulgentiam
1690 4882 1827 4950 peccatu·

1004 4991 1079 5030 rum.
1098 4974 1180 5038 Quod
1196 4973 1257 5045 ipse
1274 4976 1410 5045 praestare
1426 4973 1571 5044 dignetur,
1586 4972 1636 5044 qui
1656 4987 1724 5026 cum
1744 4973 1829 5028 Patre

1006 5073 1034 5124 et
1047 5067 1153 5140 Spiritu
1167 5071 1265 5123 sancto
1278 5067 1346 5122 vivit
1359 5071 1388 5122 et
1400 5071 1513 5138 regnat.

1283 5188 1408 5240 collectio
1423 5187 1548 5252 sequitur.

1042 5295 1148 5351 Exaudi
1163 5311 1224 5362 nos,
1240 5293 1372 5359 Domine,
1385 5292 1415 5347 in
1429 5293 1515 5364 hujm
1527 5287 1730 5348 sollemnitatis
1745 5307 1831 5346 excu-

1005 5388 1076 5459 bias,
1090 5392 1117 5443 et
1131 5405 1293 5460 quesumus
1306 5390 1338 5442 ut
1352 5387 1444 5460 plebis
1458 5387 1543 5458 hujus
1557 5383 1645 5440 corda
1657 5384 1690 5439 in
1702 5385 1761 5439 luis
1776 5385 1830 5440 mi·

1006 5482 1144 5537 rabilibus
1156 5486 1282 5537 sacratas
1291 5482 1343 5536 tibi
1357 5477 1719 5547 excubiascelebr'antibus,
1730 5478 1833 5550 benig-

1006 5592 1060 5629 nus
1082 5575 1181 5631 adesse
1204 5575 1346 5648 digneris;
1370 5577 1399 5631 et
1421 5574 1469 5646 qui
1491 5571 1625 5629 iordanis
1649 5572 1834 5628 sanctificare

1007 5667 1141 5739 dignatus
1169 5688 1199 5725 es
1227 5686 1326 5742 aquas,
1354 5686 1407 5725 nos
1431 5683 1546 5741 quoque
1571 5664 1624 5724 tibi
1661 5668 1782 5723 sanctos
1805 5666 1835 5723 et

1007 5762 1207 5821 immaculatos
1227 5764 1328 5819 sistere
1347 5762 1444 5819 lacius.
1462 5761 1517 5828 Qui
1537 5776 1604 5819 cum
1618 5760 1706 5820 Patre
1724 5765 1757 5821 et
1770 5758 1834 5841 spi-

1006 5857 1064 5917 ritu
1075 5860 1174 5917 sancto
1187 5858 1258 5916 vivis
1269 5861 1301 5914 et
1312 5872 1427 5935 regnes.
1678 5865 1681 5869 ’
