3884 6150
85 264 122 316 ar
679 227 942 335 orrsrumu'rv.
963 260 1006 314 ur
1025 232 1210 317 sorranus
1741 266 1774 323 as

84 375 184 438 natus,
194 384 227 425 ex
236 368 408 424 illosublimi
417 368 556 441 beatoque
567 369 734 441 angelorum
746 370 816 439 loco,
828 366 906 423 nullo
916 373 1040 451 Aptara
1063 374 1265 426 connnemorat
1289 388 1296 425 :
1317 375 1352 427 Et
1371 373 1455 436 cibus,
1476 371 1580 443 inquit,
1602 373 1661 442 eius
1676 375 1773 431 electus

84 464 144 519 alio
158 464 215 518 nisi
227 464 281 518 hoc
295 463 354 518 solo
368 463 509 535 superbiae
523 463 598 533 vilio,
615 463 649 517 ad
659 463 770 518 inferna
782 464 906 535 dilapsus

85 563 141 613 est.
161 557 233 623 Quia
254 574 320 611 cum
341 557 417 612 inter
429 561 542 612 eaeteras
561 574 696 629 supernas
714 557 831 612 virtutes
848 556 905 611 cla-

84 651 173 706 rioris
188 650 410 722 pulchritudinis
425 650 534 706 lumine
551 651 760 723 praeemineret,
776 667 834 705 uon
853 650 906 705 boc

84 745 227 799 beneficio
240 743 373 799 creatoris
383 743 436 814 sui,
451 745 499 799 sed
510 744 623 815 propria
635 745 738 799 virtute
748 761 777 798 se
788 744 908 799 eredidit

84 838 233 907 obtincrc3
250 843 278 893 et
290 842 427 910 tanquam
443 838 549 913 nullius
562 855 620 893 non
635 842 731 909 egeret
743 838 857 908 arrrilio,
872 839 907 894 si-

85 937 137 986 cut
151 933 225 988 fleus
238 933 276 987 ita
288 949 318 986 se
331 932 372 987 illi
387 931 507 986 similem
516 931 664 1011 judicavit,
676 932 770 987 diceus
785 949 791 987 :
804 935 906 989 Ponam

84 1025 178 1080 sedem
187 1042 273 1082 meam
284 1027 318 1081 ab
327 1028 461 1097 aquilone,
476 1031 502 1080 ct
511 1041 555 1081 ero
569 1028 668 1081 similis
682 1027 821 1082 ditissimo
832 1027 905 1098 (lsai.

85 1135 144 1189 xvv,
162 1124 206 1186 13,
227 1122 280 1189 lt).
295 1122 357 1175 llere
375 1121 451 1176 enim
468 1120 600 1192 cogitatio
613 1120 670 1175 sola
683 1120 763 1174 illum
782 1121 904 1192 dejecit:

85 1205 157 1267 nam
170 1229 237 1268 mox
248 1213 375 1270 desertus
386 1230 403 1268 a
416 1215 472 1269 lieo
486 1214 567 1284 eujus
580 1230 609 1269 se
623 1214 796 1286 protectione
813 1215 905 1270 crodi-

957 462 1069 532 (liobae.
1086 480 1105 531 r,
1122 466 1173 535 lo).
1188 464 1296 519 Electus
1317 464 1364 521 illc
1385 465 1459 520 viros
1475 471 1504 520 et
1521 465 1657 522 sublimes
1670 483 1773 541 aggre-

956 557 1043 611 ditur.
1056 556 1109 611 lllis
1123 559 1252 629 suggerit
1264 558 1331 630 quia
1341 560 1437 631 magni
1448 565 1523 627 sunt,
1538 561 1605 631 quia
1615 561 1687 617 nihil
1702 562 1774 618 indi·

957 654 1051 721 geant,
1064 649 1131 722 quia
1143 651 1282 722 quidquid
1294 658 1393 723 agunt,
1408 653 1533 724 cogitant
1545 655 1588 708 vel
1606 655 1772 727 loquuntur,

957 748 1047 797 totum
1059 743 1088 797 id
1103 744 1242 816 sapientia
1255 746 1291 798 sit
1303 751 1450 817 totumque
1459 747 1619 818 prudentia.
1630 749 1737 814 Quibus
1749 749 1773 805 si

956 838 1025 909 quid
1036 837 1117 903 utile,
1133 838 1188 892 liceo
1202 838 1231 893 id
1245 838 1429 908 gubernante,
1444 841 1615 912 provenerit,
1633 843 1691 897 suis
1701 842 1773 905 illud

956 932 1089 986 continuo
1102 931 1208 987 viribus
1221 948 1335 1004 suaeque
1356 932 1502 988 industriae
1521 934 1697 1005 deputantes,
1714 937 1771 992 ela·

956 1031 1035 1081 urant
1050 1043 1057 1080 :
1074 1027 1131 1097 Ego
1145 1026 1205 1081 baec
1219 1025 1282 1095 feei,
1304 1028 1363 1097 ligo
1380 1025 1448 1095 dixi,
1472 1028 1529 1098 Ego
1551 1029 1727 1099 excogitavi;
1745 1034 1773 1088 ct

956 1120 1036 1192 quasi
1056 1120 1236 1192 stupentibus
1258 1120 1375 1189 cunctis,
1395 1125 1536 1191 praerepta
1554 1120 1643 1192 gloria
1663 1123 1722 1189 Dei,
1736 1124 1773 1180 ad

956 1215 1016 1284 ejus
1031 1230 1059 1269 se
1071 1214 1288 1269 similitudinem
1298 1214 1447 1285 proferunt
1459 1214 1650 1272 admirandos.
1665 1217 1772 1282 Quibus

87 1305 131 1360 dit
150 1322 208 1362 non
227 1324 322 1380 egere,
337 1307 467 1363 infirmus
484 1308 576 1362 subito
597 1313 625 1363 et
642 1308 726 1363 miser
739 1309 863 1376 effectus,
878 1313 907 1365 et
951 1308 1029 1378 justo
1042 1309 1115 1362 licus
1125 1308 1233 1379 judicio
1248 1308 1379 1379 praesidia
1394 1324 1445 1362 sua
1460 1308 1629 1379 subducens,
1642 1311 1728 1365 tradit
1739 1311 1772 1367 il·

86 1401 309 1457 mutabilitatem
318 1407 427 1457 naturae
436 1418 495 1457 suae
512 1419 598 1474 quam
608 1419 666 1457 non
679 1408 833 1474 agnoverat
845 1419 906 1459 sen·
956 1403 1004 1465 tos,
1019 1403 1091 1457 sicut
1103 1402 1142 1457 ait
1155 1402 1313 1473 Apostolus,
1332 1405 1362 1457 in
1378 1402 1523 1472 reprobum
1536 1417 1654 1466 seersum,
1677 1408 1707 1458 ut
1724 1407 1770 1472 ta·

86 1495 135 1563 sit,
145 1500 175 1549 et
184 1495 428 1568 Deimunusquod
438 1496 667 1552 babebutamisit.
678 1497 811 1552 Posthac
820 1498 905 1553 eliam
955 1498 1083 1552 ciantvcl
1104 1496 1229 1568 cogitent
1248 1512 1308 1567 qua
1328 1513 1383 1551 acu
1400 1497 1563 1552 conueniunt
1584 1497 1666 1566 (Rom.
1681 1513 1700 1563 1,
1716 1499 1770 1570 28).

86 1588 188 1643 videns
207 1605 224 1643 a
244 1590 299 1645 Deo
319 1590 465 1646 homiuem
483 1590 588 1646 iactum
607 1607 640 1645 cx
657 1591 773 1662 pulvere
792 1591 822 1646 in
843 1592 905 1648 loco
954 1591 1024 1655 Quia
1036 1607 1101 1645 cum
1114 1591 1143 1645 in
1154 1589 1656 1660 omnibuslieiprovidentiamadesse
1670 1607 1773 1663 cogno·

85 1680 272 1737 beatitudinis
281 1699 368 1755 quem
377 1685 436 1756 ipsc
448 1684 609 1756 perdiderat
618 1685 776 1757 subrogari,
790 1684 905 1758 instiga·
954 1690 1043 1752 scant,
1058 1702 1115 1740 non
1133 1690 1165 1740 ut
1182 1686 1270 1739 Deum
1286 1684 1468 1754 magnificant
1486 1684 1530 1738 rcl
1552 1685 1655 1756 gratias
1669 1690 1771 1758 agunt,

86 1779 132 1828 tus
151 1775 267 1847 invidia,
284 1777 383 1833 eodem
402 1777 543 1850 superbiae
557 1778 638 1834 illum
650 1780 705 1834 telo
720 1795 776 1851 quo
788 1780 848 1851 ipse
862 1756 942 1836 estB
954 1781 1002 1836 scd
1016 1780 1168 1852 gloriantes
1184 1779 1213 1833 in
1227 1778 1386 1849 semetipsis
1399 1783 1570 1834 evanescunt
1584 1779 1615 1835 in
1628 1781 1773 1852 cogitatio·

86 1868 213 1939 dejectus
225 1872 343 1942 appetit.
359 1871 417 1927 Sibi
429 1872 506 1926 enirn
520 1872 649 1928 dixerat:
666 1877 719 1928 Ero
736 1876 833 1929 similis
850 1876 902 1931 Al·
952 1874 1036 1929 nibus
1050 1874 1119 1928 suis.
1135 1873 1263 1929 [licentes
1282 1890 1311 1927 se
1332 1888 1393 1927 csse
1414 1872 1566 1943 sapientes,
1589 1872 1667 1928 stulti
1685 1879 1769 1946 suut;

86 1965 199 2018 tissima.
220 1964 287 2019 ddae
302 1969 331 2019 et
344 1966 408 2019 Evae
422 1965 493 2020 dixit
513 1982 520 2020 :
541 1969 625 2021 Eritis
638 1970 707 2021 sicut
720 1968 763 2022 dii
774 1967 846 2037 (Gerr.
860 1985 900 2039 ιιι,
949 1968 1088 2038 jactantes
1101 1983 1129 2022 se
1144 1984 1206 2022 csse
1219 1967 1341 2037 stabiles,
1356 1966 1484 2034 invictos,
1498 1970 1637 2038 potentes,
1652 1967 1770 2040 infirmi,

85 2058 121 2125 tt.
141 2056 223 2120 Ouod
237 2057 279 2111 illi
297 2059 535 2130 concupiscentes,
550 2075 608 2114 non
623 2060 658 2114 ob
672 2060 755 2114 aliam
772 2077 901 2128 causam,
952 2062 1017 2117 victi
1031 2067 1058 2117 et
1069 2062 1241 2132 impotentes
1254 2060 1404 2115 exsistunt.

83 2150 131 2203 sed
148 2155 261 2205 tantum
275 2151 359 2206 utdii
374 2151 653 2209 lierentmandatum
670 2155 718 2209 Dei
736 2155 903 2227 transgressi
989 2157 1043 2211 Vll.
1068 2156 1135 2220 Qum
1158 2172 1223 2210 eum
1245 2156 1282 2209 ita
1304 2155 1371 2221 sint,
1395 2155 1461 2210 satis
1478 2154 1706 2212 manifestissime
1726 2162 1769 2214 est
1832 2174 1840 2187 ·

85 2249 159 2297 sunt.
175 2243 197 2299 0
213 2250 321 2316 quanta
333 2251 376 2300 est
388 2247 499 2313 cecitas,
515 2247 544 2302 in
558 2249 686 2319 appetitu
700 2266 777 2304 ranae
789 2248 900 2321 gloriael
952 2254 1129 2321 compertum
1143 2249 1210 2321 quia
1222 2249 1300 2303 ouini
1308 2248 1454 2320 vigilantia
1467 2249 1613 2321 omnisque
1626 2251 1717 2306 cordis
1729 2251 1770 2306 iu·

85 2337 144 2391 Non
156 2339 227 2394 vidit
245 2340 331 2394 horno
346 2346 404 2395 tam
421 2345 549 2412 apertam
570 2342 717 2413 fallaciam,
738 2344 769 2397 in
787 2360 844 2415 qua
861 2344 903 2398 illi
953 2345 1061 2399 dustria
1072 2343 1214 2414 appetitus
1227 2343 1309 2397 nobis
1327 2359 1406 2398 vanae
1425 2343 1523 2414 glorire
1543 2343 1769 2418 cst-fugiendus,

84 2447 163 2485 versa
175 2432 237 2487 rice
250 2433 403 2489 similitudo
418 2435 465 2489 bei
480 2450 537 2490 nou
550 2451 585 2490 ex
598 2436 758 2492 obedientia
772 2438 842 2509 ejus,
853 2437 902 2494 sed
951 2455 987 2493 nc
1000 2439 1071 2493 forte
1084 2438 1107 2492 si
1122 2437 1291 2492 virulentum
1304 2438 1347 2492 vel
1361 2438 1448 2492 semel
1461 2437 1553 2492 morbi
1565 2439 1727 2509 contagium
1739 2439 1770 2495 iu

85 2539 123 2579 ex
139 2531 303 2598 contemptu
315 2528 501 2599 promittitur.
951 2532 1143 2604 penetralibus
1153 2532 1242 2586 nostri
1252 2531 1344 2586 cordis
1355 2532 1510 2602 irrepserit,
1522 2532 1551 2586 in
1563 2531 1641 2586 omni
1651 2549 1770 2604 operum

124 2619 157 2673 ι’.
169 2620 236 2674 Ecce
248 2621 291 2675 bic
306 2628 349 2677 est
361 2623 448 2694 primi
462 2623 537 2677 illius
552 2624 653 2679 veneni
667 2630 813 2696 saporatus
826 2627 900 2683 inte·
951 2631 1114 2681 nostrorum
1136 2625 1342 2696 prosperitate,
1371 2625 1553 2680 subtilissima
1577 2627 1770 2683 humanarum

83 2713 167 2781 ritus,
182 2715 233 2784 qui
244 2716 420 2771 amarissimo
434 2716 526 2771 inanis
534 2718 675 2788 jactantiae
689 2719 773 2774 molle
783 2720 902 2786 eircum-
950 2719 1068 2775 laudum
1081 2719 1266 2773 delectatione
1280 2734 1467 2786 succrescens,
1482 2736 1518 2773 ex
1530 2719 1705 2774 abundantia
1716 2737 1768 2776 ne·

84 2804 161 2874 litus,
178 2814 208 2862 et
221 2810 357 2881 angelum
370 2809 469 2865 fefellit
480 2816 508 2866 et
520 2811 677 2866 hominem.
695 2813 724 2866 ln
737 2813 791 2867 boe
804 2819 832 2868 et
844 2831 900 2869 coe·
950 2814 1046 2886 quitiae
1059 2829 1117 2867 sure
1130 2812 1317 2866 deterrimum
1330 2811 1411 2865 illum
1424 2817 1453 2865 et
1467 2812 1654 2867 crudeliorem
1667 2829 1768 2884 super-

83 2898 160 2954 lestis
174 2905 204 2957 et
217 2907 329 2958 terrena
342 2905 443 2959 cecidit
457 2909 594 2960 creatura.
616 2904 657 2959 Ob
671 2905 724 2960 boc
738 2907 772 2962 de
788 2908 901 2964 sedibus
950 2907 1002 2962 biae
1015 2907 1140 2979 proferat
1162 2910 1287 2976 partum.
1309 2906 1377 2968 Quae
1398 2921 1464 2959 cum
1487 2909 1607 2976 utraque
1629 2907 1770 2976 pestiferis

82 2994 150 3062 suis,
169 2995 223 3056 ille
235 2996 269 3051 de
283 2999 361 3066 orele,
372 2998 419 3052 hic
438 2998 472 3054 de
489 2999 620 3071 paradiso
640 3000 750 3071 expulsi
772 3006 838 3057 sunt
847 3020 855 3071 3
874 3007 901 3057 et
949 3001 1072 3056 fundatae
1086 3000 1229 3055 radicibus
1241 2999 1375 3053 humanae
1389 2999 1492 3053 mentis
1506 3015 1609 3053 arcana
1620 3000 1768 3071 suppleve-

81 3103 139 3142 non
153 3095 401 3160 potueruntstare,
412 3093 480 3164 quia
493 3094 617 3164 graviter
628 3094 801 3150 ceciderunt.
815 3097 900 3161 Quale
950 3095 1040 3163 rint¹,
1055 3095 1182 3166 undique
1197 3097 1305 3147 mutata
1320 3093 1489 3148 insidiarum
1503 3093 1596 3164 specie
1610 3093 1769 3165 improvisis

81 3197 151 3254 ergo
166 3183 309 3255 superbie
323 3186 429 3240 malum
444 3186 480 3241 sit
494 3188 570 3258 quod
585 3204 635 3243 rex
655 3188 741 3243 David
753 3196 849 3260 aperte
862 3191 900 3246 ti·
952 3193 1110 3245 occurrant.
1125 3189 1195 3242 Nam
1208 3187 1253 3241 bis
1266 3186 1317 3259 qui
1336 3187 1371 3241 ad
1389 3186 1549 3258 spiritualia
1561 3204 1590 3241 sc
1603 3188 1694 3241 studia
1704 3205 1769 3244 cau·

82 3276 167 3344 muit,
182 3276 472 3348 subjectisruiuarum
485 3281 577 3335 causis
590 3281 650 3352 ipsc
664 3284 840 3339 monstravit.
952 3284 1087 3351 tulerunt,
1098 3299 1165 3336 mox
1178 3297 1249 3335 vana
1260 3280 1350 3352 gloria
1360 3279 1414 3334 illis
1424 3281 1459 3334 de
1469 3280 1590 3350 jejunio,
1605 3280 1639 3336 de
1649 3281 1766 3353 vigiliis,

117 3371 161 3424 b'l.
176 3370 282 3426 Omnia
300 3379 480 3444 peecatorum
499 3391 613 3447 genera,
638 3376 668 3430 id
695 3381 747 3446 est,
776 3360 914 3449 luxuria,
951 3378 986 3433 de
997 3377 1126 3444 lectione,
1141 3376 1175 3430 de
1188 3374 1339 3429 solitudine
1353 3375 1453 3442 eremi,
1471 3374 1505 3428 de
1519 3374 1664 3445 patientia,
1680 3375 1715 3431 de
1729 3380 1769 3431 ta-

81 3464 212 3532 araritia,
227 3465 409 3537 adulterium,
425 3473 453 3523 et
467 3469 491 3522 si
507 3468 563 3539 qira
577 3474 643 3525 sunt
656 3470 720 3540 alia,
732 3472 861 3542 quamvis
873 3475 902 3527 et
951 3471 1112 3526 citurnitatc
1125 3468 1278 3523 blanditur.
1295 3469 1328 3522 Et
1343 3467 1366 3521 si
1379 3468 1474 3521 statim
1487 3466 1547 3521 brec
1560 3468 1654 3537 prima
1668 3468 1768 3524 sollici·

81 3559 112 3612 'm
120 3557 307 3614 bisomnibus
317 3561 646 3631 lleusirascatur,tamcu
655 3566 898 3636 autperangclos,
950 3565 1018 3620 tatio
1032 3564 1241 3633 circumspectae
1251 3561 1355 3615 mentis
1368 3560 1448 3614 oculo
1461 3560 1635 3631 deprehensa
1644 3562 1768 3618 nonfue·

82 3658 132 3707 aut
147 3669 200 3724 per
223 3652 354 3709 homines
369 3655 470 3710 talium
484 3656 641 3711 etiamnum
663 3657 801 3712 vindictas
820 3675 899 3714 exse·
950 3658 997 3725 rit,
1012 3656 1100 3712 dirior
1116 3656 1196 3710 illam
1214 3671 1229 3709 e
1250 3654 1369 3726 vestigio
1380 3653 1511 3726 superbia
1529 3670 1622 3710 eomes
1644 3656 1767 3728 assequi·

81 3749 193 3818 quitur.
206 3751 242 3803 At
255 3763 321 3802 vero
334 3749 477 3819 superbia,
490 3766 547 3805 non
560 3767 612 3821 per
623 3750 711 3805 alium
724 3753 898 3823 quempiam,
950 3757 1011 3821 tnr3
1020 3768 1083 3823 quae
1093 3750 1149 3804 illis
1160 3749 1314 3804 mentiatur
1322 3753 1349 3803 et
1356 3748 1509 3804 sanctiores
1520 3764 1567 3803 ecs
1577 3748 1765 3821 melioresque
1817 3810 1820 3815 ,

83 3841 238 3912 sedipsum
251 3857 342 3913 perse
354 3843 444 3897 [teum
459 3847 585 3898 meretur
596 3845 700 3899 habere
714 3846 898 3902 contrarium.
949 3845 1081 3900 omnibus
1105 3860 1175 3910 esse,
1191 3848 1221 3898 ct
1240 3844 1271 3898 iu
1292 3859 1405 3898 summo
1424 3842 1605 3914 perfectionis
1629 3843 1763 3914 culmine,

83 3935 127 3989 lta
138 3935 215 3989 enirn
233 3936 370 4006 scriptum
389 3940 430 3991 est
444 3953 451 3990 ε
466 3937 595 4006 Superbia
613 3943 703 3993 autem
723 3941 781 4008 ipse
797 3943 900 3996 resistit
948 3939 1065 4012 propria
1078 3939 1162 3994 tetiam
1176 3938 1286 3992 virtutis
1299 3936 1460 4003 stabilitate,
1472 3936 1552 4008 quasi
1563 3953 1710 4009 nunquam
1722 3954 1766 3993 ca·

82 4027 109 4098 {f
119 4029 176 4082 Pet.
191 4045 217 4095 v,
229 4031 264 4097 53
277 4031 335 4084 Jac.
352 4045 389 4098 rv,
403 4031 440 4100 6).
454 4029 560 4085 Cretera
579 4031 657 4085 enim
670 4031 736 4086 vitia
750 4032 793 4087 vel
807 4032 837 4087 in
852 4050 899 4088 cos
948 4050 1028 4088 sinos
1046 4038 1120 4088 stare
1140 4031 1276 4087 divendit.
1290 4030 1337 4085 llis
1358 4046 1425 4085 vero
1438 4030 1488 4101 qui
1501 4030 1593 4085 adhuc
1607 4031 1765 4089 carnalium

78 4121 158 4193 ipsos
180 4122 232 4193 qui
248 4122 297 4176 illa
316 4123 552 4194 perpetraverint,
574 4129 775 4196 retorquentur
796 4128 839 4181 rel
868 4127 899 4182 in
948 4128 1111 4200 passionum
1128 4124 1360 4181 oblectationibus
1383 4124 1486 4196 quibus
1511 4124 1677 4196 subrepunt,
1698 4141 1765 4181 curn

78 4215 152 4269 alios
163 4214 296 4271 homines
313 4215 447 4272 videntur
459 4217 581 4273 admitti.
603 4218 652 4273 llic
670 4235 735 4274 vero
759 4220 898 4292 snperbia
948 4223 1035 4277 semel
1048 4221 1099 4275 eibi
1112 4219 1285 4275 obtinuerint
1305 4218 1446 4273 domicilia
1465 4218 1605 4273 mentium
1622 4219 1763 4273 humana·

78 4316 179 4365 tumor
189 4309 303 4381 proprie
316 4310 419 4367 nititur
431 4317 530 4367 contra
543 4313 642 4382 ileum,
658 4313 803 4368 etidcirco
816 4314 898 4370 illum
948 4331 1024 4383 rum,
1037 4320 1099 4369 tum
1114 4313 1318 4368 multiformem
1331 4329 1366 4367 er
1389 4317 1508 4382 utraque
1525 4310 1654 4366 fomitem
1665 4310 1762 4382 pullu-

76 4404 190 4476 patitur
204 4403 372 4475 inimicum3
387 4406 455 4478 quia
470 4423 499 4462 se
511 4407 539 4462 in
553 4406 695 4462 excelsum
707 4408 836 4477 tendens,
851 4409 898 4464 hic
947 4409 1235 4465 lantritiorum.Nam
1243 4423 1314 4460 vana
1324 4404 1413 4476 gloria
1424 4409 1540 4476 generat
1547 4420 1582 4467 ex
1592 4421 1622 4459 se
1630 4421 1764 4476 praesum·

76 4513 195 4568 semper
207 4499 315 4570 appetit
326 4500 403 4571 quod
415 4500 457 4555 illi
470 4501 522 4555 soli
534 4505 576 4557 est
589 4503 747 4574 proprium.
766 4503 937 4577 QuamvisD
947 4504 1075 4576 plionem
1087 4502 1216 4556 omnium
1228 4500 1395 4568 novitatum,
1404 4497 1616 4554 adinventiones
1628 4499 1765 4558 falsorum

75 4598 176 4647 autern
190 4593 361 4664 generaliter
370 4595 430 4650 haee
440 4596 579 4667 superbia
588 4595 664 4651 labes
673 4595 774 4652 infesta
782 4597 827 4668 sit,
838 4615 898 4655 non

75 4686 144 4758 plus
157 4692 255 4742 tamen
267 4688 330 4742 aliis
342 4689 495 4744 metuenda
509 4695 552 4745 est
565 4706 652 4762 quern
664 4690 710 4744 his
722 4691 771 4762 qui
782 4698 831 4748 aut
843 4693 899 4766 spi-

74 4780 201 4835 ritaliter
215 4781 251 4837 ad
263 4783 467 4854 perfectionem
478 4783 627 4854 virtutum,
639 4790 688 4839 aut
701 4786 851 4842 carnaliter
862 4787 898 4842 ad

76 4873 243 4929 divinarum
256 4877 366 4947 copiam
379 4882 408 4933 et
419 4895 545 4933 summos
564 4879 706 4933 honorum
721 4880 817 4936 titulus
831 4898 896 4953 per-

73 4969 220 5023 venerint.
242 4970 365 5026 'fantum
390 4972 496 5027 scilieet
512 4973 543 5027 in
568 4973 625 5027 illis
650 4974 740 5045 major
764 4975 895 5047 eflicitur,

74 5065 221 5134 quantum
233 5067 261 5116 et
273 5065 364 5134 major
377 5072 418 5120 est
433 5066 483 5138 qui
498 5066 634 5137 superbit.
655 5068 750 5138 Neque
767 5068 814 5123 illa
829 5070 897 5125 viles

73 5173 193 5230 quoque
206 5163 256 5211 aut
276 5158 426 5230 populares
444 5161 611 5216 subvertisse
628 5166 761 5217 contenta
781 5168 832 5231 est,
848 5165 897 5219 scd

74 5253 149 5306 etin
167 5251 284 5306 illorum
296 5252 346 5323 qui
361 5253 479 5308 maximi
500 5255 611 5309 insidiis
632 5256 759 5311 assidet:
774 5273 896 5328 quorum

72 5350 221 5417 quantum
233 5346 317 5401 altior
329 5347 434 5418 gradus
452 5353 502 5417 cst,
522 5353 633 5404 tantum
651 5350 735 5405 altior
756 5355 784 5406 et
802 5351 896 5408 ruina.

73 5440 157 5497 l'nde
170 5440 259 5496 etiam
272 5445 302 5497 et
314 5440 387 5498 illud
400 5442 436 5496 de
449 5442 548 5498 eodem
558 5443 697 5517 superbia
712 5444 812 5516 spiritu
826 5447 898 5502 Scri·

107 5603 123 5634 ⁸
136 5601 184 5657 An
193 5601 392 5658 euenerunt!
403 5596 498 5658 ltalim
506 5603 604 5658 amen
613 5601 860 5674 supplantaverint.

948 4598 1123 4669 dogmatum,
1139 4594 1331 4667 quaestionum
1343 4597 1475 4660 torturas,
1487 4592 1691 4662 contentiones,
1706 4594 1765 4651 hae·

947 4708 1031 4759 reses,
1046 4694 1144 4760 sectas,
1161 4687 1321 4743 schismata.
1340 4687 1477 4759 Superbia
1491 4703 1556 4743 vero
1568 4689 1642 4761 parit
1665 4687 1762 4763 indig⁴

947 4786 1100 4852 nationem,
1122 4783 1267 4852 insidiam,
1305 4785 1511 4853 contemptum,
1549 4781 1761 4856 detractionem,

947 4879 1213 4946 murmurationem,
1239 4882 1267 4932 et
1292 4876 1535 4932 exsecrabiliorem
1561 4876 1607 4931 his
1631 4877 1762 4934 omnibus

945 4974 1161 5047 blasphemiam.
1172 4974 1297 5037 Quorum
1311 4971 1450 5025 malorum
1464 4986 1548 5026 causa
1557 4971 1580 5025 si
1590 4971 1654 5042 quis
1664 4971 1764 5029 exstir-

946 5086 1014 5142 pare
1026 5069 1055 5123 in
1069 5067 1186 5123 veritate
1200 5065 1347 5134 desiderat,
1364 5064 1490 5136 origines
1503 5080 1601 5120 earum
1612 5079 1628 5120 a
1641 5062 1763 5138 seprius

947 5169 975 5220 ct
998 5164 1105 5218 radices
1124 5161 1244 5216 excidat.
1272 5161 1310 5214 lta
1329 5175 1452 5231 namque
1475 5155 1605 5215 omnium
1627 5157 1763 5220 vitiorum

946 5258 1073 5314 funditus
1085 5259 1219 5328 potemnt
1237 5253 1344 5309 soboles
1362 5253 1521 5325 exstirpari,
1537 5253 1561 5309 si
1573 5255 1633 5326 ipsa
1647 5272 1761 5330 quoque

947 5369 1046 5410 eorum
1058 5350 1176 5422 sennua,
1192 5349 1356 5423 priusquam
1369 5349 1540 5423 germinent,
1554 5349 1719 5412 evellantur.
