3884 6150
82 262 137 337 tn
579 279 624 340 33
642 278 1003 341 3333333333133
1021 276 1272 344 numianus.
1399 227 1400 236 .
1553 327 1556 331 .
1714 262 1764 344 ue

78 387 179 445 Amet.
195 383 306 444 Deinde
323 384 447 460 repetita
462 387 633 447 saluatione
648 389 761 446 canitur
776 394 825 447 aut
837 406 902 464 pro·
911 403 941 477 Α
951 396 1006 448 tur.
1020 394 1092 448 Tum
1106 391 1232 449 hostiam
1248 390 1340 448 elevat
1353 405 1413 447 non
1426 388 1536 447 3133313
1549 381 1646 446 331133.
1661 382 1765 447 Postea

79 479 175 541 fertur
187 480 380 549 Psallendum,
395 482 473 554 quod
486 482 563 538 idem
578 488 621 539 est
635 501 700 540 cum
716 489 813 541 nostro
830 485 898 542 Gra·
950 503 1016 542 eam
1028 491 1131 541 tenens
1145 502 1231 557 supra
1244 485 1373 553 calicem,
1387 484 1489 539 recitat
1500 482 1668 555 Symbolum
1679 479 1765 539 Nica·

80 575 172 630 duali.
191 576 295 630 Postea
313 576 446 631 sacerdos
469 578 513 631 vel
536 577 674 632 diaconus
693 578 743 646 ait,
758 580 901 636 Silentium
951 597 1020 637 num
1040 597 1090 635 seu
1109 580 1161 636 GP.
1180 579 1238 634 Sub
1253 579 1315 634 hare
1336 578 1445 648 trangit
1466 577 1591 633 hostiam
1609 576 1640 631 in
1661 591 1766 634 novem

78 670 178 736 tacite,
190 672 347 739 antequam
358 669 548 726 subdiaconus
558 670 714 742 Epistolam
725 672 812 744 legat.
823 673 900 728 Hane
950 673 1113 745 particulas,
1128 689 1192 744 quae
1205 671 1249 726 his
1264 671 1430 743 nominibus
1445 670 1643 742 designantur,
1657 671 1774 741 Carpo·-

79 761 267 833 subsequitur
277 762 362 817 lectio
374 763 531 834 Evangelii,
542 780 598 835 quo
607 763 688 819 finito
699 765 900 836 respondetur,
951 766 1034 833 33113,
1047 763 1110 838 13
1122 763 1267 830 Nativitas,
1281 763 1475 830 circumcisio,
1486 763 1645 834 Apparitio,
1657 761 1765 831 Passio,

78 857 180 911 Amen.
194 855 277 919 Quod
298 860 412 910 sanctus
431 856 601 911 Benedictus
620 860 684 927 post
703 858 851 930 Evangelii
871 858 901 913 in
950 860 1032 926 blors,
1047 857 1236 924 Resurrectio,
1253 856 1358 924 Gloria,
1373 857 1514 927 Regnum.
1531 855 1600 920 Quae
1618 856 1766 927 particulae

79 947 188 1018 vigiliis
199 948 347 1003 nocturnis
358 949 512 1033 lectionem
523 950 714 1021 prescribitin
724 952 832 1023 regulae
843 968 900 1007 suae
951 952 981 1006 iu
996 951 1086 1006 crucis
1097 950 1218 1006 modum
1235 949 1428 1022 disponuntur
1443 966 1527 1021 super
1543 951 1688 1021 patenam.
1704 951 1768 1006 Hox

79 1057 145 1112 cap.
173 1045 213 1096 11.
237 1041 323 1097 Lecto
347 1043 502 1113 Evangelio
524 1047 589 1114 post
610 1044 813 1100 salutationem
835 1061 901 1100 mox
951 1046 1026 1100 lacta
1039 1045 1167 1100 vivorum
1183 1042 1470 1109 commemoratione,
1484 1042 1596 1097 canitur
1609 1041 1767 1098 333113113-

80 1136 217 1188 cantatur
238 1134 360 1189 Alleluia
379 1152 444 1189 cum
465 1152 516 1190 suo
536 1152 627 1191 versu.
647 1136 781 1192 Succedit
802 1137 902 1194 hostire
951 1138 1075 1206 viviraica;
1096 1154 1153 1209 qua
1167 1135 1325 1203 recitanda,
1341 1134 1377 1189 ad
1397 1135 1524 1206 singulas
1538 1135 1597 1189 tero
1612 1135 1767 1206 petitiones

81 1218 192 1281 oblatio
216 1243 281 1281 eum
304 1228 446 1295 oratione,
470 1246 558 1300 quam
583 1229 711 1300 sequitur
735 1230 792 1286 elia
814 1231 900 1298 dicta,
952 1233 1072 1304 populus
1088 1230 1253 1302 respondet,
1267 1230 1362 1284 Amen.
1376 1229 1443 1283 Post
1463 1227 1634 1295 orationem,
1648 1229 1769 1284 Liberati

79 1321 148 1374 Post
175 1320 364 1388 oblationem,
389 1320 434 1375 his
458 1322 560 1390 verbis,
583 1325 615 1379 ln
636 1325 736 1394 spiritu
759 1325 901 1380 humitita-
951 1327 1068 1388 ornatis,
1080 1328 1145 1392 etc,
1158 1325 1295 1378 Romanae
1306 1321 1493 1392 persimilem,
1503 1321 1636 1376 sacerdos
1646 1321 1768 1393 particu-

80 1414 125 1474 tis,
156 1416 213 1467 etc.
245 1416 328 1476 Veni,
355 1419 445 1469 sancte
475 1417 595 1485 Spiritus
620 1418 816 1486 sanctificator,
846 1421 899 1473 etc.
951 1419 1009 1473 lam
1024 1419 1156 1489 Regnum
1176 1415 1306 1470 immittit
1323 1415 1353 1468 in
1373 1414 1503 1481 calicem,
1521 1413 1654 1482 dicendo,
1669 1415 1769 1472 Sancto

79 1505 153 1560 Dein
173 1505 306 1561 sacerdos
319 1506 397 1574 dicit,
413 1508 551 1577 Adiuuate
565 1525 617 1572 me,
631 1511 744 1577 fratres,
760 1513 825 1577 ete,
841 1513 901 1567 tum
950 1515 1060 1573 sanctis.
1084 1516 1109 1566 et
1132 1510 1279 1579 conjuratio
1301 1510 1418 1580 33333313
1440 1512 1465 1563 et
1488 1509 1640 1578 sanguinis,
1660 1509 1713 1561 etc.
1737 1508 1768 1562 ln

79 1598 196 1652 canitur
225 1598 412 1667 Sacrificium,
444 1600 522 1670 quod
550 1600 729 1657 ottertorium
756 1619 900 1658 vocamus.
951 1604 1099 1671 Paschate,
1124 1604 1304 1668 Pentecoste,
1328 1605 1357 1655 et
1379 1601 1452 1656 testo
1475 1599 1646 1655 sanctissimi
1668 1599 1769 1655 Sacra·

78 1693 233 1763 Hucusque
248 1692 336 1747 missa
351 1693 635 1749 cathecumenorum.
952 1697 1053 1764 menti,
1063 1693 1769 1765 sacerdosbancparticulamtenens,teraltavoee

117 1789 160 1840 ll.
181 1785 230 1840 His
250 1786 365 1853 exactis,
386 1787 520 1842 sacerdos
537 1805 641 1843 manus
661 1789 761 1856 abluit,
777 1794 806 1844 et
825 1774 939 1846 dictaB
951 1791 1040 1846 dicit:
1060 1793 1131 1848 Vicit
1144 1793 1194 1845 teo
1210 1789 1243 1844 dc
1258 1788 1330 1843 triba
1340 1787 1423 1850 iuda,
1439 1786 1768 1857 333113113313333333-

81 1878 215 1934 oratione
228 1880 353 1947 Secreta,
369 1880 456 1934 aliam
474 1880 579 1948 subdit,
594 1898 657 1953 quae
674 1887 792 1939 vocatur
808 1884 899 1952 Hissa,
951 1885 1038 1940 devite
1056 1884 1093 1938 ad
1110 1883 1237 1954 singutas
1253 1881 1329 1936 vices
1346 1881 1444 1948 choro,
1458 1881 1512 1948 Oui
1528 1880 1602 1935 sedes
1614 1895 1695 1951 super
1707 1881 1768 1935 cbe-

80 1989 144 2026 eum
162 1973 271 2044 praevia
284 1973 464 2028 salutatione.
478 1974 643 2046 Sequuntur
655 1976 718 2031 aliae
730 1980 787 2031 tres
798 1977 901 2033 oratio-
950 1979 1040 2040 rubin,
1053 1977 1137 2032 radia
1145 1976 1245 2039 Dauid,
1257 1976 1380 2030 alleluia.
1394 1973 1497 2029 Statim
1510 1974 1594 2028 datur
1604 1972 1769 2029 benedictio

81 2082 140 2131 nes,
160 2083 285 2137 quarum
298 2067 458 2137 penultima
473 2071 517 2121 est
528 2069 595 2123 Post
606 2068 734 2136 nonuna,
747 2070 848 2125 ultima
857 2070 901 2124 Ad
952 2089 986 2127 eo
1008 2070 1106 2136 mode,
1127 2086 1183 2140 quo
1207 2073 1311 2126 nostrae
1330 2067 1516 2139 episcopales.
1532 2069 1599 2123 Post
1616 2067 1769 2123 133333333-

80 2176 193 2231 pacem.
206 2160 280 2215 Dum
292 2160 426 2215 sacerdos
437 2160 549 2215 Missam
561 2163 724 2218 orationem
736 2162 814 2230 dicit,
825 2164 899 2218 inte·
951 2164 1061 2233 munio,
1072 2163 1141 2217 dum
1151 2162 1268 2217 interim
1281 2162 1403 2234 populus
1415 2162 1522 2227 cantat,
1533 2161 1643 2217 Gustata
1651 2149 1771 2217 etaidete

81 2253 135 2307 rim
152 2253 277 2323 populus
289 2252 348 2307 Deo
362 2252 461 2307 laudes
472 2253 585 2321 occinit,
598 2255 696 2309 dicens
710 2258 755 2309 ter
766 2257 858 2325 Apios.
869 2258 900 2311 ln
951 2274 1032 2328 quam
1044 2259 1135 2312 suauis
1145 2260 1184 2311 est
1198 2258 1336 2317 Dominus,
1349 2255 1474 2318 alleluia,
1490 2254 1613 2308 attalaia.
1632 2255 1663 2307 ln
1676 2252 1770 2308 missis

82 2345 209 2399 secunda
224 2345 355 2399 oratione
370 2346 495 2416 postulat
509 2346 651 2414 sacerdos,
670 2352 700 2402 ut
715 2349 789 2402 Deus
805 2349 898 2404 Chris·
952 2351 1154 2405 detunctorum
1171 2353 1200 2403 et
1212 2347 1456 2418 Quadragesimae,
1472 2348 1525 2414 Qui
1537 2346 1655 2401 veritae
1668 2362 1772 2402 menon

82 2438 230 2493 Honorum
245 2454 345 2509 preces
360 2437 509 2505 admittat;
529 2439 683 2511 statimque
701 2441 811 2498 insert:
830 2443 899 2512 0113-
951 2446 1058 2501 esuriat.
1073 2442 1213 2498 Sacerdos
1223 2438 1475 2506 communicanda,
1487 2438 1677 2511 penultimam
1684 2438 1771 2510 parti-

81 2536 145 2584 runt
164 2534 219 2586 Deo
235 2533 345 2586 Domino
363 2532 523 2586 oblationem
545 2533 694 2588 sacerdotes
714 2538 809 2598 nostri,
823 2551 902 2608 3333
951 2536 1226 2604 331333,331333333
1236 2524 1607 2603 6133133313313333333333
1616 2532 1769 2604 accipiens,

82 2626 230 2687 Romensi's,
248 2628 274 2678 et
294 2625 402 2694 reliqui,
421 2640 471 2695 pre
491 2640 528 2688 se,
548 2630 638 2696 cipro
656 2631 730 2682 omni
751 2629 830 2691 ciero,
845 2630 899 2683 etc.
951 2646 1074 2700 eamque
1090 2631 1191 2682 tenens
1207 2644 1292 2699 super
1306 2627 1435 2693 calicem,
1452 2626 1626 2680 memoriam
1639 2625 1708 2680 lacit
1723 2625 1771 2680 de·

81 2717 152 2771 Tum
183 2734 189 2770 :
219 2719 355 2772 Facientes
385 2720 659 2774 commemorationem
688 2722 902 2778 beatissimorum
952 2724 1127 2777 tunctorum.
1145 2721 1206 2774 Hor
1227 2736 1292 2774 eam
1311 2719 1342 2773 in
1363 2736 1394 2773 os
1415 2718 1511 2786 sumit,
1528 2721 1703 2789 caeterasque
1718 2734 1769 2774 suo

81 2810 265 2879 apostoloram
291 2815 317 2865 et
340 2816 503 2881 martyrum,
531 2812 653 2882 gloriosa
678 2819 779 2870 sanctae
804 2817 902 2872 Maria
952 2815 1063 2882 ordine,
1075 2813 1169 2885 primo
1181 2829 1296 2867 sumens
1307 2829 1365 2879 eas,
1379 2828 1442 2882 quae
1455 2813 1608 2882 postremae
1620 2810 1770 2867 luerintin

81 2905 207 2972 uirginis,
224 2904 372 2967 Zacharia,
390 2907 512 2968 Ioannis,
531 2906 682 2972 intantum,
706 2909 789 2970 Petri,
809 2908 901 2970 Pauli,
951 2912 1074 2980 patena:
1090 2906 1245 2977 statimque
1260 2907 1366 2977 populo
1380 2903 1615 2959 communionem
1628 2903 1768 2975 impertit.

82 3001 110 3050 et
127 2999 300 3050 caeterorum
314 2998 518 3068 apostolorum.
531 2999 600 3064 Quae
613 3001 732 3055 nentina
745 3002 901 3058 elatavoce
951 3004 1013 3073 lpse
1038 3017 1105 3054 vere
1128 2999 1195 3053 inde
1217 2998 1391 3071 sanguinem
1419 2996 1544 3068 suscipit.
1566 2996 1638 3051 Dein
1658 2997 1772 3052 canitur

81 3089 251 3144 recitantur.
266 3089 329 3163 12
343 3092 508 3162 Respondet
520 3093 623 3150 chorus
636 3111 642 3149 ι
653 3099 689 3151 nt
702 3097 821 3150 omnium
830 3111 901 3150 mar-
952 3095 1112 3166 antiphona
1125 3096 1189 3148 Post
1214 3094 1431 3153 communionem,
1454 3089 1556 3157 oratio,
1581 3089 1715 3145 salutatio
1733 3088 1771 3146 ad

79 3187 184 3251 tarum.
197 3183 285 3238 Addit
302 3184 434 3239 sacerdos
449 3203 455 3238 :
469 3189 535 3241 Item
550 3203 601 3258 pro
620 3189 761 3259 spiritibus
775 3204 898 3259 paisan-
912 3142 939 3215 C
952 3189 1101 3260 populum,
1115 3203 1168 3240 von
1183 3185 1298 3241 diaconi
1313 3202 1319 3240 :
1333 3185 1468 3243 solemnia
1480 3184 1610 3255 completa
1623 3188 1696 3246 sunt,
1714 3186 1767 3238 etc.

80 3279 160 3337 tium.
180 3279 295 3340 Hilarii,
312 3278 469 3343 Athanasii,
482 3283 607 3344 Martini,
624 3285 689 3349 eto,
706 3282 900 3353 respondente
950 3283 1033 3337 Nulla
1044 3296 1173 3352 unquam
1185 3279 1333 3334 conversio
1346 3278 1383 3332 ed
1396 3278 1545 3348 populum,
1558 3277 1613 3331 nisi
1624 3277 1654 3331 in
1665 3277 1722 3332 tine
1733 3276 1771 3333 ad

80 3371 170 3425 choro
186 3374 240 3426 :Et
253 3372 371 3426 omnium
384 3376 573 3443 pausantium.
588 3374 660 3429 Dein
675 3378 762 3430 oratio
774 3379 837 3432 Post
851 3392 900 3431 no·
950 3374 1195 3442 benedictionem,
1212 3372 1288 3444 quod
1308 3374 1352 3426 est
1369 3387 1434 3424 usus
1452 3369 1632 3424 recentioris.
1644 3369 1769 3423 tltozara·

79 3467 167 3526 mina,
187 3481 246 3535 qua
266 3463 373 3535 petitur
392 3482 409 3519 a
428 3466 498 3533 Deo,
522 3471 553 3522 ut
574 3484 675 3538 pacem
696 3468 829 3523 fidelibus
850 3469 900 3523 de·
951 3468 1030 3523 biens
1050 3468 1096 3522 hic
1117 3467 1187 3521 ritus
1203 3465 1232 3519 in
1247 3465 1330 3519 unica
1345 3463 1489 3518 Toletanae
1507 3461 1638 3518 Ecclesiae
1650 3461 1770 3520 edicula

79 3557 188 3611 iunctis
211 3557 384 3628 impertiat:
409 3561 438 3612 et
460 3559 516 3615 alia
535 3561 609 3616 testo
629 3578 815 3633 congruens:
841 3567 901 3617 tum
952 3578 1032 3616 33333
1045 3577 1121 3614 nunc
1135 3559 1310 3614 observatur.

80 3649 249 3704 adhortatio
269 3650 306 3704 ad
325 3667 514 3724 pacemque.
530 3671 597 3709 naon
613 3654 706 3722 datur,
726 3654 839 3710 dicente
855 3672 900 3710 sa·
988 3657 1030 3708 12.
1058 3655 1088 3707 ln
1118 3653 1214 3708 libello
1243 3650 1389 3705 Eldetonsi
1412 3648 1607 3721 Hispaniensis
1632 3648 1770 3721 episcopi,

80 3742 200 3797 cerdote
215 3761 222 3796 ε
238 3745 290 3810 Oai
303 3745 381 3800 mocio
394 3749 501 3809 3313113,
512 3763 608 3818 pacem
620 3749 714 3815 facite.
729 3750 764 3802 Et
777 3748 902 3803 3333113-
952 3748 995 3819 cuj
1001 3765 1032 3801 us
1046 3745 1137 3801 libeRi
1152 3745 1299 3816 exemplar
1311 3743 1444 3799 Anicium
1459 3759 1492 3797 en
1508 3741 1644 3814 Hispania
1654 3759 1707 3814 per
1718 3743 1770 3798 Go-

81 3840 130 3889 tar
148 3838 289 3905 osculum,
307 3839 408 3894 Habete
425 3841 543 3895 osculum
560 3840 710 3896 dilectionis
729 3845 755 3897 at
769 3843 856 3912 pacis,
871 3845 902 3897 at
952 3842 1109 3896 tescaleum
1118 3839 1284 3911 episcopum
1293 3855 1370 3892 anno
1380 3840 1431 3892 989
1442 3837 1560 3891 allatum
1574 3839 1626 3903 est,
1637 3836 1771 3907 quaedam

79 3931 144 3999 apti
160 3931 221 3984 sitis
240 3934 416 3987 saeosanctis
433 3935 568 4000 mysteriis
586 3935 644 3988 Dei.
658 3932 776 3987 interim
798 3934 902 3988 chorus
952 3933 1016 4006 14
1030 3932 1186 4004 singularia
1205 3931 1390 3987 continentur
1407 3930 1443 3984 de
1460 3946 1580 3984 numero
1598 3929 1769 3997 hostiarum,

79 4021 171 4089 canit,
185 4025 280 4077 Pacem
301 4025 424 4095 relinquo
446 4027 530 4090 vobis,
551 4028 604 4079 etc.
625 4026 736 4080 Deinde
754 4027 901 4099 praemisso
953 4044 1016 4099 (prae
1039 4025 1202 4098 pervarias
1222 4024 1291 4081 anni
1308 4023 1506 4079 solemnitates
1524 4022 1680 4078 offerendae
1694 4025 1768 4077 sunt.

79 4131 176 4181 versu,
192 4117 309 4171 introibo
322 4117 359 4171 ad
373 4119 462 4173 altare
475 4121 532 4182 Dei,
547 4119 757 4191 confestimque
778 4119 902 4174 extensis
952 4123 1056 4175 Verum
1068 4117 1537 4174 libellusistenonindicatmorem
1545 4120 1612 4171 tunc
1621 4115 1769 4182 usitatum,

79 4208 228 4276 manibus,
252 4209 302 4263 sed
322 4210 440 4280 junctis,
464 4212 598 4266 sacerdos
628 4213 705 4266 canit
729 4213 900 4280 illationem,
953 4214 1004 4268 sed
1022 4213 1114 4267 visum
1127 4213 1216 4284 ipsius
1231 4210 1378 4266 Eldetonsi
1395 4210 1431 4264 de
1450 4226 1523 4264 novo
1540 4209 1587 4263 illo
1601 4208 1668 4275 ritu,
1683 4224 1769 4279 quem

80 4318 169 4371 quam
187 4302 387 4372 praefationem
408 4305 595 4375 appellamus.
611 4305 735 4360 Hlationi
754 4306 903 4378 subjicitur
953 4323 1094 4378 nusquam
1106 4307 1273 4377 usurpatum
1285 4304 1371 4358 luisse
1383 4302 1524 4357 existimo.
1533 4302 1597 4355 Haec
1608 4300 1697 4354 lusius
1709 4317 1771 4372 per·

79 4395 243 4466 Trisagion,
266 4399 366 4467 postea
387 4398 496 4465 Carion,
518 4399 567 4469 qui
588 4398 618 4453 in
643 4399 786 4470 plerisque
807 4398 901 4453 missis
953 4400 1100 4472 sequenda
1112 4400 1192 4453 luere
1208 4398 1243 4452 de
1257 4397 1386 4468 Liturgia
1398 4393 1582 4461 Hozarabica,
1591 4393 1730 4465 quoniam
1739 4393 1769 4449 id

79 4488 178 4543 varius
189 4493 241 4542 est.
254 4489 437 4546 consecratio
454 4491 601 4562 quondam
615 4492 659 4546 his
674 4492 768 4547 verbis
779 4509 785 4546 :
796 4495 851 4549 Hoc
864 4497 902 4548 est
910 4513 940 4586 D
953 4491 1145 4548 rreccssarium
1170 4491 1283 4544 videtur
1305 4489 1342 4543 ad
1365 4487 1498 4543 notitiam
1522 4488 1685 4555 Gallicanae,
1706 4504 1771 4560 quae

79 4598 178 4653 corpas
194 4598 293 4651 meum,
313 4585 385 4654 quod
398 4600 451 4656 pro
468 4585 543 4640 cobis
558 4586 693 4641 tractetur.
713 4586 781 4650 Quae
796 4586 900 4653 forma,
950 4585 1133 4642 htozarabicae
1147 4583 1242 4638 attinis
1255 4587 1308 4637 est.
1320 4583 1400 4637 Nunc
1411 4580 1446 4637 de
1457 4582 1591 4637 Africana
1602 4581 1768 4637 dicendum.

81 4676 174 4730 veteri
184 4676 381 4732 Ambrosianae
392 4677 558 4745 consimilis,
571 4678 607 4732 ab
618 4679 702 4733 annis
713 4678 903 4751 septingentis
991 4683 1032 4735 13.
1045 4678 1166 4735 lacobus
1180 4695 1196 4732 a
1211 4676 1345 4743 Vitriaco,
1360 4675 1390 4731 in
1404 4675 1478 4731 libro
1492 4675 1527 4731 de
1541 4675 1665 4731 Historia
1678 4675 1771 4731 orien-

82 4769 121 4822 33
136 4768 298 4824 Romanam
313 4769 429 4825 redacta
446 4775 498 4837 est,
516 4770 558 4824 ati
570 4774 599 4825 et
611 4772 704 4827 forma
717 4788 839 4843 sequens
849 4788 901 4844 pro
955 4772 1013 4839 tali,
1030 4771 1182 4843 capitati,
1198 4770 1292 4825 innuit
1312 4769 1499 4837 Christianos,
1516 4769 1565 4841 qui
1585 4769 1615 4824 in
1632 4768 1726 4824 Africa
1742 4771 1772 4823 et

84 4861 143 4915 vini
156 4863 387 4918 consecratione.
402 4864 547 4918 Elevanda
566 4881 676 4919 sacram
695 4865 820 4921 hostiam
837 4865 878 4920 ait
893 4882 900 4920 :
955 4866 1089 4937 Hispania
1101 4882 1151 4919 suo
1168 4868 1309 4935 tempore,
1323 4862 1408 4918 idest
1423 4864 1525 4918 saeculo
1541 4880 1600 4930 aava,
1615 4862 1768 4918 versaban-

82 4957 303 5027 Quotieseumque
326 4958 564 5020 manducaveritis,
588 4959 636 5014 Aac
657 4959 741 5026 (acite
765 4961 794 5012 in
817 4975 903 5014 meam
955 4965 1009 5025 tur,
1032 4959 1186 5016 Mosarabes
1207 4960 1400 5029 nuncupatos,
1427 4956 1531 5011 eadem
1553 4955 1681 5027 Liturgia
1705 4972 1771 5011 usos
1833 5007 1836 5014 ,

81 5052 366 5106 commemorationem.
386 5050 467 5118 Tum,
485 5053 616 5119 Similiter
637 5056 662 5106 et
683 5054 802 5115 calicem,
824 5057 901 5124 post·
954 5052 1050 5107 luisse.
1070 5075 1083 5101 a
1098 5051 1282 5108 constituunt
1299 5053 1408 5117 autem,
1428 5047 1531 5120 inquit,
1550 5049 1771 5104 Sacramentum

81 5159 165 5214 quom
187 5146 312 5207 certauit,
332 5145 421 5199 dican
435 5163 443 5198 :
459 5147 510 5201 Hic
529 5150 567 5200 est
585 5146 659 5200 calta
676 5148 739 5200 novi
752 5148 905 5201 testa-menti
954 5146 1051 5201 altaris
1067 5147 1102 5201 de
1121 5163 1195 5217 pane
1211 5161 1322 5216 azymo,
1339 5142 1586 5215 quamadmodum
1605 5142 1653 5198 alii
1666 5142 1769 5199 Latini

83 5240 110 5291 in
121 5253 180 5293 mee
191 5240 335 5307 sanquine,
350 5240 400 5308 qai
411 5254 464 5309 pro
482 5239 555 5294 uobis
569 5243 595 5294 at
604 5255 655 5310 pro
676 5240 769 5294 mattis
782 5239 901 5310 effande-
954 5241 1090 5296 Sanctam
1101 5243 1198 5294 autem
1208 5237 1393 5293 Eucharistiae
1404 5237 1528 5292 sormam
1540 5235 1659 5308 quidam
1670 5254 1769 5294 eorum

83 5337 136 5395 tur,
152 5334 209 5386 etc.
221 5331 292 5385 Hinc
302 5331 420 5386 calicem
431 5331 518 5386 filiola
529 5349 579 5386 seu
595 5333 718 5387 amiculo
735 5335 903 5404 coopertum
955 5334 984 5388 in
1000 5336 1111 5404 septem
1124 5335 1220 5403 partes
1233 5331 1374 5397 dividunt,
1387 5330 1436 5384 alii
1446 5347 1513 5391 vero
1529 5329 1558 5385 in
1570 5347 1674 5386 novem
1687 5349 1693 5386 ε
1705 5348 1771 5390 cum

83 5424 210 5491 exhibet,
227 5424 336 5494 dicens,
349 5427 565 5496 Quotiescumque
579 5427 708 5490 bibentis,
719 5427 767 5482 troc
779 5428 863 5494 {ante
874 5428 904 5482 in
953 5430 1052 5481 tamen
1062 5427 1192 5482 Romana
1200 5424 1334 5491 Ecclesia,
1344 5423 1428 5478 etalii
1436 5423 1532 5479 eidem
1541 5423 1771 5496 subjecti,ipsam

82 5535 169 5574 auam
191 5522 474 5575 commemorationem.
488 5519 549 5574 Hor
575 5519 680 5574 dicitur
698 5519 790 5575 oratio
814 5522 901 5588 sexta,
954 5519 1162 5574 Eucharistiam
1175 5517 1206 5574 in
1220 5522 1278 5573 tres
1287 5520 1400 5572 tantum
1411 5517 1559 5589 portiones
1571 5518 1742 5590 partiantur.
1755 5537 1770 5566 n
1827 5549 1832 5556 ·

83 5616 184 5671 333313
197 5614 265 5668 Post
278 5611 384 5668 Pridie.
397 5612 507 5668 Deinde
521 5613 654 5669 sacerdos
668 5613 770 5668 dividit
784 5614 903 5670 calicem
954 5614 1059 5667 Verum
1067 5612 1155 5667 alium
1165 5611 1241 5684 apud
1249 5611 1543 5683 AfricanosLiturgiae
1553 5611 1639 5666 ritum
1648 5609 1771 5681 antiqui-

84 5722 132 5762 suo
149 5705 287 5773 amiculo,
301 5705 424 5777 huicque
444 5706 568 5778 imponit
583 5706 707 5761 hostiam
724 5724 844 5775 sacram,
860 5706 903 5760 di·
954 5710 1000 5760 tus
1011 5706 1096 5762 tuisse
1108 5709 1230 5773 constet,
1243 5708 1303 5760 tum
1315 5722 1347 5760 en
1358 5705 1477 5773 Isidoro,
1487 5708 1547 5759 tum
1557 5703 1770 5773 erAugustino.

85 5798 176 5857 cando
191 5799 396 5874 antiphonam,
409 5817 472 5874 quae
486 5800 529 5858 Ad
542 5799 770 5858 corrtractiouem
781 5791 904 5876 appella·
929 5845 932 5852 .
955 5798 1079 5861 isidorus
1090 5801 1195 5879 quippe
1212 5798 1242 5855 in
1254 5799 1303 5857 lib.
1319 5817 1327 5855 1
1340 5799 1376 5858 de
1390 5796 1493 5855 divinis
1505 5794 1621 5866 Oltleiis,
1634 5809 1697 5869 333.
1710 5813 1770 5872 vm,
