3878 6150
127 242 199 299 tots
554 239 734 296 Jusrrnrau
752 240 916 295 NOVELLAE
935 239 1103 296 salacia.
1124 238 1280 329 novatus
1298 240 1375 297 cxx.
1721 212 1805 301 'tort

123 354 183 405 stet
196 348 222 404 ei
235 346 389 405 venerabili
405 345 502 404 domui
519 363 536 402 a
550 362 606 418 qua
617 363 651 402 ea
662 347 723 420 ipsa
736 348 797 404 loca
815 347 941 422 suscipit,
953 360 983 434 Α
993 349 1135 421 conjuncti
1148 354 1223 419 sunt,
1231 354 1294 421 post
1306 349 1432 420 ipsorum
1441 348 1606 404 mortemad
1614 348 1805 408 venerabilem

124 449 156 499 et
177 443 233 498 hoc
250 440 312 497 fieri
332 441 521 497 concedimus.
540 443 641 498 Utatur
659 445 755 498 autem
781 441 941 498 istiusmodi
993 443 1110 499 domum
1122 443 1198 499 unde
1211 459 1271 498 rem
1284 444 1480 514 susceperunt,
1496 442 1646 514 pervenire
1657 443 1802 514 y'ubemus.

123 537 311 608 emphyteuta
330 551 363 591 ex
382 535 481 590 dirutis
506 534 590 592 etiam
613 535 720 591 aedihus
748 535 805 591 illic
819 535 941 591 inventis
990 539 1080 609 Atque
1093 537 1153 592 hace
1167 536 1282 609 quidem
1301 537 1335 591 de
1353 539 1528 591 sacrosancta
1548 536 1655 608 majore
1675 535 1801 607 ecclesia,

125 629 297 685 materiebus
310 644 343 683 ac
354 628 516 684 ruderibus.
537 629 720 685 eatemmsi
742 629 805 700 quis
820 628 941 685 voluerit
990 635 1017 686 et
1031 630 1171 702 praedietis
1186 629 1392 685 venerabilibus
1405 629 1538 686 domibus
1557 629 1586 684 in
1599 630 1679 701 regia
1689 630 1761 686 urbe
1776 633 1805 686 et
1897 622 1902 632 ’

124 737 326 796 quamcunque
341 737 403 777 rem
417 721 591 777 immobilem
605 738 673 776 usus
686 721 802 778 nomine
816 739 832 776 a
844 738 939 777 sacro·
990 725 1051 796 ejus
1071 704 1213 786 territoria
1237 723 1452 779 consistentibus
1470 722 1670 794 disposuimus.
1698 725 1803 780 Conse-

125 820 225 899 sanotq
235 815 321 887 regias
336 815 413 871 urbis
425 816 533 887 majore
541 815 666 885 ecclesia,
675 818 724 870 aut
733 832 789 870 ana
801 831 941 871 memora·
990 821 1110 890 quanter
1128 822 1224 872 autem
1239 822 1267 872 et
1286 816 1315 872 in
1335 817 1396 872 aliis
1416 816 1597 872 saerosanctis
1618 818 1751 888 ecclesiis,
1776 822 1805 875 et

126 908 941 980 tanimvenerabiliumdomuumaccipere,nonaliterhano
989 911 1176 977 monasteriis,
1192 916 1220 966 et
1230 911 1397 979 xenonibus,
1412 915 1440 965 et
1448 910 1629 978 nosocomiis,
1640 927 1672 966 ao
1686 911 1803 983 reliquis

124 1003 265 1075 percipito
284 1002 341 1058 nisi
357 1001 487 1074 protinus
505 1002 624 1058 alteram
645 1018 706 1058 rem
723 1001 878 1058 venerabili
892 1002 941 1058 do·
990 1005 1194 1061 venerabilibus
1209 1004 1339 1060 domibus
1350 1005 1380 1059 in
1390 1004 1522 1060 omnibus
1534 1004 1684 1077 provinciis
1697 1007 1803 1061 nostrae

125 1096 188 1152 mui
198 1113 215 1150 a
225 1112 355 1169 quqeam
365 1112 426 1151 rem
438 1096 563 1168 suscipit,
571 1097 636 1167 jure
646 1095 766 1151 dominii
775 1096 939 1168 prebuerit,
989 1098 1153 1171 reipublice
1164 1098 1271 1170 positis,
1284 1115 1377 1171 neque
1390 1115 1448 1153 non
1461 1097 1547 1154 etiam
1558 1099 1736 1154 monasteriis
1744 1103 1804 1154 tam

124 1207 192 1264 quas
206 1194 235 1246 et
246 1190 424 1246 tantumdem
443 1189 549 1245 reditus
571 1190 682 1260 habeat,
699 1193 839 1262 quantum
856 1190 941 1245 habet
990 1193 1019 1247 in
1035 1192 1104 1248 urbe
1117 1192 1197 1264 regia
1210 1208 1296 1265 quam
1306 1192 1518 1263 territorioejus
1528 1191 1745 1248 consistentibus
1757 1192 1806 1247 de-

125 1301 172 1340 res
186 1300 251 1357 qna
262 1283 305 1338 illi
314 1284 407 1353 datur,
418 1299 510 1356 nequa
523 1284 680 1355 majoribus
690 1283 808 1355 publicis
818 1299 941 1355 praegra-
990 1285 1071 1341 linire
1083 1285 1164 1341 nobis
1178 1286 1270 1340 risum
1286 1290 1338 1341 est.
1354 1285 1511 1341 Licentiam
1534 1285 1624 1357 igitur
1643 1286 1805 1358 prebemus

124 1381 190 1433 vata
202 1377 238 1432 sit
249 1376 484 1449 metationibus,
495 1376 533 1431 ita
544 1382 577 1432 ut
586 1380 649 1448 post
663 1381 796 1444 mortem,
807 1380 856 1432 aut
869 1376 941 1432 illud
990 1379 1134 1451 praedictis
1143 1378 1496 1446 venerabilibusdomibus,
1506 1380 1661 1434 nonsolum
1671 1381 1805 1435 utrarum

124 1477 239 1543 tempus
255 1470 283 1525 in
294 1470 370 1542 quod
383 1486 451 1525 usus
464 1470 539 1525 datio
551 1473 633 1542 pacto
653 1469 792 1537 convenit,
809 1469 884 1542 quod
896 1472 939 1526 ta·
990 1473 1180 1528 immobilium
1187 1472 1223 1528 ad
1231 1488 1260 1527 se
1268 1472 1680 1544 pertinentiumtcmporariam
1686 1473 1805 1545 emphy-
1868 1473 1874 1481 '

125 1581 196 1620 men
208 1563 374 1636 accipientis
387 1564 475 1619 vitam
489 1580 546 1619 non
559 1563 748 1632 transcendat,
759 1566 881 1635 utraque
896 1579 941 1619 ras
989 1565 1093 1621 teusim
1104 1566 1282 1632 contrahant,
1300 1566 1348 1621 sed
1367 1566 1452 1621 etiam
1475 1568 1507 1619 ut
1524 1565 1553 1620 in
1569 1570 1739 1636 perpetuum
1759 1582 1805 1622 eas

125 1659 158 1714 in
170 1658 304 1726 solidum,
315 1663 373 1713 tam
383 1658 565 1729 proprietate,
579 1674 665 1729 quam
674 1657 821 1712 usufructu
831 1657 866 1712 ad
876 1672 941 1712 eam
988 1660 1054 1731 jure
1067 1659 1278 1731 emphyteutico
1295 1659 1408 1714 tradant
1421 1659 1590 1714 volentibus.
1605 1660 1640 1713 Et
1653 1659 1769 1730 quidem
1783 1659 1807 1715 ai

125 1752 317 1807 venerabilem
339 1751 457 1806 domum
476 1750 631 1822 perveniat.
647 1750 808 1806 Locationes
828 1726 1176 1822 quoquesssaorosanctae
1194 1752 1250 1808 sint
1269 1753 1404 1820 ecclesia,
1427 1757 1476 1807 aut
1489 1752 1551 1807 aliae
1567 1753 1743 1808 venerabiles
1755 1753 1806 1809 do·

125 1847 162 1900 ab
176 1845 276 1901 iisdem
289 1845 498 1900 venerabilibus
513 1844 646 1900 domibus
667 1843 797 1899 contrahi
808 1843 940 1900 concedi·
992 1864 1065 1914 mus,
1080 1863 1200 1918 quarum
1215 1846 1452 1917 gubemationcm
1462 1845 1591 1900 locorum
1601 1846 1752 1919 episcopus
1764 1847 1808 1903 rel

125 1956 200 2008 mus,
208 1939 245 1994 ed
257 1942 439 2011 quotcunque
446 1955 535 1993 annos
548 1937 780 1993 contrahentibus
789 1937 940 2009 placuerit,
991 1957 1089 2013 perse,
1105 1940 1148 1994 vel
1165 1956 1216 2011 per
1228 1940 1419 1995 venerabilem
1431 1938 1492 2009 ejus
1506 1938 1613 1994 clerum
1624 1945 1806 2012 exsequatur,

125 2032 175 2104 qui
188 2037 285 2088 tarum
298 2031 417 2104 triginta
430 2047 572 2086 annorum
585 2032 709 2103 spatium
721 2048 781 2087 uon
794 2034 940 2087 transcen·
992 2035 1132 2090 sententia
1143 2050 1175 2088 ac
1188 2049 1325 2088 consensu
1334 2033 1396 2103 ajars
1404 2032 1566 2104 hujusmodi
1575 2037 1733 2087 contractus
1745 2049 1808 2104 par-

125 2126 205 2181 dant.
218 2124 299 2190 Quod
311 2125 335 2179 si
346 2141 397 2179 usu
410 2124 505 2179 veniat
518 2126 551 2179 ut
564 2123 659 2196 aliqua
676 2125 880 2195 praedictarum
891 2142 940 2179 ve·
991 2128 1091 2195 liciter,
1105 2127 1269 2198 jurantibus
1284 2131 1423 2198 praesente
1438 2143 1472 2181 eo
1486 2126 1640 2181 aeconomis
1654 2132 1683 2181 et
1695 2125 1808 2197 dispen-

126 2218 298 2274 nerabilium
308 2217 436 2273 locorum
449 2216 564 2272 nomine
573 2217 752 2288 publicarum
761 2218 943 2274 contributio-
991 2222 1139 2290 satoribus,
1156 2225 1184 2275 et
1193 2220 1370 2275 chartulariis
1386 2220 1552 2275 venerabilis
1565 2220 1625 2291 ejus
1638 2219 1715 2285 cleri,
1730 2220 1808 2291 quod

125 2329 208 2379 num,
223 2315 273 2367 aut
286 2312 321 2367 ob
334 2310 490 2383 quamlibet
504 2311 587 2366 aliam
599 2311 752 2367 venerabili
762 2312 858 2367 domui
869 2312 941 2367 inci·
991 2333 1027 2370 ex
1041 2332 1076 2369 ea
1093 2314 1274 2386 emphyteusi
1288 2314 1362 2369 nihil
1376 2313 1473 2369 damni
1495 2313 1648 2370 venerabili
1670 2313 1808 2369 inferatur

125 2407 243 2462 dentem
257 2404 451 2460 necessitatem
464 2404 592 2475 indigeat
606 2405 744 2476 pecuniis,
759 2405 868 2461 licitum
883 2409 941 2461 esto
992 2409 1098 2465 domui.
1107 2407 1186 2472 Ouod
1199 2408 1223 2463 si
1233 2407 1356 2479 ptochia,
1367 2411 1416 2463 aut
1425 2424 1560 2475 xenones,
1571 2410 1620 2462 aut
1632 2406 1806 2476 nosocomia,

125 2501 213 2572 hujus
226 2496 466 2571 dispensatoribus
487 2498 666 2553 immobilem
685 2515 748 2554 rem
760 2499 897 2571 obligare,
914 2501 943 2555 et
991 2508 1040 2558 aut
1051 2502 1113 2557 aliae
1126 2501 1303 2557 venerabiles
1316 2502 1419 2556 domus
1437 2502 1503 2571 sint,
1517 2517 1581 2572 quae
1596 2501 1741 2573 propriam
1754 2517 1808 2572 gu·

126 2595 156 2649 in
168 2592 287 2664 speciale
299 2592 403 2664 pignus
418 2574 495 2661 dare,
515 2596 546 2646 ut
560 2591 683 2647 creditor
697 2592 787 2663 ipsam
799 2609 861 2648 rem
875 2610 940 2664 pos·
991 2596 1187 2651 bemationcm
1200 2595 1333 2662 habeant,
1349 2593 1491 2666 siquidem
1506 2599 1601 2650 sancta
1610 2594 1649 2649 ihi
1662 2594 1810 2665 contingat

126 2687 227 2756 sideat,
241 2692 270 2743 et
288 2686 356 2741 inde
378 2686 486 2741 fructus
505 2685 626 2757 colligat,
642 2701 745 2757 eosque
762 2686 815 2741 sibi
832 2689 889 2741 tam
911 2687 942 2742 in
992 2705 1052 2744 esse
1078 2689 1208 2756 oratoria,
1231 2688 1370 2743 sententia
1390 2688 1505 2758 majoris
1526 2688 1615 2760 partis
1638 2687 1809 2743 clericorum

125 2782 218 2853 ipsam
234 2780 369 2835 creditam
389 2780 540 2851 pecuniam
560 2783 683 2851 reputet,
702 2795 788 2850 quam
808 2780 894 2835 etiam
911 2781 942 2836 in
991 2782 1048 2837 illic
1062 2781 1294 2849 ministrantium,
1310 2797 1404 2852 nequa
1418 2797 1475 2835 non
1496 2781 1581 2835 etiam
1594 2781 1719 2835 locorum
1731 2780 1807 2835 anti·

126 2890 229 2930 arsuras
243 2890 300 2928 non
314 2873 466 2945 ampliores
479 2872 684 2944 quadrantibus
697 2872 831 2944 legitimae
844 2879 940 2929 cente·
991 2876 1100 2930 stilum.
1114 2875 1141 2930 Si
1155 2874 1333 2930 solummodo
1347 2890 1451 2941 xenon,
1463 2879 1511 2929 aut
1524 2873 1681 2945 ptochium,
1696 2878 1744 2929 aut
1757 2890 1809 2929 no·

125 2969 218 3023 simae.
233 2967 335 3022 sivero
349 2983 387 3021 aas
400 2967 525 3021 alianum
534 2966 769 3038 ejusvenerabilis
780 2967 881 3022 domus
893 2983 942 3022 an·
992 2969 1162 3035 socomium,
1180 2972 1231 3023 aut
1249 2967 1303 3022 alia
1324 2967 1492 3023 venerabilis
1513 2968 1614 3022 domus
1629 2967 1673 3037 sit,
1694 2967 1808 3023 antistes
1878 3012 1883 3017 .

124 3062 206 3117 tistes
228 3060 415 3128 dissolverint,
436 3062 487 3114 aut
507 3059 641 3115 creditori
661 3059 833 3115 satisfactum
851 3060 887 3117 sit
908 3077 941 3148 ⁴3³¹
992 3064 1120 3119 locorum
1128 3065 1303 3118 contractum
1315 3061 1464 3129 celebrato,
1476 3061 1639 3132 jurantibus
1652 3077 1753 3116 samm
1763 3077 1809 3118 re·

124 3154 274 3217 fructibus,
286 3153 426 3209 recurrito
438 3169 472 3208 aa
484 3170 529 3208 res
539 3153 634 3208 denuo
646 3153 881 3210 advenerabilem
896 3155 943 3210 do·
992 3158 1162 3213 necabitium
1186 3156 1338 3211 domorum
1357 3155 1597 3227 dispensatoribus
1613 3155 1643 3210 in
1658 3156 1808 3227 praesentia

124 3264 207 3304 mum
217 3247 333 3302 undeet
345 3247 480 3302 dataluit.
493 3248 686 3302 Verumenim
695 3263 763 3303 vero
776 3248 944 3319 emphyteu·
992 3251 1042 3306 Dei
1055 3249 1240 3305 amantissimi
1265 3248 1399 3320 episcopi,
1421 3265 1438 3302 a
1458 3265 1515 3319 quo
1529 3249 1574 3303 vel
1592 3253 1806 3319 promoventur,

124 3359 181 3410 ses,
192 3345 222 3396 et
233 3340 416 3412 hypothecas,
434 3345 462 3395 et
474 3341 706 3412 quinquennium
719 3341 885 3396 excedentes
898 3341 941 3396 lo·
992 3345 1035 3398 ret
1049 3344 1229 3408 ordinantur,
1244 3341 1321 3413 quod
1335 3341 1408 3396 nihil
1420 3341 1450 3394 in
1466 3357 1500 3395 ea
1514 3343 1657 3395 contractu
1668 3342 1699 3395 sd
1714 3341 1807 3395 laesio-

124 3436 252 3492 cationes
265 3434 394 3490 contrahi
402 3435 542 3500 volumus,
553 3451 569 3487 a
583 3439 758 3489 sacrosancta
771 3435 887 3506 quidem
901 3450 943 3490 re-
991 3453 1060 3491 nem
1071 3443 1120 3490 aut
1131 3433 1421 3505 circumscriptionem
1434 3449 1533 3488 earum
1543 3433 1746 3489 venerabilium
1760 3433 1808 3488 do·

126 3530 182 3603 gioe
200 3528 282 3584 urbis
304 3529 410 3599 majore
436 3528 561 3596 eeclesia,
587 3528 727 3584 sententia
753 3531 782 3583 et
804 3545 943 3583 consensu
993 3546 1092 3585 muum
1107 3529 1164 3584 fiat.
1176 3531 1206 3582 In
1218 3527 1426 3582 venerabilibus
1434 3531 1530 3582 autem
1544 3527 1721 3581 monasteriis
1733 3543 1806 3598 prae-

125 3623 281 3679 beatissimi
294 3622 379 3693 hujus
387 3621 600 3693 'archicpiscopi
613 3626 641 3677 et
652 3622 830 3693 patriarchae,
842 3622 942 3692 jurari·
991 3625 1067 3678 sulas
1084 3638 1183 3677 eorum
1204 3637 1269 3676 earm
1289 3621 1396 3692 majore
1417 3623 1497 3691 parto
1523 3620 1730 3675 monachorum
1751 3621 1807 3677 illic

124 3718 201 3772 tibus
215 3717 276 3788 ipso
289 3719 429 3788 pressante
452 3718 481 3771 et
495 3716 682 3782 chartulariis,
697 3719 726 3772 et
739 3715 785 3771 Dei
805 3716 940 3771 amantis·
991 3715 1148 3771 ministeria
1158 3715 1325 3770 obeuntium
1340 3718 1517 3769 contractum
1526 3713 1806 3786 perficiuntohtqua

123 3810 206 3866 simis
228 3810 289 3881 ejus
310 3814 493 3865 sacrosancta
513 3808 628 3880 majoris
643 3808 766 3865 ecclesias
778 3809 940 3878 oeoanomis,
991 3810 1020 3865 in
1035 3808 1176 3881 predictis
1189 3824 1256 3863 sane
1271 3807 1402 3863 omnibus
1412 3807 1547 3878 jubemus
1566 3811 1598 3863 ut
1615 3824 1680 3863 cum
1698 3808 1808 3879 jureju-

124 3904 230 3978 quasis
242 3906 471 3959 contractusnon
481 3904 516 3959 ad
527 3903 657 3958 fraudem
670 3907 699 3958 et
710 3903 942 3975 circumscriptio
991 3904 1079 3958 raudo
1092 3902 1267 3958 describatur
1285 3902 1316 3957 in
1338 3901 1528 3956 instrumento
1543 3901 1619 3973 quod
1638 3918 1697 3957 non
1709 3902 1745 3957 ad
1760 3903 1807 3957 lai-

123 4015 193 4054 nem
217 3998 278 4068 ejus
293 3997 403 4069 jurium
423 3997 481 4052 liat.
498 3998 527 4051 tn
547 3996 609 4051 aliis
625 4001 720 4052 autem
735 3997 942 4052 venerabilibus
991 3998 1098 4052 sionem
1129 3998 1180 4050 aut
1212 3994 1502 4066 circumscriptionem
1528 3995 1731 4051 venerabilium
1755 3995 1806 4050 do-

123 4090 257 4148 ddmibus
279 4090 421 4162 siquidem
443 4090 607 4145 chartularii
626 4089 692 4159 sint,
711 4090 827 4161 jumnto
844 4090 941 4163 stipsi
991 4107 1090 4145 mnam
1112 4089 1260 4161 negotium
1278 4087 1450 4157 conficiatar,
1464 4093 1492 4144 et
1507 4105 1539 4143 ea
1559 4089 1752 4144 observatione
1766 4090 1806 4145 sie

123 4183 264 4241 consimili
277 4184 510 4256 modopraosente
519 4183 686 4239 venerabilis
695 4184 795 4239 domus
804 4184 939 4240 antistite.
990 4183 1169 4255 procedente,
1184 4182 1318 4236 relevatio
1331 4197 1389 4236 non
1403 4181 1478 4236 ultra
1495 4186 1603 4235 sextam
1617 4181 1725 4235 reditus
1738 4197 1804 4251 par-

123 4280 152 4335 Si
167 4276 331 4333 chartularii
343 4294 402 4332 non
415 4277 483 4343 sint,
498 4277 550 4349 ipsi
562 4277 766 4333 venerabilium
789 4278 940 4332 domorum
989 4281 1050 4331 tem
1062 4275 1120 4345 liat,
1137 4291 1221 4346 quem
1236 4274 1323 4330 resin
1337 4273 1546 4344 emphyteusim
1558 4274 1621 4327 data
1634 4273 1731 4328 habet.

122 4371 264 4428 antistites
277 4370 430 4443 propositis
444 4371 628 4426 sacrosanctis
648 4371 805 4442 Evangeliis
827 4374 938 4426 eontra·
1024 4369 1092 4433 Quae
1105 4384 1171 4422 vero
1183 4368 1218 4421 de
1240 4367 1370 4437 collapsis
1384 4365 1492 4420 adibus
1506 4365 1542 4420 ad
1561 4365 1736 4420 venerabiles
1758 4367 1807 4422 do·

120 4471 201 4521 ctum
216 4464 386 4531 celebranto,
409 4464 599 4520 describentes
614 4464 643 4519 in
665 4464 731 4518 talia
752 4462 1054 4536 instrumentaDmus
1066 4462 1096 4516 in
1110 4461 1164 4515 hac
1177 4460 1257 4532 regia
1267 4458 1663 4531 urbepositaspertinentibus
1674 4460 1805 4531 superius

121 4571 189 4611 cum
205 4552 405 4625 jurejurando,
419 4552 496 4624 quod
509 4556 668 4608 contractus
680 4552 715 4607 ad
736 4551 879 4607 laesionem
891 4557 940 4608 aut
990 4554 1188 4626 disposuimus,
1211 4570 1246 4608 ea
1264 4556 1292 4609 et
1315 4552 1372 4608 illic
1396 4553 1425 4607 in
1444 4552 1652 4607 venerabilibus
1674 4553 1804 4609 domibus

121 4646 698 4719 circumscriptionemvenerahilisdomus
710 4662 766 4701 non
781 4647 839 4701 siat.
851 4645 940 4701 OEco-
990 4648 1117 4704 obtinere
1135 4647 1276 4702 nolumus.
1292 4646 1345 4701 Sed
1367 4649 1394 4701 et
1417 4647 1470 4701 hoo
1489 4646 1523 4702 da
1537 4645 1743 4703 venerabilibus
1756 4647 1806 4703 do·

122 4742 217 4797 nornis
229 4745 315 4810 certe,
328 4745 358 4796 et
367 4740 614 4812 orphanotrophis,
629 4745 658 4794 et
670 4739 843 4812 reliquarum
858 4755 940 4795 vene-
990 4742 1085 4798 minus
1097 4741 1244 4813 disponere
1259 4739 1340 4795 nobis
1353 4740 1444 4795 visum
1458 4743 1509 4809 est,
1531 4743 1565 4794 ut
1585 4740 1608 4794 si
1627 4756 1691 4811 quac
1710 4757 1744 4795 ex
1757 4741 1802 4812 ip-

122 4832 939 4905 rabiliumdomuumdispensatoribus,atqueinsuperom·
989 4836 1038 4904 sis,
1052 4835 1109 4891 sive
1118 4852 1172 4906 pro
1184 4834 1298 4890 tributis
1311 4834 1441 4905 publicis,
1458 4833 1515 4888 sire
1533 4850 1566 4888 ex
1580 4832 1635 4887 alia
1648 4835 1805 4890 necessaria
1891 4850 1895 4861 ¹

121 4928 204 4983 nium
228 4926 418 4993 chartulariis,
444 4931 472 4982 et
495 4927 597 4981 horum
618 4927 782 4999 parentibus
803 4927 886 4982 simul
912 4931 941 4983 et
990 4929 1016 4984 ei
1038 4929 1135 4985 domui
1150 4945 1243 4997 causa,
1258 4928 1360 4984 debitis
1382 4927 1537 4982 reddantur
1552 4925 1690 4993 obnoxiae,
1710 4944 1804 5000 neque

121 5020 229 5088 liberis,
244 5026 272 5075 et
284 5020 346 5075 aliis
366 5020 409 5075 vel
425 5036 529 5092 genere
548 5020 626 5093 ipsis,
648 5021 691 5075 val
707 5021 773 5091 jure
794 5020 938 5076 affinitatis
989 5023 1050 5078 lieri
1064 5023 1152 5094 possit
1164 5026 1198 5077 ut
1211 5039 1246 5077 ax
1265 5020 1416 5076 mobilibus
1432 5018 1518 5074 rebus
1536 5035 1569 5074 ca
1587 5019 1682 5075 debita
1702 5020 1803 5076 dissol-
1912 5092 1917 5099 Ι

119 5115 292 5191 conjunctis,
308 5115 503 5170 interdicimus
521 5131 558 5169 ne
574 5115 784 5187 emphyteuses,
800 5119 850 5170 aut
863 5115 936 5169 loca·
989 5120 1102 5186 vantur,
1117 5115 1210 5188 primo
1228 5115 1343 5187 quidem
1362 5115 1423 5168 loco
1441 5112 1573 5168 creditori
1586 5129 1630 5168 res
1648 5113 1803 5170 immobilis

118 5204 225 5274 tiones,
239 5212 288 5263 erit
304 5208 476 5280 hypothecas
495 5224 592 5264 rerum
609 5207 709 5263 iisdem
731 5208 940 5264 venerabilibus
990 5211 1020 5266 in
1034 5209 1152 5282 speciale
1165 5209 1268 5280 pignus
1284 5206 1376 5272 dator,
1396 5210 1428 5262 ut
1439 5205 1562 5262 collectis
1579 5207 1640 5278 ejus
1653 5207 1800 5278 fmctibus,

120 5301 254 5359 domibus
268 5302 504 5373 competentium,
517 5302 560 5357 vel
571 5317 624 5374 per
638 5318 677 5370 se,
696 5301 739 5357 vel
752 5318 805 5372 per
817 5301 940 5373 interpo
990 5308 1104 5375 reputet
1115 5319 1161 5358 eos
1175 5302 1228 5357 sibi
1240 5301 1343 5372 partim
1356 5301 1384 5355 in
1397 5300 1487 5371 ipsam
1500 5300 1634 5356 creditam
1642 5303 1801 5373 pecuniam,

120 5397 208 5453 sitam
228 5412 380 5466 personam
398 5396 557 5467 percipiant
574 5395 710 5450 :scituris
730 5394 797 5466 ipsis
817 5395 892 5467 quod
916 5395 940 5450 si
991 5397 1093 5469 partim
1107 5396 1137 5450 in
1144 5409 1309 5450 usurasnon
1321 5393 1442 5465 majores
1453 5393 1659 5465 quadrantibus
1666 5394 1802 5465 legitimae

121 5489 193 5561 quid
208 5489 269 5559 ejus
284 5488 396 5561 generis
410 5488 514 5544 factum
529 5489 575 5556 sit,
592 5505 649 5543 non
664 5488 755 5543 solum
770 5488 825 5542 hoc
838 5487 937 5543 invali-
989 5489 1161 5545 centesimas.
1177 5488 1248 5544 Sica
1261 5486 1639 5543 mododcbitumdissolvere
1648 5490 1800 5557 nequeant,

120 5581 409 5652 dumemt,sedetiam
418 5581 937 5654 universumpatn'moniumipsorum,
986 5583 1120 5656 jubemus
1139 5587 1170 5636 ut
1188 5581 1224 5636 ab
1243 5581 1288 5636 his
1304 5581 1421 5654 quidem
1440 5582 1524 5652 quia
1548 5578 1730 5634 sanctissimis
1752 5596 1800 5634 or·

120 5683 183 5732 tam
196 5677 396 5747 accipientium
412 5693 497 5748 quam
512 5692 733 5745 ceconomorum,
750 5679 777 5730 ct
791 5675 938 5731 chartula·
990 5677 1124 5733 dinantur
1136 5675 1311 5748 patriarchis,
1327 5676 1384 5731 sive
1397 5671 1615 5744 metropolitani,
1630 5671 1687 5726 sive
1697 5672 1802 5743 episco-

119 5770 243 5841 riorum,
259 5775 287 5827 et
301 5769 536 5843 dispensatorum,
550 5769 653 5844 quibus
668 5769 699 5826 hi
711 5768 847 5842 predicto
856 5769 940 5828 modo
991 5771 1030 5842 pi,
1052 5769 1110 5828 sire
1133 5768 1363 5828 archimandrite
1375 5766 1492 5837 luerim,
1505 5765 1565 5825 siae
1575 5765 1803 5840 orphanotrophi
