3884 6150
366 549 818 691 urssnnu
893 547 1463 690 aerumma

649 945 1192 1029 GOTHICOGALLIGANUM.

153 1238 197 1292 ιιι.
213 1253 286 1294 onoo
306 1254 393 1295 iussa
412 1255 439 1297 ιι
459 1256 558 1296 rreuu
578 1257 688 1298 sirmis
708 1258 814 1299 oonrsr.
898 1259 927 1330 Α
1227 1239 1286 1289 Post
1302 1238 1463 1303 mysterium.

292 1341 447 1392 eorrectio·
472 1345 532 1407 post
555 1343 671 1394 nomina,
975 1327 1039 1381 llaec
1063 1325 1191 1394 iacimus,
1214 1324 1331 1379 Domine
1349 1328 1443 1379 sancte
1459 1326 1546 1401 ‚Pater
1564 1322 1754 1395 omnipotens,

111 1421 208 1498 188
220 1426 305 1481 Grata
319 1426 370 1481 tibi
384 1427 428 1498 sil,
443 1429 571 1499 Domine,
587 1446 761 1502 quaesumus,
775 1430 888 1486 hodier.
940 1422 1045 1473 aeterne
1059 1420 1142 1488 Deus,
1157 1423 1409 1473 commemorantes
1424 1422 1453 1474 et
1466 1416 1641 1472 celebrantes
1653 1415 1758 1471 Passio·

74 1532 119 1570 Μ
133 1517 291 1574 festivitatis
309 1520 412 1576 oblatio
421 1539 430 1590 ;
449 1526 491 1591 ut,
505 1526 553 1577 tua
570 1524 661 1595 gratia
678 1523 825 1595 largiente,
840 1541 891 1597 per
940 1528 1007 1566 nem
1023 1512 1101 1566 unici
1124 1512 1185 1566 Filii
1207 1512 1250 1567 tui
1261 1514 1327 1567 lesu
1346 1511 1448 1567 Christi
1465 1510 1579 1566 Domini
1592 1509 1691 1565 nostri.
1704 1510 1758 1574 Qui

74 1609 136 1664 haec
146 1616 321 1668 sacrosancta
331 1615 502 1670 commercia
515 1615 544 1669 in
559 1615 635 1671 illius
644 1616 889 1674 inveniamurfor·
940 1610 1035 1660 tecum
1049 1605 1118 1661 Villi
1135 1608 1163 1661 0¹
1184 1610 1285 1677 regnat
1297 1622 1362 1660 cum
1381 1605 1488 1677 Spiritu
1506 1610 1601 1661 sancto
1612 1603 1643 1659 5¹¹
1656 1603 1758 1659 ³ae⁰¹¹¹⁸

74 1721 130 1772 ma,
143 1705 173 1759 in
187 1722 245 1778 quo
259 1711 354 1761 tecum
375 1712 417 1763 est
435 1712 531 1763 nostro
550 1710 717 1765 substantia.
742 1710 891 1783 Spiritibns
940 1700 1122 1754 s&culmum-

75 1814 186 1870 qaoque
208 1815 340 1854 carorum
370 1806 533 1857 nostrorum
555 1803 658 1874 tribue,
673 1808 706 1859 ut
726 1803 891 1859 mortalibus
1142 1802 1208 1851 Ante
1221 1800 1365 1851 orationem
1384 1798 1555 1850 Dominicom.

73 1892 213 1963 segregati
231 1892 359 1963 coetibus,
373 1894 474 1950 litteris
491 1902 657 1952 mereantur
675 1897 812 1953 conscribi
834 1915 889 1952 cre-
977 1885 1024 1940 His
1036 1885 1165 1957 precibus
1179 1890 1217 1956 ie,
1234 1887 1306 1941 ⁰⁸⁰⁸
1325 1888 1406 1942 Pater
1419 1885 1607 1956 omnipotens,
1622 1884 1757 1957 depleca·

71 1984 197 2040 lestibus.
212 1987 317 2041 Praesta
330 2004 381 2061 pep
394 1988 543 2045 [lominum
553 1994 683 2046 nostrum
695 1992 790 2047 lesum
800 1991 891 2048 chris.
941 1995 1016 2049 mur,
1028 1979 1130 2051 quibus
1140 1997 1191 2035 nos
1201 1981 1335 2035 Dominus
1344 1981 1527 2036 noslrrlesus
1537 1977 1664 2034 Christus
1673 1977 1759 2033 Filius

74 2081 136 2133 tum
149 2078 255 2134 Filium
269 2085 363 2149 tuum,
377 2081 425 2154 qul
438 2086 533 2139 tecum
546 2083 601 2141 viv,
618 2084 694 2140 dom,
941 2079 1007 2128 tuus
1019 2089 1099 2128 orare
1114 2072 1259 2146 praecepit,
1275 2074 1370 2130 dicens
1385 2092 1391 2128 :
1407 2075 1488 2128 Pater
1504 2076 1613 2129 noster.

341 2189 466 2240 collectio
481 2190 514 2240 ad
528 2204 630 2255 pacem,
1143 2176 1203 2225 Post
1220 2175 1364 2226 orationem
1382 2174 1553 2233 Dominicam.

108 2271 149 2326 Da
169 2271 261 2342 nobis,
280 2290 454 2346 quaesumus,
475 2275 600 2346 Domine,
616 2281 648 2331 ut
667 2276 738 2331 sicut
751 2275 893 2331 adoranda
978 2269 1077 2324 Libera
1091 2285 1142 2325 nos
1155 2287 1172 2324 a
1185 2271 1269 2341 male,
1282 2269 1460 2342 omnipotens
1472 2269 1555 2338 Deus,
1571 2271 1600 2322 et
1612 2265 1759 2329 custodiit

73 2363 136 2419 lilii
147 2364 189 2420 tui
204 2367 332 2423 natalitia
344 2367 521 2436 celebraturi,
535 2369 570 2424 ab
582 2368 725 2425 hodiernis
739 2369 842 2441 vigiliis
862 2368 892 2424 in
941 2363 1026 2418 bono.
1041 2364 1149 2419 Evacua
1163 2380 1215 2419 uos
1231 2364 1312 2434 vitiis,
1326 2369 1354 2419 et
1366 2364 1444 2435 reple
1458 2361 1608 2417 virtutibus
1616 2379 1625 2431 3
1643 2365 1671 2417 et
1685 2360 1758 2414 bom

73 2458 247 2516 confessione
268 2461 309 2516 tui
333 2463 457 2518 nominis
476 2463 684 2535 proevenlmus3
699 2464 738 2518 sie
751 2464 812 2535 ejus
826 2479 891 2518 mu-
942 2457 1024 2511 nohis
1037 2461 1093 2512 tarn
1108 2459 1259 2529 praesentia
1272 2475 1359 2530 quam
1372 2452 1478 2513 aeterna
1492 2455 1624 2511 concede.
1638 2456 1692 2511 Per
1704 2453 1759 2510 Do·

72 2567 142 2608 nere
171 2554 316 2627 capiamus
343 2557 561 2629 sempiternum.
580 2559 613 2612 Et
632 2557 754 2628 dirigere
774 2556 892 2627 dignare
942 2552 1053 2606 minum
1066 2557 1196 2607 nostrum
1210 2553 1307 2607 lesum
1320 2551 1422 2607 Filium
1437 2555 1529 2605 tuum.

73 2646 210 2719 angelum
223 2649 310 2719 pacis,
325 2650 374 2722 qui
387 2651 481 2706 oscula
493 2655 589 2706 nostra
598 2650 677 2723 puris
687 2650 816 2705 sensibus
829 2638 929 2709 inii-B
1218 2653 1369 2703 Benedictio
1381 2651 1481 2717 populi.

73 2745 143 2811 gata
154 2748 303 2799 connectat
319 2762 325 2799 :
339 2761 447 2816 nosque
457 2745 507 2800 tibi
520 2745 555 2799 ab
569 2744 701 2799 omnibus
711 2747 892 2816 pcccatorum
912 2747 915 2752 “
977 2739 1059 2807 Deus,
1073 2738 1122 2809 qui
1136 2738 1289 2792 adventum
1303 2742 1360 2793 ture
1384 2735 1536 2808 majestatis
1560 2750 1613 2807 per
1625 2734 1760 2805 angelum

73 2835 193 2889 merulis
218 2844 389 2909 expurgatos
405 2838 551 2910 adjungat.
571 2840 625 2893 Per
646 2843 818 2893 coaeternum
841 2836 891 2891 tibi
942 2831 1129 2901 Gabrihelem,
1144 2830 1224 2904 prius
1237 2848 1324 2904 quam
1342 2830 1537 2900 descenderes,
1551 2828 1685 2884 nuntiare
1696 2828 1759 2899 Jus-

71 2927 170 2982 Jesum
184 2929 327 2987 Christum
341 2930 444 2986 Filium
459 2936 541 2987 tuum
553 2932 706 2988 Dominum
716 2935 856 2987 nostruin.
943 2925 1012 2981 sisti.
1025 2927 1127 2980 Amen.

354 3030 500 3082 immolatio
513 3031 613 3082 misem.
978 3019 1031 3085 Qui
1043 3019 1101 3074 sine
1112 3017 1193 3074 initio
1206 3019 1396 3091 sempiternus
1407 3034 1447 3088 cs,
1460 3021 1550 3072 terras
1560 3016 1704 3073 illustrare
1710 3032 1763 3088 per

110 3112 236 3186 Dignum
245 3118 273 3169 et
282 3115 393 3186 justum
408 3122 460 3172 est.
473 3119 544 3172 Vere
558 3116 679 3189 dignum
692 3122 721 3173 et
728 3117 840 3188 justum
853 3120 894 3172 est
944 3113 1103 3193 Virginem,
1138 3116 1242 3168 tartara
1268 3112 1362 3169 lavare
1387 3111 1510 3184 digncsti
1547 3127 1600 3182 per
1637 3126 1761 3167 crucem.

73 3222 130 3263 nos
145 3206 196 3261 tibi
216 3207 319 3280 gratias
337 3226 432 3281 agere,
447 3210 564 3266 Domine
579 3215 685 3282 sancto,
701 3212 783 3266 Pater
801 3210 892 3266 omni·
944 3210 1045 3263 tmen.

74 3299 188 3369 potens,
202 3302 308 3352 aeternc
320 3298 405 3366 Deus,
419 3300 539 3354 amanda
560 3300 662 3371 pietas,
677 3300 826 3356 tremenda
838 3299 894 3355 rir-
980 3304 1094 3370 Praesta,
1109 3305 1141 3356 ut
1155 3301 1200 3355 hic
1215 3299 1337 3372 populus
1347 3303 1414 3354 tuus
1426 3299 1455 3354 in
1465 3297 1614 3370 preceptis
1627 3297 1761 3353 obedien·

73 3395 134 3458 tus,
145 3390 303 3446 veneranda
312 3393 453 3463 maJestas.
464 3393 517 3457 Qui
528 3394 599 3449 hanc
610 3400 723 3449 noctem
735 3400 894 3465 venturam,
945 3399 988 3451 ter
999 3395 1157 3464 ambulans,
1170 3394 1242 3449 sicut
1254 3398 1296 3448 est
1308 3397 1404 3464 partus
1416 3391 1539 3463 Virginis
1550 3391 1711 3463 singularis,
1724 3390 1764 3447 ita

76 3488 138 3539 toto
147 3483 426 3555 orhejvenerandam,
442 3486 576 3541 caelorum
589 3488 789 3559 gratulatione,
802 3493 829 3544 et
842 3491 896 3543 ter·
946 3489 986 3544 cis
1005 3487 1234 3543 benedictionum
1253 3489 1367 3541 tuarum
1381 3486 1440 3540 veri
1451 3484 1568 3540 luminis
1581 3483 1703 3539 imbrem
1716 3484 1761 3540 in·

76 3594 177 3633 rarum
194 3580 434 3649 remuneratione,
451 3580 578 3652 angelica
596 3581 768 3636 exrrltrrtione
783 3579 894 3636 ditasti:
945 3581 1057 3637 fundas.
1073 3583 1174 3636 Amen.

77 3675 112 3727 ut
132 3677 263 3728 nascente
291 3672 424 3728 incarne
446 3674 564 3730 Domino
582 3679 678 3729 nostro
701 3675 765 3729 lesu
784 3673 896 3729 Christo
983 3676 1016 3730 Et
1042 3674 1233 3730 tentationum
1261 3673 1387 3741 insidias,
1406 3673 1450 3729 rel
1469 3672 1582 3728 aculeos
1604 3674 1762 3744 tentatoris,

77 3765 149 3822 Filio
164 3770 223 3836 tuo,
238 3766 384 3838 superiora
403 3767 509 3838 pariter
525 3772 553 3823 et
571 3767 706 3822 interiora
728 3766 896 3838 gauderent.
947 3768 1120 3842 spiritalibus
1136 3767 1222 3823 amnis
1242 3767 1390 3836 accinctus,
1404 3766 1557 3822 adversarii
1577 3770 1763 3836 tentamenta,

77 3860 178 3932 Aspice
191 3877 268 3915 nunc
282 3860 422 3915 familiam
442 3861 494 3915 tibi
512 3860 681 3933 supplicem,
695 3877 830 3916 conserva
844 3877 896 3932 po·
948 3867 976 3919 et
987 3863 1134 3935 presentis
1147 3862 1211 3917 vitre
1221 3860 1377 3917 inlecebras
1391 3861 1483 3916 intuo
1496 3860 1766 3917 nominefaciassn·

45 3988 53 3995 -
78 3954 180 4027 pulum
192 3953 248 4009 tuis
259 3954 390 4009 laudibus
403 3961 642 4027 personnantem;
664 3959 692 4010 et
709 3962 896 4028 superventu·
947 3973 1056 4029 perere.
1080 3960 1180 4012 Amen.

78 4047 148 4102 raeb
174 4047 264 4103 noctis
280 4044 376 4120 189
398 4049 569 4105 solemnitati
582 4049 621 4104 ita
639 4049 789 4121 pervigiles
800 4049 896 4119 redde,
983 4053 1017 4106 Et
1042 4051 1142 4123 primm
1167 4049 1331 4117 nativitatis,
1352 4053 1380 4105 et
1390 4048 1521 4104 secundos
1541 4049 1767 4120 regenerationis

79 4145 112 4195 ut
123 4141 243 4196 sinceris
257 4141 401 4197 mentibus
414 4142 526 4197 Domini
534 4143 622 4198 nostri
632 4143 778 4215 percipere
790 4160 898 4200 merea·
946 4148 1098 4202 Auctorem
1112 4161 1195 4200 suum
1207 4143 1296 4199 sciant
1311 4159 1370 4198 esse
1390 4143 1465 4214 quod
1482 4146 1583 4197 natum
1597 4146 1639 4197 est
1654 4159 1661 4196 z
1679 4157 1765 4215 seque

79 4249 147 4289 mur
167 4234 294 4290 Natalem
312 4241 474 4292 venturum.
490 4237 521 4290 ln
538 4253 595 4308 quo
614 4236 762 4292 invisibilis
782 4256 816 4294 ex
831 4238 897 4293 sub·
948 4240 999 4296 tibi
1012 4240 1173 4311 intelligant
1185 4238 1286 4293 dcberc
1298 4237 1374 4309 quod
1389 4240 1518 4291 sanctum
1528 4239 1580 4290 cst.
1592 4238 1694 4291 Arnen.

79 4327 255 4399 stantiataa,
272 4328 389 4385 risibilis
406 4345 587 4403 porcensem
603 4331 736 4403 apparuit
753 4332 783 4386 in
802 4336 899 4387 nostra
983 4334 1064 4399 Quod
1081 4334 1141 4405 ipse
1161 4337 1295 4403 praestare
1316 4329 1440 4402 digneris
1461 4345 1468 4383 :
1487 4328 1537 4400 qui
1557 4345 1624 4383 cum
1637 4331 1718 4385 Patre
1738 4335 1767 4385 et

78 4426 231 4494 tecumque
244 4439 330 4494 unus,
352 4441 409 4480 nou
431 4430 559 4497 tempore
579 4425 700 4495 genitus,
721 4441 779 4480 non
797 4429 899 4480 natura
949 4428 1054 4501 Spiritu
1066 4430 1162 4481 sancto
1175 4425 1244 4480 rivis
1259 4428 1287 4480 et
1300 4440 1361 4494 reg.

79 4514 208 4583 interior,
222 4515 258 4571 ad
279 4533 332 4571 nos
350 4517 427 4573 venit
441 4535 475 4574 ox
494 4528 622 4591 tempore
642 4523 736 4574 natus.
755 4519 808 4573 Per
818 4517 899 4590 cujus
1211 4523 1505 4577 postcommunionem.

79 4607 257 4665 nativitatem
283 4609 460 4683 indulgentia
485 4613 639 4668 criminum
666 4611 845 4681 conceditur,
872 4619 901 4668 et
986 4612 1082 4688 180
1094 4612 1204 4669 Caelesti
1221 4611 1283 4667 cibo
1292 4615 1418 4684 potuque
1428 4609 1565 4681 roborati,
1580 4613 1768 4684 omnipotenti

80 4703 250 4758 resurrectio
269 4720 327 4759 non
345 4709 479 4776 negatur.
496 4705 593 4761 llerito
607 4706 702 4778 itaque
716 4705 808 4760 omnis
822 4710 900 4761 terra
948 4712 1005 4766 Deo
1018 4708 1115 4764 leudes
1137 4712 1164 4762 et
1185 4706 1298 4778 gratias,
1313 4705 1414 4760 tratres
1433 4704 1581 4778 carissimi,
1600 4706 1766 4777 reseramus,

80 4794 181 4851 adorat
193 4798 230 4866 te,
245 4800 274 4852 et
286 4798 437 4854 confitetur
449 4799 512 4854 tibi.
526 4799 621 4855 Sedet
635 4799 698 4854 cali
711 4800 856 4870 caelorum,
872 4804 900 4856 et
949 4807 1105 4876 poscentes,
1121 4806 1154 4856 ut
1166 4817 1227 4870 nos,
1242 4816 1313 4873 quos
1327 4798 1429 4871 dignos
1441 4798 1541 4855 habuit
1554 4800 1768 4872 participatione

81 4888 218 4961 angelicos
239 4894 392 4962 potestates
411 4909 470 4948 non
493 4896 602 4949 cessant
619 4894 734 4950 laudare
753 4894 897 4950 dicentes:
950 4896 1075 4969 corporis
1086 4900 1116 4952 et
1127 4893 1273 4967 sanguinis
1284 4893 1397 4948 Domini
1410 4892 1498 4948 nostri
1509 4894 1574 4949 lesu
1582 4892 1688 4948 Christi
1699 4895 1767 4951 Uni·

81 4981 209 5055 Sanctus,
224 4983 352 5056 Sanctus,
367 4986 495 5043 Sanctus.
951 4991 1041 5063 geniti
1055 4991 1108 5061 sui,
1122 4989 1223 5061 dignos
1240 4987 1325 5042 etiam
1341 4987 1446 5043 coelesti
1459 4986 1688 5043 remuneratione
1701 5005 1768 5061 per·

317 5092 440 5145 collectio
459 5097 519 5158 post
544 5094 666 5146 Sanctus.
950 5090 1072 5141 censeat.
1087 5086 1140 5140 Per
1155 5083 1249 5155 ipsum
1263 5082 1418 5137 Dominum
1436 5085 1566 5136 nostrum
1579 5083 1674 5138 lesum
1686 5083 1768 5140 Chri·

71 5168 94 5213 (
119 5174 189 5231 Vere
208 5177 340 5248 Sanctus,
367 5195 432 5236 rere
459 5180 624 5237 benedictus
649 5180 783 5237 Dominus
803 5183 902 5236 noster
950 5185 1025 5236 stum
1040 5179 1142 5234 Filium
1156 5195 1250 5233 suum.

83 5270 162 5326 lesus
181 5271 309 5327 Christus
331 5273 417 5328 Filius
436 5278 512 5344 tuus,
532 5291 651 5330 manens
664 5274 693 5329 in
706 5274 791 5344 omlis,
806 5274 900 5329 mani·
1222 5269 1346 5320 00110⁰¹i0
1371 5267 1496 5333 st‘luitur-

84 5363 244 5421 testatusin
259 5367 342 5422 terris
357 5379 379 5423 ι.
395 5369 456 5439 lpse
470 5368 546 5424 enim
559 5368 650 5441 pridie
665 5384 750 5440 quam
764 5371 821 5439 pat.
910 5387 941 5461 D
986 5355 1336 5430 0¹10d⁰r⁰³1¹¹¹¹l³⁵im¹¹³s
1360 5354 1493 5425 D⁰ffli¹¹02
1514 5356 1659 5414 mentitum
1675 5356 1769 5430 capii·

119 5519 131 5549 ⁶
164 5506 272 5565 Desunt
296 5507 342 5565 hic
366 5508 395 5566 in
420 5511 505 5566 missa
533 5511 637 5584 vigilios
660 5509 763 5564 Natalis
791 5508 903 5565 Domini
954 5502 1075 5571 Domini,
1091 5517 1176 5582 quem
1187 5499 1302 5555 titulum
1316 5498 1435 5581 proinde
1451 5499 1654 5581 supplevimus.
1718 5570 1724 5583 Ι

85 5578 216 5637 Praelatio
223 5596 274 5636 seu
285 5581 445 5637 adhortatio
454 5583 489 5638 ad
502 5583 616 5638 missam
627 5583 679 5637 rite
692 5580 902 5650 celebrandam,
988 5587 1000 5615 ⁰
1029 5577 1211 5628 Brevissimus
1232 5573 1328 5626 Canon
1347 5586 1378 5625 111
1398 5570 1530 5626 omnibus
1546 5587 1640 5650 ιιιιεειεΙ
1656 5570 1770 5627 Gallica·

84 5656 113 5708 et
126 5652 261 5709 collectio
272 5657 340 5708 ante
351 5653 513 5727 Epistolam,
529 5660 559 5711 ut
573 5672 608 5711 ex
622 5654 685 5709 aliis
699 5651 790 5708 missis
802 5652 905 5709 intelli·
953 5645 1008 5717 nia,
1028 5645 1121 5700 vatim
1140 5660 1192 5716 pro
1212 5642 1297 5697 latiis
1318 5641 1426 5709 diebus,
1445 5645 1479 5699 ut
1492 5641 1616 5697 diximus
1632 5656 1662 5695 rn
1681 5643 1731 5699 lib.
1748 5658 1768 5722 1,

85 5724 164 5798 gitur
954 5731 1015 5791 cap.
1030 5719 1056 5788 5,
1071 5733 1152 5776 nuni.
1168 5715 1200 5774 ιι
1214 5720 1242 5772 et
1255 5731 1335 5788 seqq.

119 5796 135 5839 t
159 5766 231 5855 ilinc
243 5800 323 5871 patet
340 5797 414 5855 hanc
434 5799 548 5855 missam
570 5813 630 5854 esse
643 5798 677 5854 de
690 5795 787 5870 vigilia
800 5794 905 5855 Natalis
