3884 6150
183 266 232 329 dit
570 268 736 327 APPENDIX
755 267 799 323 ΑΙ)
818 267 929 325 OPERA
948 266 1065 325 sancit
1082 267 1233 325 GERMANI
1251 267 1465 326 Paulsluusls.
1814 269 1866 328 348

180 394 234 454 pro
247 377 349 453 gratie
366 379 524 454 Implentur
538 396 607 451 ergo
623 378 724 435 omnia
735 375 879 445 laudibus,
894 376 1037 464 caelump
1063 379 1130 435 vlu.
1150 395 1213 436 1rau
1232 393 1331 436 omno
1351 394 1379 436 ur
1398 393 1479 436 nors
1501 391 1589 437 uocrx
1608 391 1719 436 narsus
1739 392 1849 438 nomm.

181 478 210 530 et
223 475 395 564 terrasignis
405 478 434 531 et
445 474 598 548 prodigiis,
611 476 640 529 et
652 473 713 546 ipse
722 472 828 529 interni
839 472 997 529 terroribus
1081 484 1118 538 Te
1145 499 1272 551 oramus,
1301 481 1421 538 Domine
1443 484 1540 538 sancte
1562 484 1647 538 Pater
1669 481 1868 555 omnipotens,

181 572 339 630 descendit.
350 577 404 630 Per
416 575 508 646 ipsum
519 572 654 628 inimicus
666 571 815 639 occiditur,
826 569 996 626 resurrectio
1047 585 1153 637 meme
1168 582 1253 650 neus,
1267 581 1297 636 jn
1310 581 1363 636 hac
1385 583 1470 636 noete
1492 578 1602 636 Natalis
1613 579 1674 636 Filii
1686 579 1743 658 pui3
1760 581 1868 636 noctis.

181 668 210 724 in
226 687 311 724 carne
335 670 521 735 monstratur,
544 665 618 721 liber
632 665 696 721 vitas
708 664 845 738 perennis
858 662 995 736 aperitur.
1046 691 1104 746 que
1118 675 1222 731 medjae
1232 678 1363 748 tempore
1384 675 1434 730 fibi
1446 674 1628 744 adsistentes,
1644 690 1821 746 (mmmm,
1838 679 1870 731 ut

179 764 334 820 Veniamus
349 777 418 832 ergo
439 761 477 816 ad
491 777 558 816 eum
571 776 683 828 omnes,
699 759 747 831 qui
765 758 877 814 onerati
897 774 997 813 sumus
1046 768 1119 824 sicut
1133 768 1272 842 separasti
1284 771 1378 825 luggm
1400 786 1418 825 a
1439 768 1567 827 tenebris
1569 809 1868 825 ,,,,,,,,,,,

180 856 313 930 peccatis,
336 855 404 927 quia
417 854 521 927 jugum
545 854 606 925 ejus
626 855 768 921 sanctum,
790 868 885 920 suave,
902 851 997 922 adque
1048 903 1171 918 ,,,,,
1191 866 1227 919 pp
1238 864 1281 918 pic
1293 864 1390 920 degum
1400 863 1483 931 forsa,

180 950 322 1021 onuscjus
334 950 394 1004 leve
409 951 461 1004 est.
481 950 572 1003 Nemo
587 946 725 1002 formidet
741 948 785 1001 vel
799 945 919 1001 dubitet.
933 945 996 1000 Non
1209 967 1251 1021 lx·
1266 982 1301 1022 A„
1321 982 1473 1023 mmm,
1488 979 1500 1008 c
1516 980 1689 1024 mmmmm

180 1047 330 1105 taurorum
339 1045 388 1097 aut
396 1042 542 1096 hircorum
550 1039 826 1112 sanguisexpetitur,
834 1038 919 1094 sedin
931 1037 997 1093 sim·
1048 1086 1868 1101 ............................

180 1137 306 1209 plicitate
316 1135 412 1210 337
428 1134 522 1190 cordis
534 1133 705 1191 sacrificium
719 1132 812 1188 laudis
825 1133 995 1204 postulatur.

180 1231 244 1287 llaec
261 1247 331 1302 ergo
344 1231 419 1285 Deus
434 1229 464 1283 in
478 1228 570 1296 nobis,
587 1228 624 1283 ad
638 1228 771 1283 nationes
784 1225 935 1281 nationum
949 1242 994 1281 ce·

180 1324 403 1381 lebratissimam
426 1325 552 1389 noctem,
570 1321 600 1376 id
614 1325 658 1376 est
670 1321 853 1376 Nativitatem
866 1319 928 1374 Filii
941 1319 995 1387 sui,

180 1420 352 1492 propitiatus
367 1418 450 1474 nobis
464 1417 614 1491 indulgeat
626 1434 633 1485 ;
648 1416 807 1472 sanctificet
819 1414 974 1470 Ecclesiam
987 1431 994 1483 ;

181 1513 304 1569 aedificet
316 1513 521 1579 sacerdotes¹3
537 1513 642 1567 exaltet
651 1511 794 1578 seniores,
809 1509 942 1564 inlustret
954 1508 995 1562 le·
1019 1523 1028 1538 ⁸

179 1607 265 1675 vitas;
282 1607 435 1662 benedicat
456 1607 594 1677 populum
619 1620 717 1671 suum;
732 1602 881 1674 extinguat
897 1600 996 1657 omnia

180 1704 299 1773 peccata
311 1705 408 1759 nostra
421 1718 427 1766 ;
442 1700 531 1755 vitam
547 1701 685 1755 aternam
696 1712 917 1768 consequamur.
931 1696 994 1750 Per.

415 1793 540 1843 collectio
561 1806 632 1842 nunc
648 1791 765 1856 sequitur

215 1865 376 1922 Sublimem
386 1864 539 1921 ineffabilis
553 1863 715 1920 clementiae
728 1863 881 1918 ltcctorom
893 1858 996 1916 annuis

180 1959 434 2032 supplicationibus
446 1959 476 2013 in
493 1959 546 2015 hac
559 1958 722 2030 vespertina
732 1973 827 2028 prece,
840 1956 943 2009 iratres
956 1953 996 2008 di·

179 2053 335 2121 lectissimi,
348 2052 435 2108 unitis
446 2052 551 2108 animis
562 2052 761 2124 deprecemur,
774 2054 804 2105 ut
813 2049 896 2104 nobis
906 2051 998 2103 traus-

181 2148 238 2203 acti
265 2146 405 2218 temporis
430 2147 568 2202 hactenus
589 2145 686 2200 debita
717 2145 820 2213 donet,
841 2158 995 2215 superven-

157 2297 160 2305 ,
179 2244 252 2297 turae
269 2241 361 2297 noctis
378 2240 603 2296 sollemnitatem
617 2239 724 2294 Natalis
738 2237 800 2294 Filii
818 2237 862 2291 sui
882 2251 998 2308 prospe-

181 2350 245 2390 ram
259 2337 385 2406 praestet,
398 2334 542 2389 assiduam
557 2333 644 2389 futuri
658 2332 750 2388 annib
764 2330 924 2387 custodiam
935 2329 998 2383 red·

181 2426 241 2496 dat,
257 2427 295 2482 ad
309 2430 426 2482 veterum
439 2427 502 2482 vitae
512 2427 618 2498 gaudia
628 2426 748 2498 spiritali
765 2423 934 2480 defensione
945 2439 997 2477 nos

180 2520 320 2592 perducat
333 2523 460 2577 orantes.
477 2523 532 2576 Per
544 2520 714 2575 Dominum.

461 2612 586 2664 collectio
593 2612 717 2677 sequitur.

217 2687 295 2758 Rege
312 2702 374 2754 nos,
388 2685 520 2753 Domine,
537 2685 654 2740 brachio
678 2688 728 2738 tuo
744 2683 864 2749 excelso,
879 2684 907 2735 ct
929 2697 998 2735 con-

179 2796 261 2835 serva
276 2796 329 2834 nos
341 2796 393 2851 per
404 2779 530 2834 alternas
544 2778 656 2833 dierum
671 2781 700 2832 ct
712 2780 878 2847 temporum
891 2790 1000 2828 succes·

180 2873 292 2940 siones;
316 2876 347 2927 ut
371 2872 462 2943 adjuti
491 2875 657 2926 sauctorum
681 2869 823 2941 precibus,
849 2866 898 2938 qui
920 2866 999 2921 diem

181 2965 257 3020 hunc
273 2981 325 3036 per
346 2981 451 3020 munus
469 2963 674 3019 misericordiae
693 2965 750 3017 tuac
771 2959 913 3026 duximus,
931 2976 998 3014 noc·

180 3061 242 3112 tem
258 3073 373 3128 quoque
389 3057 474 3111 istam
495 3056 631 3128 placitam
644 3055 697 3110 tibi
712 3053 877 3109 animarum
891 3055 920 3107 et
937 3068 999 3107 cor·

182 3167 285 3223 porum
299 3149 424 3223 puritate
435 3150 582 3205 ducamus.
597 3150 652 3203 Per
662 3147 827 3203 Dominum.

181 3253 236 3310 VH·
260 3270 394 3311 lucteturtr
413 3269 561 3308 ORATIONES
586 3269 620 3308 AD
645 3266 748 3307 turrinis
772 3264 864 3307 nocrls
889 3264 1000 3306 uetanis

382 3341 487 3380 nolint.
505 3341 563 3379 ISTA
582 3340 617 3379 ab
637 3337 804 3378 DUODECfflA.

217 3419 267 3475 Dei
283 3417 374 3474 Patris
396 3418 604 3490 omnipotentis
619 3417 714 3472 vivum
736 3414 861 3470 Verbum
886 3417 924 3483 te,
948 3415 1002 3469 Do·

181 3513 260 3569 mine
269 3515 334 3569 Iesu
344 3512 465 3580 Christe,
477 3512 670 3583 deprecamur
680 3512 833 3576 aeternum,
847 3508 888 3562 uti
902 3524 956 3561 nos
970 3508 999 3561 in

181 3607 238 3661 flde
253 3607 293 3661 tui
303 3606 429 3661 nominis
439 3605 558 3661 robores
571 3621 623 3677 per
635 3604 694 3675 spei
703 3600 957 3675 perseverantiam,
972 3604 1001 3654 et

181 3699 308 3753 caritatis
327 3698 543 3763 excellentiam;
564 3714 707 3753 renovans
728 3698 828 3751 nostra
846 3694 875 3749 in
897 3693 1000 3748 melius

181 3789 334 3858 desideria,
351 3793 382 3844 ut
397 3807 512 3862 semper
525 3790 554 3845 in
567 3791 644 3844 bono
665 3790 893 3860 perseverantes,
910 3791 936 3841 te
952 3786 999 3857 pio

182 3899 267 3938 sensu
277 3882 451 3954 intelligere,
467 3887 496 3938 et
509 3883 617 3937 mundo
632 3882 719 3937 corde
732 3880 828 3935 videre
848 3880 998 3951 possimus:

179 3976 231 4046 qui
245 3992 278 4030 ex
292 3979 374 4031 utero
388 3979 455 4031 ante
469 3976 620 4031 lucilerum
636 3979 756 4047 paterno
771 3977 855 4028 natus
869 3973 999 4028 ineffabi-
1052 4020 1057 4030 .

181 4068 256 4134 liter,
275 4070 350 4124 Deus
370 4069 404 4123 de
418 4071 485 4135 Deo,
503 4068 619 4122 uuusde
636 4084 704 4134 uno,
723 4069 821 4121 lumen
842 4066 1001 4121 delumine

181 4162 217 4217 dc
226 4163 404 4235 sempiterno
413 4164 496 4217 Patre
505 4166 664 4218 cooetcruus
675 4160 848 4217 FiliusCum
860 4176 917 4232 quo
928 4176 1001 4215 scm-

182 4271 234 4328 per
242 4261 271 4312 et
281 4256 388 4330 Spiritu
401 4261 500 4312 sancto
511 4256 540 4310 in
552 4254 753 4327 splendoribus
763 4257 929 4309 sanctorum
939 4270 1000 4308 sine

180 4350 322 4423 principio
336 4354 365 4407 et
376 4350 438 4406 sine
451 4351 508 4405 Dno
518 4365 623 4422 regnas
634 4353 663 4404 et
674 4363 830 4420 permanes
840 4347 870 4403 in
887 4348 999 4401 saecula.

461 4442 720 4507 Collectioscquitur.

214 4515 335 4571 Mirabili
361 4516 465 4571 iterum
492 4519 675 4573 sacramento
697 4514 795 4571 nobisc

181 4608 293 4678 augelis
307 4609 478 4664 Emmanuel
493 4610 668 4678 nominatus,
684 4608 770 4663 Filius
790 4606 926 4673 hominis,
942 4606 998 4660 hoc
1047 4585 1091 4638 lui

181 4702 225 4754 est
237 4700 332 4756 Marias
342 4701 469 4772 virginis,
483 4704 563 4758 lesus
577 4703 703 4758 nasceris
716 4701 744 4757 iu
756 4704 878 4757 salutem
900 4699 998 4772 populi

181 4792 232 4861 tui;
244 4793 273 4848 in
288 4793 368 4865 cujus
382 4810 505 4849 numero
520 4812 572 4849 nos
587 4812 648 4850 esse
664 4795 709 4866 pic
721 4795 842 4850 Domine
856 4793 998 4851 concedas

181 4886 302 4956 Christe,
317 4887 398 4959 cujus
413 4887 519 4942 Natalis
532 4888 656 4942 salutare
667 4888 837 4959 mysterium
852 4888 999 4943 celebran-

181 4982 233 5047 tes,
250 4981 279 5037 iu
293 4982 385 5038 noctis
398 4981 483 5053 hujus
498 4997 613 5052 magum
625 4980 708 5036 initio
719 4980 860 5052 primitias
881 4998 998 5053 precum

181 5073 238 5127 acsi
253 5075 417 5144 offerentes,
429 5092 568 5147 rogamus
580 5075 622 5130 tui
635 5072 762 5128 nominis
776 5073 834 5127 vim
852 5074 998 5152 nascende

182 5165 265 5220 nobis
280 5183 395 5240 quoque
413 5186 430 5224 a
449 5167 547 5243 338
567 5172 594 5225 te
614 5165 724 5234 donari,
743 5165 873 5222 Salvator
886 5165 997 5221 mundi.

183 5261 237 5326 Qui
252 5263 328 5318 vivis.

1046 1138 1084 1195 da
1096 1137 1137 1194 illi
1150 1137 1380 1194 misericordiam
1393 1142 1475 1194 tuam
1488 1142 1516 1194 et
1530 1139 1680 1212 pietatem,
1694 1155 1747 1210 per
1762 1140 1871 1195 lavacri

1046 1232 1310 1304 regenerationem,
1328 1231 1436 1304 perduc
1453 1249 1520 1288 cum
1544 1232 1582 1287 ad
1603 1233 1728 1305 gratiam
1752 1232 1871 1305 spirita-

1047 1327 1115 1394 lem,
1140 1328 1172 1381 ut
1194 1324 1344 1389 nobiscum
1368 1326 1476 1398 pariter
1498 1325 1550 1381 tibi
1566 1326 1689 1383 Domino
1708 1329 1768 1383 Deo
1791 1325 1870 1382 Patri

1047 1419 1241 1490 omnipotenti
1263 1419 1362 1474 laudes
1386 1422 1416 1474 ct
1430 1419 1538 1491 gratias
1553 1420 1678 1475 referat:
1695 1420 1787 1476 induc
1802 1436 1871 1475 eum

1046 1514 1136 1570 invia
1154 1513 1291 1582 veritatis,
1311 1513 1381 1568 doec
1402 1529 1468 1569 eum
1490 1513 1712 1585 justificationes
1726 1518 1802 1570 tuas.
1816 1515 1871 1570 Per

1046 1607 1214 1665 Dominum.

1289 1680 1319 1734 x.
1335 1694 1435 1735 rucrrrr
1453 1693 1632 1735 axoncrsrrus.

1008 1767 1036 1840 B
1082 1771 1266 1842 lidgrediord
1281 1775 1319 1840 te,
1336 1772 1568 1827 immundissimo
1582 1771 1721 1828 damnate
1739 1771 1871 1845 spiritus,

1047 1865 1096 1938 qui
1121 1882 1151 1920 es
1174 1865 1351 1921 inveterator
1374 1865 1504 1934 malitiae,
1531 1865 1668 1921 materies
1700 1865 1871 1934 criminum,

1047 1958 1128 2030 origo
1151 1959 1269 2030 peccati,
1296 1958 1343 2030 qui
1368 1958 1528 2028 fraudibus,
1555 1958 1722 2032 sacrilegiis,
1750 1958 1873 2034 stupris,

1047 2051 1172 2108 caedibus
1197 2051 1315 2124 gaudes.
1336 2053 1385 2121 Te,
1409 2052 1542 2109 invocato
1558 2052 1675 2109 Domini
1692 2052 1786 2109 nostri
1804 2054 1873 2109 Jssu

1047 2144 1151 2202 Christi
1166 2145 1295 2214 nomine,
1307 2145 1337 2200 in
1351 2162 1368 2202 ο
1372 2187 1424 2201 .....
1438 2163 1503 2201 mus
1516 2150 1545 2203 et
1557 2147 1724 2219 adjuramus
1736 2147 1874 2219 perejus-

1048 2239 1115 2294 dem
1128 2238 1310 2310 majestatem
1327 2239 1422 2311 adque
1436 2240 1583 2309 virtutem,
1594 2240 1761 2314 passionem
1775 2257 1810 2296 ae
1823 2257 1871 2296 re·

1048 2332 1263 2401 surrectionem,
1289 2333 1446 2389 adventum
1473 2334 1568 2406 adque
1592 2334 1749 2406 judicium
1781 2337 1813 2388 ut
1840 2333 1873 2389 in

1048 2442 1230 2498 quacumque
1252 2429 1334 2497 parte
1356 2427 1556 2484 membrorum
1573 2427 1678 2495 latitas,
1698 2427 1818 2500 propria
1842 2431 1872 2481 te

1048 2519 1228 2575 confessione
1247 2519 1672 2594 manifestes201agitatusque
1693 2520 1873 2594 spiritalibus

1048 2613 1145 2685 flagris
1161 2611 1404 2686 invisibilibusque
1429 2615 1591 2683 tormentis,
1608 2632 1657 2670 vas
1681 2615 1760 2689 quod
1785 2631 1873 2689 occu-

1048 2723 1131 2778 passe
1145 2705 1280 2775 aestimas,
1293 2707 1397 2779 fugias,
1415 2708 1617 2780 expiatumque
1632 2711 1698 2780 post
1711 2708 1871 2764 habitatio·

1050 2815 1116 2856 nem
1131 2803 1212 2856 tuam
1226 2800 1348 2857 Domino
1359 2800 1553 2873 derclinquas.
1566 2800 1696 2858 Sufficiat
1705 2801 1785 2873 quod
1794 2801 1874 2874 prio

1047 2893 1127 2948 ribus
1143 2893 1253 2948 sarculis
1268 2910 1320 2966 per
1336 2895 1488 2950 hominum
1503 2895 1592 2950 corda
1617 2912 1699 2967 prena
1723 2897 1786 2951 toto
1799 2895 1873 2950 orbe

1050 2986 1215 3042 dominatus
1242 3005 1281 3043 os.
1304 2990 1367 3044 Jam
1393 2988 1424 3043 in
1453 2987 1514 3044 dies
1549 2988 1679 3061 singulos
1711 2987 1874 3045 destruitur

1051 3084 1132 3136 tuum
1149 3098 1284 3157 regnum,
1300 3086 1408 3156 tuaque
1424 3081 1530 3138 cotidie
1545 3099 1635 3155 usque
1650 3083 1681 3137 in
1698 3082 1789 3137 tinem
1811 3084 1873 3138 tela

1050 3172 1194 3229 deficiant.
1218 3177 1280 3231 Jam
1303 3174 1415 3246 pridem
1435 3174 1620 3248 praefigurata
1637 3178 1704 3231 suut
1725 3174 1780 3230 ista
1803 3192 1873 3248 quae

1049 3268 1166 3339 pateris.
1182 3268 1245 3322 Iam
1258 3271 1289 3322 tu
1303 3271 1430 3323 vastatus
1449 3269 1648 3341 AEgyptiorum
1668 3268 1771 3341 plagis,
1784 3272 1818 3323 tu
1840 3268 1871 3322 in

1049 3362 1200 3416 Pharaone
1214 3360 1372 3428 demersus,
1389 3360 1419 3416 in
1437 3361 1550 3417 Hierico
1572 3361 1742 3431 destructus,
1759 3360 1788 3415 in
1802 3378 1871 3433 sep-

1050 3458 1109 3508 tem
1124 3453 1294 3509 Chananaeis
1313 3453 1447 3526 gentibus
1463 3457 1577 3523 stratus,
1594 3471 1646 3527 per
1663 3455 1825 3512 Sansonem
1840 3455 1869 3510 in

1049 3546 1207 3619 allophylis
1218 3547 1396 3619 subjugatus,
1412 3551 1559 3603 truncatus
1568 3548 1600 3602 in
1610 3548 1691 3604 Golia
1703 3564 1756 3620 per
1765 3547 1868 3617 David,

1050 3661 1102 3717 per
1113 3645 1294 3701 blardoceum
1308 3645 1337 3700 in
1352 3647 1446 3701 Amen
1461 3662 1625 3718 suspensus,
1635 3662 1688 3717 per
1701 3644 1824 3701 Danihel
1840 3645 1870 3699 iu

1050 3737 1136 3793 Delde
1140 3738 1243 3809 jactus,
1255 3738 1285 3793 iu
1296 3739 1424 3794 Dracone
1437 3739 1562 3810 punitus,
1574 3755 1626 3811 per
1635 3739 1735 3795 iudith
1743 3739 1774 3794 in
1786 3739 1870 3795 Holo-

1050 3833 1160 3904 phernc
1181 3833 1364 3901 transfossus,
1381 3848 1434 3904 per
1454 3833 1609 3888 Dominum
1624 3832 1760 3888 humanis
1773 3832 1868 3906 impe·

1050 3925 1100 3980 riis
1112 3925 1290 3998 subjugatus,
1304 3942 1356 3997 per
1366 3927 1485 3982 Paulum
1504 3929 1625 3982 caecatus
1640 3927 1670 3982 in
1684 3927 1776 3999 ltago,
1789 3930 1870 3981 ustus

1051 4036 1080 4074 rn
1089 4017 1196 4090 vipera,
1208 4036 1260 4090 per
1269 4021 1386 4075 Petrum
1398 4018 1428 4074 in
1439 4019 1558 4076 Simone
1571 4019 1729 4094 disruptus,
1739 4036 1795 4092 per
1808 4037 1871 4075 om·

1052 4129 1102 4168 nes
1126 4114 1240 4167 sanctos
1264 4112 1383 4183 fugaris,
1415 4114 1569 4185 torqueris,
1599 4113 1724 4177 elidaris,
1751 4113 1870 4169 veternis

952 4251 960 4265 .
1050 4205 1166 4278 ignibus
1178 4206 1337 4261 etinferuis
1352 4206 1478 4262 tenebris
1500 4206 1663 4279 deputatus.
1676 4205 1758 4262 Unde
1771 4206 1868 4263 homi-

1051 4317 1119 4355 nem
1131 4299 1269 4358 Dominus
1282 4298 1380 4374 339
1397 4303 1496 4356 noster
1504 4302 1584 4357 lesus
1596 4301 1724 4357 Christus
1733 4299 1763 4355 in
1774 4300 1870 4356 Adam

1051 4393 1176 4451 secundo
1188 4394 1257 4449 dum
1269 4393 1304 4449 de
1314 4394 1517 4466 tetriumphat,
1529 4393 1636 4450 eximit.
1647 4393 1790 4462 Abscede,
1804 4394 1868 4450 abs·

798 4529 847 4569 um
870 4514 944 4567 peu,
961 4511 996 4566 ab
1007 4515 1036 4586 D
1047 4488 1354 4560 cedequocumquees,
1363 4487 1730 4560 etcorporaDeodicatane
1740 4491 1866 4560 repetas.

1093 4581 1201 4636 erdicta
1215 4581 1272 4635 sint
1287 4581 1337 4635 tibi
1357 4581 1412 4636 ista
1425 4581 1455 4636 iu
1470 4585 1620 4654 perpetuo.
1636 4582 1668 4635 ln
1685 4580 1808 4636 nomine
1821 4584 1869 4638 Pa-

1048 4676 1099 4731 tris
1112 4679 1141 4730 et
1155 4674 1216 4730 Filii
1229 4678 1259 4729 et
1273 4673 1395 4746 Spiritus
1406 4674 1507 4741 sancti,
1525 4678 1555 4729 ct
1567 4674 1596 4729 in
1608 4673 1701 4745 gloria
1715 4672 1870 4731 dominiee

1047 4768 1197 4842 passionis,
1218 4769 1298 4839 cnjus
1315 4785 1417 4824 cruore
1437 4770 1592 4837 salvantur,
1610 4767 1691 4840 citius
1709 4767 1870 4826 adventum

1048 4861 1210 4931 expectant,
1223 4857 1365 4930 judicium
1381 4857 1564 4912 confitentur.
1577 4858 1636 4922 Per,
1647 4857 1816 4914 Dominum.

1100 4969 1142 5023 lll.
1164 4974 1287 5023 rvursrr⁰
1307 4980 1449 5022 axsosrrro
1469 4981 1520 5022 vru
1538 4980 1663 5023 asinino
1682 4980 1816 5023 smou.

1083 5076 1185 5131 Sermo
1208 5078 1237 5128 ct
1256 5075 1470 5128 sacramentum
1492 5072 1579 5128 totius
1597 5070 1739 5144 Symboli,
1765 5073 1875 5128 fratres

1049 5167 1235 5234 dilectissimi,
1253 5167 1324 5222 fides
1351 5169 1394 5221 est
1414 5165 1569 5222 Christiani
1590 5164 1718 5222 hominis
1741 5168 1774 5220 et
1793 5165 1872 5220 vita:

1048 5263 1120 5319 fides
1130 5263 1160 5318 in
1171 5261 1317 5334 prasenti,
1332 5259 1389 5315 vita
1403 5259 1433 5315 in
1443 5260 1539 5317 futuro
1550 5277 1557 5329 ;
1570 5259 1642 5315 tides
1653 5259 1683 5314 in
1698 5259 1755 5329 vis,
1772 5259 1832 5315 vita
1841 5259 1874 5314 in

215 5393 228 5423 ⁸
253 5389 419 5451 Sacerdotes,
444 5390 472 5444 id
492 5394 535 5473 est
554 5393 721 5476 e·iscopos;
743 5392 871 5456 seniores,
898 5386 927 5443 id
957 5391 1000 5442 est
1049 5389 1122 5444 seria
1136 5387 1227 5442 tertiae
1243 5385 1434 5443 bebdomada
1445 5383 1775 5458 Quadragesimae.tlide
1792 5384 1876 5440 Ordi-

180 5459 374 5541 presbyteros.
386 5459 487 5541 Supra,
507 5478 537 5515 rn
588 5464 653 5518 ssalr
675 5466 861 5530 Francorum,
875 5476 955 5515 num.
972 5462 998 5525 8,
1050 5476 1117 5515 nem
1134 5460 1314 5541 homanum..
1755 5528 1761 5540 .

181 5531 230 5586 ubi
250 5531 286 5585 de
308 5530 492 5586 ordmatrone
509 5534 678 5605 presbyteri,
691 5537 785 5606 probet
798 5550 825 5591 se
839 5547 893 5590 esse
911 5532 998 5588 senio
1084 5531 1177 5585 dhha
1197 5548 1225 5585 rn
1247 5528 1356 5584 Ordine
1371 5527 1529 5584 Romano:
1550 5528 1636 5597 Audi,
1656 5526 1802 5584 meses
1821 5528 1877 5586 So·

216 5674 231 5715 δ
245 5672 386 5728 Nimirum
401 5671 469 5744 quia
479 5689 569 5730 novus
583 5691 677 5731 annus
692 5693 709 5730 a
723 5676 768 5731 die
783 5677 934 5749 sequente,
949 5673 1000 5728 sci·
1051 5605 1256 5727 sappheppfflne
1270 5673 1402 5727 Romano
1416 5669 1472 5724 alia
1487 5669 1590 5738 oratio,
1605 5672 1635 5724 et
1648 5669 1789 5740 proecedit
1798 5670 1878 5725 hanc

183 5744 250 5799 licet
262 5762 278 5799 a
289 5745 383 5800 Natali
396 5744 521 5813 Domini,
536 5749 603 5802 tunc
620 5746 784 5817 incipiebat.
1051 5743 1259 5814 expositionem
1274 5741 1412 5817 expositio
1426 5741 1662 5815 Evangeliorum,
1676 5755 1742 5813 quse
1756 5740 1806 5796 bic
1829 5758 1877 5797 ss-

217 5828 228 5855 0
247 5816 381 5874 Serutrnii
392 5817 470 5875 tertii
482 5834 548 5892 pars
559 5821 611 5890 est,
627 5817 704 5892 quod
718 5816 804 5874 llebat
817 5817 886 5874 olim
899 5819 1001 5889 quarta
1051 5813 1160 5889 quitur.

182 5618 248 5657 rem.
