3878 6150
118 261 168 317 489
363 257 669 316 mcumurtsutttt
687 255 909 315 thLlchNUbl.
931 285 965 295 -
984 255 1167 313 lautiores
1185 255 1229 311 DE
1247 256 1405 313 tuvmru
1424 256 1553 314 bostut.
1747 261 1799 316 490

151 367 242 424 Credo
256 366 286 423 in
299 366 390 422 Deum
402 368 514 422 Patrem
533 367 767 438 omnipotentem,
783 370 937 421 creatorem
948 378 978 452 Α
988 366 1123 438 Spiritum
1134 369 1261 421 sanctum
1276 367 1366 421 Deum
1379 371 1406 421 te
1421 382 1534 422 necesse
1548 369 1589 422 est
1598 365 1737 421 confiteri.
1751 367 1799 422 Hic

119 462 180 517 caeli
192 467 222 518 et
231 465 327 528 terrie.
348 462 437 517 Credo
449 463 479 516 in
498 463 593 517 lesum
607 462 749 517 Christum
763 460 864 515 Filium
877 460 937 531 ejus
987 466 1029 517 est
1041 461 1117 516 enim
1130 461 1250 533 Spiritus
1262 465 1383 529 sanctus,
1395 461 1444 533 qui
1455 460 1600 533 egreditur
1613 476 1628 514 a
1641 461 1723 516 Patre
1734 459 1757 532 ¹,
1766 460 1800 518 de

119 556 301 629 unigenitum
310 555 525 627 sempiternum.
536 557 708 627 Conceptum
719 555 753 610 de
764 555 859 626 Spritu
871 570 936 608 san·
987 555 1096 628 quo2ait
1109 555 1234 610 Salvator
1247 555 1336 610 beatis
1351 554 1485 626 apostolis
1498 554 1556 609 suis
1578 572 1584 608 :
1599 555 1648 623 lte,
1663 553 1800 627 baptizate

121 653 170 718 cto,
197 655 299 705 natum
321 666 356 705 ex
376 649 462 705 llario
485 650 610 722 virgine3
632 666 747 723 passum
767 649 818 704 sub
840 649 937 703 Pontio
987 666 1085 704 omnes
1098 655 1196 721 gentes
1217 649 1247 704 in
1266 649 1383 704 nomine
1400 648 1488 703 Patris
1507 653 1535 703 et
1551 648 1613 703 Filii
1636 653 1664 704 et
1682 649 1801 721 Spiritus

122 743 215 813 Pilato,
230 743 408 812 cmcffixnm,
430 749 590 811 mortuum,
607 748 635 798 et
654 743 806 817 sepultum.
821 742 937 796 Descen-
987 742 1084 799 sancti.
1096 744 1156 798 Non
1169 747 1261 814 potest
1273 742 1359 797 rideri
1378 742 1542 814 separabilis
1554 742 1667 812 virtute,
1682 743 1801 815 quinon

115 837 203 897 ,ditad
213 837 336 906 inferna,
353 837 436 893 tertia
446 837 490 892 die
509 837 664 893 resurrexit
674 854 691 891 a
701 837 830 892 mortuis.
839 838 938 891 sscen-
986 842 1078 911 potest
1090 837 1119 892 in
1134 837 1249 892 nomine
1262 837 1396 907 separari.
1410 838 1538 893 Sanctam
1551 837 1698 891 Ecclesium
1710 839 1801 893 cotto·

127 930 160 987 dit
170 931 205 986 ad
223 932 317 1002 caelos,
332 932 404 986 sedit
423 931 458 986 ad
478 931 624 987 dexteram
640 931 688 986 Dei
701 931 791 986 Patris
809 930 936 1001 omnipo·
988 934 1067 987 licam
1079 934 1261 987 remissionem
1271 935 1454 1002 pcccatorum,
1469 933 1559 985 carnis
1570 933 1801 995 resurrectionem,

128 1024 202 1081 tentis
226 1042 233 1079 :
256 1025 322 1080 iude
344 1030 482 1080 uenturus
499 1025 627 1097 judicare
649 1026 726 1080 viros
748 1029 776 1080 et
799 1029 935 1079 mortuos.
986 1028 1070 1082 vitum
1089 1032 1226 1081 alanum.
1244 1024 1303 1080 Nisi
1325 1023 1474 1079 credideris
1496 1023 1647 1079 Ecclesiam
1670 1024 1720 1080 Dei
1742 1041 1804 1079 san-

131 1118 206 1175 Credo
236 1119 266 1172 in
292 1118 429 1190 Spiritum
460 1125 599 1189 sanctum,
626 1123 752 1174 sanctam
786 1117 937 1173 Ecclesiam
987 1125 1071 1188 cmm,
1085 1137 1144 1176 nou
1155 1125 1234 1192 potes
1246 1120 1276 1174 in
1289 1118 1409 1174 Ecclesia
1418 1118 1466 1173 Dei
1477 1117 1550 1173 dona
1568 1118 1724 1190 percipere.
1738 1120 1804 1174 Pro·

133 1212 296 1280 catholicam,
310 1213 477 1268 Sanctorum
488 1212 727 1282 communionem,
743 1212 937 1267 remissionem
986 1218 1050 1287 pter
1059 1215 1112 1269 hoc
1125 1231 1183 1269 uua
1196 1230 1262 1269 cum
1275 1214 1355 1268 Patre
1366 1217 1394 1268 et
1403 1211 1482 1282 Filio,
1494 1217 1521 1266 et
1530 1211 1667 1283 Spiritum
1675 1218 1803 1269 sanctum
1824 1205 1831 1218 ‘

134 1311 309 1379 peccatorum,
325 1305 417 1361 carnis
432 1306 678 1375 resurrectionem,
689 1307 776 1360 vitam
790 1308 934 1359 aeternam.
987 1309 1127 1380 professus
1141 1324 1170 1363 es
1184 1309 1291 1376 Deum,
1309 1311 1339 1361 ut
1351 1323 1403 1377 per
1418 1305 1539 1377 gratiam
1555 1305 1687 1377 baptismi
1702 1323 1802 1378 pecca-

136 1404 221 1456 tmen.
986 1406 1083 1457 torum
1095 1402 1148 1456 tibi
1160 1400 1289 1456 remissio
1302 1400 1481 1469 concedatur,
1497 1402 1525 1453 et
1534 1399 1626 1453 carnis
1639 1404 1694 1454 tuae
1708 1416 1802 1455 resur-

161 1494 334 1566 Repetendus
346 1494 425 1550 robis
439 1496 491 1563 est,
507 1493 693 1563 dilectissimi,
709 1508 801 1548 senno
813 1491 936 1563 Symboli
986 1497 1073 1551 rectio
1088 1500 1237 1567 reparetur
1255 1495 1285 1550 in
1309 1500 1458 1550 aeternum.
1476 1493 1534 1547 Nisi
1555 1494 1633 1548 enim
1653 1493 1803 1549 credideris

138 1586 216 1658 hujus,
237 1588 358 1661 qrruliter
378 1604 421 1658 ea,
445 1604 509 1660 quae
532 1587 663 1657 dicimus,
689 1586 788 1641 vestris
809 1585 936 1641 sensibus
986 1589 1099 1644 dimissa
1113 1589 1163 1643 tibi
1178 1594 1290 1659 peccata
1304 1593 1363 1657 tua,
1377 1587 1522 1642 absolutus
1536 1603 1595 1642 esse
1611 1602 1669 1642 nou
1687 1587 1801 1659 poteris.

139 1681 221 1736 melius
235 1681 406 1736 inserantur.
421 1680 505 1736 Credo
520 1683 550 1735 ire
561 1685 656 1736 Deum.
669 1680 763 1735 Tertia
775 1679 864 1750 igitur
878 1679 936 1733 vice
987 1682 1044 1737 Nisi
1059 1681 1210 1736 credideris
1223 1681 1315 1736 carnis
1337 1680 1543 1737 resurrectione
1564 1680 1758 1752 reparandum
1778 1684 1803 1735 te

139 1779 161 1827 ut
177 1775 210 1830 ad
234 1774 345 1847 reliqua
371 1775 508 1847 capienda
531 1773 656 1830 fideliore
683 1789 768 1828 cursu
789 1772 937 1845 pervenire
947 1763 976 1836 B
988 1792 1047 1832 esse
1063 1780 1270 1847 postmortem,
1286 1775 1322 1830 ad
1336 1775 1461 1830 fraretum
1476 1774 1540 1829 vitae
1554 1778 1698 1846 perpetuae
1708 1774 1803 1829 venire

138 1868 271 1938 possimus,
291 1869 359 1923 ordo
380 1868 505 1940 Symboli
523 1868 712 1923 recensendus
724 1871 766 1922 est
781 1883 788 1921 :
802 1865 886 1921 Credo
907 1868 936 1919 itt
986 1886 1044 1925 non
1057 1870 1172 1942 poteris.

136 1964 215 2018 Deum
229 1963 298 2017 Ecce
318 1962 450 2017 addidisti
463 1964 680 2032 omnipotentem,
696 1965 724 2016 et
738 1960 874 2016 veraciter
886 1960 935 2014 ad·
1022 1965 1167 2020 flanimea
1187 1979 1232 2018 asa
1247 1963 1270 2017 b.

135 2055 224 2111 didisti.
239 2056 315 2111 Nihil
329 2056 363 2111 de
375 2056 560 2128 promissione
575 2056 696 2125 dissidas,
709 2055 756 2110 sed
767 2070 881 2109 securus
892 2070 937 2109 ex·
1003 2067 1090 2118 Lecta
1101 2066 1173 2116 lsdiae
1186 2064 1321 2131 prophetin
1335 2063 1450 2127 legenda
1467 2063 1493 2112 in
1506 2062 1645 2113 anditione
1657 2064 1781 2129 symboli.

133 2154 211 2221 pecta
225 2151 248 2205 si
260 2150 350 2205 credis
365 2151 433 2222 qrtia
444 2151 623 2223 omnipotens
631 2149 729 2221 estqui
743 2148 893 2221 promittit.
905 2149 937 2203 Et
1023 2155 1086 2208 Hac
1110 2152 1177 2207 dicit
1193 2151 1350 2206 Dominus:
1366 2150 1434 2205 Ecce
1453 2150 1546 2220 justus
1564 2150 1652 2222 perit,
1673 2153 1701 2205 et
1718 2167 1803 2206 nemo

131 2245 397 2302 hlaumcltristam
408 2246 579 2313 Filiumejus
592 2247 712 2307 unicum,
722 2245 867 2299 Dominum
888 2258 935 2297 no·
987 2248 1090 2319 estqui
1103 2246 1241 2318 recogitet
1254 2245 1284 2299 in
1298 2244 1381 2299 corde
1396 2260 1467 2298 suo:
1489 2248 1516 2299 et
1538 2244 1590 2298 viri
1611 2243 1804 2301 misericordes

129 2343 214 2394 stram.
230 2340 286 2394 lluc
301 2344 343 2394 est
356 2339 428 2394 illud
450 2344 659 2394 sacramentum
682 2338 757 2393 fidei.
782 2337 840 2391 Nisi
860 2337 937 2392 enim
987 2342 1205 2413 excolliguntur,
1229 2340 1371 2412 quianon
1392 2341 1434 2394 est
1457 2337 1506 2409 qui
1519 2338 1675 2410 inteDegat.
1695 2339 1803 2394 Alacic

128 2432 221 2488 Filitrm
233 2433 284 2488 Dei
296 2437 357 2487 tota
374 2437 469 2488 mente
483 2433 647 2500 credideris,
661 2434 773 2488 Patrem
787 2448 844 2485 non
858 2436 937 2503 potes
987 2436 1063 2491 enim
1079 2435 1195 2490 malitia
1208 2434 1340 2488 collectus
1354 2437 1395 2487 est
1405 2432 1511 2503 justus.
1525 2432 1625 2487 Veniat
1636 2448 1702 2504 pax,
1716 2437 1744 2488 et
1758 2448 1803 2489 re·

129 2527 258 2583 muliteri.
271 2528 359 2583 Crede
373 2543 441 2598 ergo
453 2527 556 2581 Filium
574 2527 622 2582 Dci
643 2527 824 2597 unigenitum
838 2525 872 2578 ab
891 2524 935 2578 in·
987 2530 1111 2601 quiesctt
1125 2530 1154 2582 in
1167 2529 1258 2583 cubile
1274 2544 1334 2581 suo.
1350 2528 1403 2581 Vos
1421 2531 1517 2581 autem
1531 2526 1653 2580 accedite
1666 2527 1732 2596 huc,
1753 2527 1804 2582 tilii

129 2621 378 2693 genito,rirentem
394 2620 541 2691 avivcnte,
557 2621 701 2675 verumde
717 2635 792 2674 vero.
811 2619 862 2684 Oui
879 2634 937 2672 con·
986 2622 1198 2694 auguriatricis,
1219 2637 1318 2676 semen
1336 2620 1456 2675 adulteri
1477 2624 1504 2674 et
1533 2618 1686 2673 luminarii.
1716 2619 1805 2692 Super

129 2722 215 2785 ceptus
228 2720 266 2770 est
280 2716 312 2770 de
326 2715 433 2785 Spiritu
451 2720 554 2778 sancto,
568 2721 649 2769 nutus
669 2731 702 2768 ec
719 2715 810 2768 llario
821 2714 934 2780 uirgine.
987 2733 1073 2789 quem
1086 2715 1209 2770 lusistis?
1231 2731 1315 2786 super
1332 2729 1418 2785 quem
1433 2713 1566 2767 dilatastis
1580 2728 1621 2780 os,
1644 2717 1672 2767 et
1685 2712 1805 2783 ejecistis

128 2808 257 2880 Spiritum
270 2814 399 2864 sanctum
412 2809 492 2863 audis
507 2814 653 2863 auctorem
673 2824 732 2862 :ue
754 2807 864 2861 dubites
884 2805 937 2858 vir·
986 2810 1133 2882 linguam?
1147 2810 1217 2864 Nam
1233 2808 1282 2880 qui
1299 2807 1431 2862 fiduciam
1448 2806 1535 2861 habet
1552 2805 1621 2875 mei,
1635 2805 1806 2862 hereditabit

128 2897 219 2970 gincm
231 2898 355 2970 potuisse
371 2899 529 2970 concipere.
553 2900 609 2953 Hoc
623 2904 665 2953 est
679 2897 755 2970 quod
768 2895 937 2966 aitaugelus
987 2907 1102 2972 temam,
1123 2907 1152 2959 et
1169 2901 1322 2974 possidebit
1342 2905 1470 2956 montem
1487 2903 1615 2954 sanctum
1636 2915 1744 2968 meum,
1766 2900 1805 2954 ait

128 2990 252 3048 Gabrihel
264 2993 299 3048 ad
312 2992 429 3048 hieriam
443 2992 539 3047 dicens
554 3009 561 3047 ι
575 2992 695 3064 Spiritus
713 2995 827 3048 sanctus
845 2987 937 3043 veniet
988 2998 1123 3053 Dominus
1136 2998 1223 3052 Deus.

128 3085 203 3156 inte,
217 3087 343 3142 etvirtus
361 3086 498 3142 ditissimi
519 3086 699 3142 obumbrabit
720 3088 781 3145 tibi.
804 3091 861 3145 Cur
879 3106 937 3145 non
1142 3098 1257 3163 Epistola
1265 3097 1334 3147 Petri
1345 3095 1456 3161 apostoli
1469 3095 1501 3145 ud
1514 3100 1614 3160 gentes.

130 3180 212 3235 credis
238 3197 304 3236 eum
328 3180 357 3235 in
376 3186 457 3235 utero
482 3179 600 3252 virginis
622 3181 768 3237 hominem
790 3138 974 3256 figurasse,C
1023 3191 1142 3259 Fratres,
1158 3189 1187 3243 in
1203 3190 1256 3244 hoc
1273 3188 1361 3243 vocati
1377 3187 1454 3256 estis,
1474 3186 1541 3258 quia
1558 3187 1686 3242 Christus
1706 3203 1803 3259 passus

131 3289 208 3346 quem
220 3273 309 3331 credis
321 3274 468 3330 homiuem
482 3274 580 3329 fecisse
593 3274 627 3330 dc
641 3278 737 3331 terrai
756 3278 811 3333 Nee
824 3278 939 3332 Mariam
988 3287 1030 3339 est
1043 3300 1094 3354 pro
1107 3284 1194 3351 vohis,
1210 3282 1373 3354 relinquens
1386 3281 1463 3335 robis
1477 3280 1651 3351 exemplum,
1665 3284 1697 3334 ut
1708 3297 1806 3353 sequa·

132 3365 233 3424 dubites
250 3368 393 3441 virginem
417 3368 552 3423 mansisse
571 3373 634 3440 post
646 3374 772 3441 partum,
786 3371 862 3443 quod
874 3376 939 3426 aute
988 3378 1058 3432 mini
1071 3377 1188 3448 vestigia
1202 3377 1272 3446 ejus.
1288 3375 1341 3439 Qui
1354 3376 1501 3446 peccatum
1518 3389 1577 3428 non
1591 3372 1667 3441 fecit,
1681 3389 1733 3428 nec
1759 3374 1803 3430 iu·

133 3461 212 3516 mulh
223 3467 351 3534 tempora
361 3462 502 3534 propheta
516 3461 609 3517 Esaias
622 3463 733 3533 cecinit,
745 3464 858 3520 dicens:
871 3466 938 3520 Ecce
988 3475 1089 3527 ventus
1108 3476 1151 3527 esi
1169 3470 1249 3525 dolus
1270 3469 1299 3522 in
1314 3484 1362 3523 ore
1382 3468 1452 3539 eJ'us,
1466 3466 1518 3531 Qui
1534 3483 1599 3522 eum
1623 3467 1804 3524 maledicere.

134 3553 203 3628 tirio
216 3556 244 3611 in
256 3560 338 3612 ulem
355 3555 483 3627 accipiet,
502 3561 530 3612 et
549 3556 639 3628 pariet
659 3556 760 3613 filium·
780 3560 837 3612 H00
852 3557 939 3614 divini
989 3569 1045 3634 tur,
1057 3580 1114 3620 non
1125 3561 1342 3618 remaledicebat
1353 3578 1361 3629 ;
1372 3577 1438 3615 cum
1446 3563 1600 3632 pateretur,
1612 3576 1671 3616 non
1683 3563 1805 3618 commi·

135 3647 228 3722 doquii
240 3650 407 3707 auctoritate
419 3650 592 3706 credendum
607 3655 659 3706 est.
677 3653 791 3706 Passum
801 3653 851 3707 sub
867 3654 937 3707 Pon·
989 3660 1120 3715 nubatur.
1136 3656 1274 3712 Tradcbat
1287 3660 1381 3710 autem
1395 3671 1424 3709 se
1439 3654 1600 3726 judicanti⁰
1615 3654 1730 3726 injuste.
1751 3657 1805 3722 Qui

137 3745 166 3797 tio
184 3745 279 3808 Pilato,
296 3747 465 3814 munaum,
481 3749 622 3801 ,mortuam
645 3749 670 3799 et
691 3747 835 3815 sepultam.
859 3746 939 3801 NuDa
988 3757 1101 3828 peccata
1124 3754 1221 3807 nostra
1245 3749 1369 3822 portarit
1390 3750 1420 3805 in
1438 3765 1557 3820 corporo
1587 3765 1637 3804 suo
1664 3766 1751 3822 super
1769 3751 1804 3807 li·

84 3876 86 3903 :
137 3843 313 3915 temptando
326 3844 361 3899 de
376 3832 489 3905 Domini
501 3843 543 3899 tui
559 3843 688 3915 passione
700 3843 856 3899 confundat
870 3863 877 3900 :
893 3844 938 3898 ni·
990 3851 1142 3920 gnum:ut
1154 3845 1274 3919 peccatis
1288 3844 1402 3915 mortui,
1413 3843 1531 3915 justitiae
1544 3843 1711 3909 viveremus.
1720 3844 1806 3917 Cujus

84 3915 86 3940 ¹
139 3932 213 3992 hilde
225 3954 317 4009 cruce,
332 3906 407 3993 nihil
420 3938 454 3992 de
464 3938 609 4008 sepultura
622 3938 755 3993 verearis.
769 3938 830 3993 Non
842 3938 896 3993 fuit
910 3938 939 3992 in
988 3942 1075 3996 livore
1088 3941 1176 3997 sanati
1192 3957 1300 3995 sumus.
1316 3939 1407 3994 Eratis
1417 3939 1494 3993 euim
1503 3938 1575 3994 sicot
1585 3954 1650 3994 oves
1659 3943 1803 3997 errantes:

138 4027 229 4104 illoqui
241 4022 269 4090 'te
282 4032 403 4088 redemit
414 4031 574 4104 tragilitatis
586 4030 745 4103 infirmitas,
760 4032 808 4087 sed
826 4032 939 4105 pietatis
990 4037 1038 4091 sed
1051 4035 1178 4091 conversi
1197 4036 1263 4090 estis
1285 4050 1361 4089 nunc
1373 4034 1409 4089 ad
1421 4037 1562 4105 pastorem
1583 4037 1611 4088 et
1630 4033 1805 4091 visitatorem

140 4124 258 4182 officium.
272 4127 347 4182 Crux
360 4126 435 4181 illius
449 4129 532 4180 tuum
545 4141 668 4197 regnum
688 4131 731 4180 est
745 4142 752 4178 ε
768 4143 846 4181 mors
865 4127 940 4182 illius
989 4129 1149 4185 animarum
1162 4132 1330 4184 vestrarum.

140 4222 177 4274 tua
187 4226 227 4276 est
235 4221 301 4277 rita.
312 4220 452 4276 Descendit
465 4220 502 4274 od
511 4221 630 4288 inferno,
646 4222 726 4274 tatio
737 4221 781 4275 die
791 4223 940 4277 resurrecti
1056 4231 1143 4282 Lectio
1156 4230 1239 4282 sancti
1252 4229 1386 4293 Evangelii
1399 4226 1543 4278 secundum
1554 4226 1696 4277 Iohannem
1710 4229 1734 4277 a.

142 4317 286 4370 aminis:
301 4315 423 4370 ascendit
435 4316 465 4368 irc
475 4314 562 4382 catos,
574 4314 644 4369 sedit
654 4315 691 4368 ud
701 4315 840 4370 deuterum
849 4317 940 4370 Putris
1026 4319 1057 4372 ln
1070 4317 1118 4393 illo
1132 4320 1268 4388 tempore,
1284 4320 1348 4370 anto
1370 4331 1419 4369 sex
1440 4313 1499 4368 dies
1519 4312 1633 4366 Paschce
1652 4312 1729 4368 venit
1747 4314 1802 4371 Do-

140 4412 321 4481 tttaipotentis.
333 4408 360 4465 Si
371 4413 397 4463 te
407 4408 657 4463 triduanaDomiui
668 4408 708 4463 tui
717 4410 862 4480 sepultura
871 4426 938 4464 cou-
990 4412 1084 4466 minus
1098 4412 1177 4465 lesus
1187 4408 1365 4477 bethaniam,
1376 4407 1426 4462 ubi
1435 4407 1527 4461 luerat
1536 4405 1655 4460 Lazarus
1664 4411 1804 4480 manuus,

140 4503 229 4574 turbat,
250 4503 418 4559 resurrectio
444 4503 535 4575 magis
557 4509 663 4558 esterna
680 4503 837 4558 confirmet.
859 4503 1077 4589 Quid-Dauem
1095 4503 1237 4559 suscitavit
1256 4504 1345 4558 lesus.
1368 4502 1504 4556 Fecerunt
1523 4504 1619 4554 autem
1647 4499 1672 4556 ei
1696 4517 1805 4560 casuum
1859 4488 1861 4491 ’

140 4597 195 4666 quid
212 4596 384 4653 infirmitatis
405 4596 486 4652 audis
508 4597 538 4653 in
560 4596 682 4670 Christo,
705 4597 874 4670 mysterium
890 4603 941 4653 est.
991 4601 1040 4667 ibi,
1057 4604 1085 4655 et
1103 4598 1210 4654 Martha
1224 4595 1400 4652 ministrabat
1414 4614 1420 4650 :
1436 4596 1555 4649 Lazarus
1569 4610 1636 4650 vero
1657 4612 1729 4650 unus
1746 4603 1807 4653 erat

139 4687 197 4747 llud
210 4696 306 4747 nmen
319 4694 430 4763 oportet
442 4690 549 4761 mirari,
564 4692 639 4763 quod
652 4693 688 4761 ei,
706 4692 750 4746 cui
763 4693 863 4746 caelum
880 4708 940 4746 me·
992 4711 1027 4750 ex
1045 4693 1287 4749 discumbentibus
1304 4706 1370 4745 cum
1385 4706 1428 4744 eo.
1447 4689 1531 4744 llario
1550 4705 1619 4761 ergo
1648 4691 1755 4762 accepit
1776 4692 1807 4746 li·

138 4782 182 4840 n'to
193 4785 358 4856 debebatur,
371 4801 484 4841 crucem
499 4802 550 4856 pro
563 4790 590 4841 te
603 4786 773 4858 contempsit
791 4786 940 4842 sustinere.
991 4789 1073 4844 bram
1100 4787 1239 4859 unguenti
1259 4784 1340 4841 nardi
1357 4783 1449 4855 pistici
1465 4782 1594 4854 preciosi,
1620 4784 1703 4839 unxit
1722 4786 1806 4856 pedes

136 4875 260 4936 Sicredis
283 4895 403 4951 ea·quae
423 4879 473 4934 tibi
490 4880 631 4950 videntur,
651 4881 732 4936 crede
759 4886 787 4935 et
808 4881 856 4935 illa
879 4898 942 4953 quae
991 4883 1102 4938 Domini
1119 4883 1193 4950 iesu,
1217 4886 1245 4936 et
1262 4878 1380 4934 extersit
1400 4876 1508 4950 capillis
1520 4876 1577 4931 suis
1590 4877 1676 4947 pedes
1692 4879 1763 4949 ejus,
1778 4886 1807 4935 et

135 4986 301 5046 negareuon
318 4979 408 5045 potest
424 4973 454 5028 in
469 4973 568 5044 gloria.
586 4975 654 5029 lade
672 4981 802 5030 uenturus
814 4976 943 5044 judicare
992 4974 1222 5045 domusimplcta
1229 4980 1270 5029 est
1279 4990 1314 5028 cx
1324 4970 1563 5042 odoreuugueuti.
1572 4970 1726 5042 Dixitergo
1734 4989 1807 5028 uuus

133 5070 199 5124 mbos
210 5073 237 5124 et
248 5072 379 5123 mneos.
394 5068 465 5122 Ecce
478 5068 524 5123 ille
536 5068 585 5140 qui
599 5069 634 5122 ab
655 5068 760 5141 iniquis
772 5074 814 5125 est
829 5069 941 5140 judica·
993 5087 1027 5126 ex
1040 5069 1185 5141 discipulis
1198 5068 1259 5140 ejus
1269 5068 1355 5123 ludas
1369 5065 1530 5132 Scariothis,
1542 5064 1591 5136 qui
1604 5070 1664 5120 erat
1677 5082 1743 5121 eum
1753 5073 1809 5123 tra-

130 5167 172 5218 tus
183 5164 215 5218 in
226 5163 321 5232 terris,
335 5161 370 5217 de
383 5161 448 5218 sede
463 5162 566 5217 caelesti
577 5162 755 5234 judicaturus
779 5163 900 5218 advenit.
915 5162 943 5217 Si
992 5165 1104 5220 ditums
1116 5181 1122 5217 :
1134 5165 1224 5228 Quare
1236 5164 1289 5218 hoc
1302 5165 1481 5233 unguentum
1494 5174 1550 5212 non
1562 5158 1688 5215 vendidit
1701 5164 1808 5218 trecen·

124 5255 283 5328 judicatum
296 5255 740 5328 despicis,judicempertimescc.
753 5257 837 5312 Credo
847 5257 944 5327 iaSpi-
993 5260 1028 5314 tis
1041 5258 1173 5327 denariis,
1190 5263 1218 5312 et
1230 5258 1328 5312 datum
1342 5260 1384 5310 est
1396 5253 1511 5325 egenis?
1533 5251 1607 5308 Dixit
1626 5259 1722 5310 autem
1743 5256 1806 5326 boc,

126 5352 209 5406 mum
228 5355 363 5406 sunctum.
380 5349 408 5406 Si
420 5349 561 5406 credidisti
574 5351 663 5406 Deum
684 5353 796 5407 Patrem
810 5351 941 5422 omnipo·
992 5370 1049 5409 non
1064 5353 1130 5426 quia
1144 5353 1179 5407 de
1192 5351 1290 5423 egenis
1303 5348 1510 5420 pertinebatad
1526 5363 1603 5416 eum,
1618 5350 1667 5405 sed
1681 5350 1749 5422 quia
1762 5350 1808 5407 lur

125 5448 245 5516 butem,
259 5447 290 5500 et
300 5444 332 5499 in
344 5443 447 5499 Filium
472 5444 534 5516 ejus
546 5445 727 5516 unigenitum
741 5445 901 5518 perfidem,
915 5449 943 5500 et
992 5453 1062 5515 erat,
1076 5453 1104 5503 et
1121 5446 1227 5501 loculos
1245 5444 1361 5511 habens,
1373 5459 1406 5499 ea
1424 5459 1490 5517 quae
1508 5442 1696 5501 mittebantur
1714 5449 1808 5516 porta·

161 5588 272 5645 'Nulla
283 5588 330 5643 bic
342 5588 448 5644 mentio
469 5587 504 5643 de
521 5588 698 5660 processione
718 5606 752 5645 ex
771 5589 851 5657 Filio,
866 5588 943 5645 nulla
1028 5604 1040 5633 e
1056 5591 1098 5648 Sic
1112 5590 1142 5644 in
1155 5587 1243 5643 veteri
1259 5587 1424 5660 exemplari,
1440 5592 1472 5643 ut
1490 5587 1520 5643 in
1536 5588 1662 5660 Vulgata,
1681 5600 1739 5640 non
1754 5585 1804 5653 ju-

122 5664 192 5720 item
205 5659 459 5732 iulrainquadam
471 5659 556 5714 missa
568 5661 742 5716 Dominicali.
993 5670 1032 5721 ste
1058 5669 1136 5718 utcx
1150 5661 1255 5716 Gracc.

161 5733 284 5817 bliuto,
296 5732 443 5804 &pletum
456 5736 505 5796 est,
524 5732 600 5807 quod
613 5732 702 5788 minio
716 5732 889 5806 descriptum
913 5735 944 5790 iu
993 5708 1050 5865 Mili
1058 5731 1331 5864 ffifflgelium
1345 5732 1375 5788 in
1390 5730 1507 5788 Gothico
1519 5746 1571 5802 pro
1586 5729 1670 5786 musa
1682 5726 1713 5782 in
1723 5724 1805 5798 Sym·

230 5846 237 5861 ι
290 5902 429 5969 Parnoi.
452 5899 569 5969 uxxtt.
1613 5903 1654 5961 tu

121 5805 227 5865 Codice
