3884 6150
136 289 188 340 sss
575 280 756 339 ltlsl‘lh'lhlt'l
774 284 938 338 notente
960 282 1126 336 SELlJtl'lAE.
1147 282 1301 337 Ntlvllhbh
1320 283 1374 337 t'll.
1762 289 1813 343 942

134 408 233 462 neque
256 390 381 461 aliquem
399 391 608 460 xenodochum,
627 396 677 446 aut
696 390 948 461 ptochotrophum,
960 402 1045 474 Ares
1063 404 1080 442 a
1098 389 1297 444 communibus
1317 405 1350 443 ac
1365 388 1492 461 publicis,
1508 389 1737 462 quandoquidem
1751 408 1811 448 om-

131 489 186 539 aut
198 500 393 553 nosocomum,
406 490 455 538 ant
473 484 749 555 orphanotrophum,
763 486 813 538 aut
826 482 948 553 brepho·
1000 480 1080 535 nium
1089 497 1187 536 rerum
1193 481 1373 536 sanctissimis
1380 481 1503 537 ecclesiis
1509 481 1683 538 abundantia
1690 488 1718 540 et
1725 487 1813 541 status

132 578 283 648 hapham,
292 583 341 631 aut
352 581 651 648 gerontocomum,aut
660 576 896 631 monasteriorum
904 574 951 645 (vi-
1000 590 1035 629 ex
1050 573 1246 645 imperialibus
1260 573 1461 630 munificentiis
1483 581 1620 646 perpetuo
1637 577 1810 648 praebeatur.

133 686 238 725 rorum
258 669 300 724 vel
323 669 483 739 mulierum)
498 668 629 724 abbatem
644 686 695 724 seu
709 669 890 736 abbatissam,
902 673 951 723 aut
998 667 1150 722 Alterutris
1162 667 1260 739 itaque
1272 672 1495 739 compensantes,
1510 684 1574 739 quae
1584 669 1693 737 decent,
1708 686 1766 726 nou
1776 670 1812 725 ab

131 762 293 833 quemlibet
305 762 423 817 omnino
437 761 635 833 praesidentem
650 761 855 817 venerabilibus
868 761 950 816 colle
1000 758 1140 830 aliquibus
1149 760 1216 830 jure
1227 760 1429 832 culpabuntur.
1439 760 1529 815 Aliam
1541 777 1739 832 veroomuem,
1753 764 1811 819 sive

134 855 203 926 giis,
219 855 361 910 licentiam
375 855 477 910 babere
490 855 612 910 alienare
627 870 688 910 rem
700 854 886 921 immobilem,
902 858 951 909 aut
999 851 1142 923 adipsum
1155 853 1318 924 imperium,
1332 852 1433 908 sivead
1447 853 1532 909 aliam
1541 869 1740 926 quamcunque
1749 871 1811 926 per·

131 947 168 1002 in
181 948 318 1017 domibus,
333 951 384 1002 aut
400 948 431 1002 in
444 948 530 1018 agris,
546 950 595 1002 aut
607 948 636 1001 in
651 947 753 1016 hortis,
769 953 819 1002 aut
830 947 949 1002 omnino
1000 961 1100 999 sonam
1114 945 1227 1015 factam,
1244 946 1301 1001 sive
1319 945 1510 1002 venditionem
1533 947 1590 1002 sive
1612 948 1811 1020 emphyteusin

132 1040 167 1095 in
180 1040 342 1112 hujusmodi
352 1041 565 1110 consistentem,
581 1057 675 1111 neque
694 1041 831 1095 rusticum
841 1040 948 1095 manci·
998 1041 1165 1109 perpetuam
1180 1039 1296 1094 omniuo
1315 1039 1492 1111 perimimus.
1513 1039 1566 1096 Sed
1582 1055 1675 1112 neque
1687 1041 1811 1097 donatio

134 1133 228 1205 pium,
243 1149 334 1205 neque
342 1133 454 1188 civilem
462 1150 614 1203 annonam,
626 1149 679 1189 nec
689 1149 740 1205 per
751 1132 879 1204 specialis
889 1132 950 1205 pig·
998 1145 1076 1198 nem,
1091 1129 1147 1185 sive
1160 1132 1409 1202 permutationem,
1423 1132 1481 1186 sire
1497 1130 1641 1187 dationem
1663 1132 1810 1203 quusdam

134 1223 215 1276 noris
225 1222 401 1276 occasionem
412 1222 521 1277 tradere
538 1221 733 1277 creditoribus.
998 1221 1126 1293 pignoris
1137 1224 1168 1277 in
1179 1240 1210 1278 re
1221 1223 1362 1279 immobili
1371 1224 1474 1279 laetam
1487 1224 1632 1280 occasione
1642 1230 1809 1281 mutuorum

171 1314 356 1369 alienationis
369 1319 465 1369 autem
481 1331 587 1370 nomeu
601 1314 760 1386 generalius
773 1313 837 1369 ideo
850 1313 946 1386 posui·
997 1313 1059 1369 tleri
1070 1315 1198 1371 sinimus.
1213 1316 1247 1370 Et
1258 1316 1320 1372 brec
1332 1317 1425 1372 valere
1437 1317 1567 1373 volumus
1581 1317 1611 1372 in
1626 1318 1705 1373 omni
1719 1318 1806 1375 eccle·

131 1423 210 1476 mus,
224 1412 254 1462 ut
266 1407 466 1478 prohibeamus
479 1411 507 1462 et
520 1407 711 1462 venditionem
724 1411 753 1462 et
765 1406 948 1462 donatiouem
997 1407 1048 1478 sia,
1063 1408 1198 1480 omnique
1214 1410 1397 1477 monasterio,
1414 1415 1442 1464 et
1455 1409 1628 1479 nosocomio,
1643 1415 1670 1466 et
1682 1412 1808 1467 xenodo-

132 1505 163 1554 ct
176 1500 426 1571 computationem,
441 1506 469 1555 et
482 1501 512 1554 in
532 1504 700 1571 perpetuum
714 1505 862 1555 extensam
885 1517 946 1554 em·
997 1500 1071 1568 chio,
1079 1503 1108 1556 et
1116 1501 1341 1572 brephotrophio
1354 1505 1383 1558 et
1391 1503 1533 1573 asceterio,
1541 1506 1570 1558 et
1584 1504 1807 1574 gerontocomio,

133 1592 297 1664 phytcusim
312 1608 376 1664 que
388 1609 447 1647 nan
461 1592 606 1664 proculab
619 1592 791 1647 alienatione
809 1592 946 1663 consistit,
996 1594 1026 1647 et
1036 1593 1114 1647 omni
1126 1593 1253 1648 absoluta
1268 1593 1398 1665 collegio,
1414 1594 1490 1666 quod
1502 1593 1576 1650 actio
1588 1594 1637 1666 pia
1650 1595 1805 1662 constituit,

134 1685 186 1740 sed
198 1701 296 1740 omues
318 1685 423 1755 ubique
441 1685 595 1740 sacerdotes
612 1685 648 1739 ab
665 1685 827 1755 huq'usmodi
840 1685 945 1740 aliena-
996 1685 1075 1741 nullo
1087 1685 1200 1757 penitus
1212 1685 1317 1741 horum
1329 1686 1455 1758 accipere
1464 1686 1572 1758 aliquid
1587 1686 1621 1741 ab
1636 1686 1675 1741 ais
1684 1687 1806 1744 valente.

134 1776 214 1832 tione
228 1777 421 1849 prohibemus,
435 1778 594 1834 subdendos
610 1778 711 1849 poenis,
729 1777 831 1848 quibus
848 1771 986 1843 LeonisB
998 1779 1076 1833 Unde
1096 1794 1189 1849 neque
1210 1779 1408 1835 constitutione
1421 1778 1559 1835 Anastasii
1574 1779 1644 1834 divae
1658 1779 1807 1836 memorias

134 1868 191 1940 piae
201 1871 346 1925 memorias
357 1887 405 1925 usa
417 1875 459 1926 est
468 1870 629 1926 constitutio
643 1887 650 1924 ε
665 1871 743 1925 illam
757 1887 880 1943 namque
896 1887 948 1942 per
998 1870 1114 1926 ulterius
1127 1888 1198 1943 opus
1214 1872 1277 1942 erit,
1292 1888 1385 1944 neque
1411 1871 1565 1927 secundum
1582 1872 1659 1927 illam
1677 1873 1808 1929 iacienda

135 1962 232 2017 omnia
244 1964 336 2019 valere
349 1970 378 2019 et
391 1969 482 2020 ratam
494 1981 554 2019 esse
567 1963 719 2020 sancimus.
740 1965 879 2018 Praeterea
894 1981 946 2017 au·
996 1962 1107 2018 decreta
1119 1968 1284 2020 memorata
1296 1963 1508 2020 observationis.
1519 1964 1668 2036 lpsaenim
1680 1965 1722 2021 rei
1731 1965 1808 2036 prin·

134 2057 193 2110 tem
213 2056 412 2127 proposuimus
433 2059 461 2112 et
479 2057 658 2127 protulimus,
680 2061 707 2111 et
729 2057 946 2127 conscripsimus
996 2055 1070 2127 cipis
1077 2057 1258 2128 perimentes,
1270 2057 1485 2129 etprohibentes
1493 2057 1616 2130 quodlit,
1628 2074 1808 2130 nequaquam

132 2147 208 2204 hanc
219 2149 312 2219 legem
325 2165 383 2204 non
398 2155 517 2220 paterna
531 2165 608 2217 voce,
627 2148 675 2203 sed
691 2148 743 2203 hac
758 2149 904 2204 communi
918 2153 946 2203 et
995 2150 1217 2219 perscrutatione
1231 2150 1364 2221 deinceps
1377 2149 1579 2222 indigebimus.

132 2241 240 2310 Grceca,
253 2245 287 2296 ut
297 2242 428 2296 omnibus
436 2241 474 2297 sit
487 2247 553 2296 uota
562 2243 678 2313 propter
687 2242 798 2297 facilem
807 2242 947 2314 interpre·
1031 2241 1361 2313 Emphytcusiueutem
1377 2242 1434 2298 sive
1453 2243 1484 2297 in
1505 2242 1680 2299 sanctissima
1699 2243 1807 2315 majore

133 2333 280 2388 tationem.
996 2335 1118 2404 ecclesia,
1132 2335 1189 2391 sive
1198 2335 1492 2407 inomuibusreliquis
1501 2336 1652 2391 adorandis
1662 2336 1805 2407 domibus,

169 2425 251 2489 Quod
264 2425 425 2498 itaquejam
439 2426 585 2497 preteriit,
593 2426 792 2497 relinquimus.
808 2427 881 2482 Nam
892 2428 945 2483 do·
995 2425 1056 2482 lieri
1069 2427 1197 2497 sinimus,
1212 2432 1239 2483 et
1252 2429 1282 2483 in
1292 2444 1415 2499 persona
1426 2427 1598 2499 accipientis,
1608 2433 1636 2483 et
1649 2429 1681 2483 in
1695 2428 1807 2483 duobus

132 2523 264 2572 cumenta
283 2522 343 2572 tam
364 2517 449 2590 longo
472 2518 507 2572 ab
529 2518 595 2573 hinc
610 2522 738 2590 tempore
757 2520 831 2575 lacta
851 2521 946 2576 denuo
995 2519 1121 2589 ejusdem
1142 2537 1270 2592 personae
1290 2520 1454 2575 haeredibus
1467 2519 1609 2591 deinceps,
1623 2520 1688 2575 filiis
1700 2521 1805 2577 dunta-

130 2626 324 2681 commovere,
334 2612 433 2666 multae
442 2611 748 2683 erittergiversationis.
757 2613 944 2685 Quapropter,
995 2616 1042 2666 xat
1056 2613 1121 2666 solis
1135 2613 1268 2669 masculis
1280 2617 1330 2668 aut
1340 2612 1462 2681 feminis,
1475 2618 1525 2668 aut
1535 2613 1685 2683 nepotibus
1698 2614 1806 2668 utrius·

132 2719 200 2774 quae
210 2720 298 2776 usque
312 2704 366 2759 bue
379 2705 514 2760 haetenus
527 2709 648 2774 exstant,
661 2705 808 2777 proprium
822 2705 946 2761 habeant
994 2719 1049 2774 que
1074 2720 1167 2772 sexus,
1185 2709 1235 2760 aut
1246 2721 1345 2774 uxore,
1365 2709 1414 2759 aut
1428 2705 1497 2774 viro,
1513 2705 1536 2758 si
1554 2705 1608 2759 hoc
1627 2705 1755 2760 videlicet
1770 2706 1805 2761 ds

131 2795 273 2866 vigorem,
289 2797 323 2851 de
336 2801 438 2852 caetero
450 2801 546 2852 autem
560 2814 674 2853 omnem
687 2798 890 2853 alienationem
898 2797 943 2852 iu-
994 2812 1083 2851 uxore
1095 2799 1144 2850 aut
1157 2796 1227 2866 viro,
1240 2797 1396 2869 expressim
1414 2797 1594 2864 nominetur;
1608 2796 1734 2869 alioquin
1748 2813 1806 2853 non

131 2887 307 2958 terdicimus,
321 2889 470 2960 praedictas
486 2890 525 2944 eis
537 2906 634 2961 poenas
648 2891 837 2962 imponentes.
993 2888 1113 2944 transire
1126 2889 1164 2944 ad
1175 2890 1297 2962 aliquem
1309 2890 1431 2945 alterum
1444 2888 1599 2957 haeredem,
1612 2889 1661 2945 sed
1673 2891 1806 2962 usquead

169 2982 205 3036 Ut
217 2986 313 3038 autem
325 2982 371 3038 lex
384 2982 420 3038 ed
433 2982 567 3037 humanae
581 2988 690 3039 naturae
705 2983 869 3039 varietatem
884 2999 945 3054 per·
993 2982 1082 3036 solam
1095 2982 1182 3037 vitam
1196 2982 1412 3054 percipientium
1434 2983 1578 3050 standum,
1592 2982 1647 3037 nisi
1667 2982 1739 3037 filios
1757 2989 1807 3039 aut

130 3079 258 3142 maneat,
278 3080 306 3130 et
319 3075 356 3130 ad
369 3074 398 3129 id
415 3075 490 3147 quod
511 3092 622 3147 semper
635 3077 713 3131 veuit
725 3076 942 3147 accommodata,
993 3077 1109 3146 nepotes
1122 3074 1284 3130 habuerint.
1298 3074 1386 3130 Aliter
1397 3077 1494 3130 autem
1506 3074 1619 3145 penitus
1632 3074 1804 3147 emphyteu-

130 3167 296 3238 peremnia
315 3167 431 3223 immota
451 3172 622 3239 permaneat
634 3168 711 3240 (quid
725 3168 801 3224 enim
815 3185 875 3225 esse
891 3186 943 3240 po·
954 3128 982 3204 C
993 3167 1037 3222 siu
1048 3167 1095 3239 agi
1105 3167 1299 3223 ecclesiasticae
1313 3167 1470 3238 cujusdam,
1486 3170 1535 3222 aut
1544 3166 1682 3238 ptochicae
1691 3167 1733 3222 rei
1747 3168 1802 3222 im-

90 3278 94 3285 *
130 3261 188 3314 test
207 3260 306 3315 stabile
327 3261 403 3317 iuter
424 3261 552 3315 homiues
568 3266 597 3315 ct
616 3261 771 3330 immobile,
790 3267 821 3318 ut
834 3262 943 3317 nubam
992 3259 1113 3327 mobilis,
1132 3264 1181 3315 aut
1201 3260 1337 3332 mancipii
1361 3260 1469 3330 rustici,
1491 3264 1541 3314 aut
1561 3258 1649 3314 civilis
1673 3275 1803 3328 annouoe,

130 3351 256 3424 patiatur
269 3354 464 3423 mutationem,
476 3371 540 3409 cum
561 3354 652 3409 omnis
670 3358 767 3410 noster
786 3359 874 3410 status
891 3355 943 3409 sub
992 3352 1161 3408 nullomodo
1175 3353 1374 3424 permittimus,
1387 3368 1480 3423 neque
1492 3350 1568 3422 quod
1577 3351 1619 3419 tlt,
1629 3350 1743 3423 aliquod
1754 3368 1804 3425 pe·

130 3450 271 3516 perpetuo
284 3453 363 3502 motu
377 3447 511 3502 consistat
522 3448 552 3518 ‘lt
567 3447 757 3503 necessarium
770 3447 942 3502 existimavi·
991 3445 1069 3500 nitus
1083 3445 1169 3500 robur
1183 3445 1288 3500 habere
1301 3444 1431 3499 sinimus.

130 3553 207 3608 mus,
219 3540 353 3610 quasdam
360 3541 541 3612 exceptiones
554 3541 622 3596 dare
634 3539 702 3611 legi,
717 3556 781 3594 cum
795 3540 892 3595 multis
904 3540 944 3595 vi·
1026 3537 1098 3602 Quia
1111 3554 1177 3593 vero
1191 3537 1290 3592 Leoms
1299 3536 1415 3609 quidem
1428 3535 1481 3607 pire
1496 3534 1651 3604 memoriae,
1664 3534 1801 3613 coustitu-

131 3629 209 3702 giliis
223 3636 251 3686 et
263 3632 417 3688 subtilitate
432 3634 606 3702 adinventas,
620 3637 653 3688 ut
665 3648 711 3688 eas
725 3632 831 3689 habeus
845 3633 876 3689 in
890 3650 941 3689 au·
991 3632 1031 3687 tio
1042 3632 1094 3687 sub
1107 3632 1184 3686 nulla
1195 3630 1309 3704 penitus
1318 3628 1511 3685 deminutione
1518 3629 1580 3685 dari
1593 3631 1804 3686 ramecclesias·

129 3723 201 3780 xilio
213 3723 268 3795 lex,
283 3742 465 3799 nequaquam
474 3733 629 3783 moveatur.
990 3725 1077 3781 ticam
1091 3724 1217 3795 saucivit,
1232 3739 1285 3779 nos
1297 3728 1392 3812 autam
1404 3722 1434 3776 in
1442 3721 1496 3777 alia
1509 3722 1740 3780 constitutiones
1753 3741 1803 3779 no·

168 3817 292 3874 Sinimus
304 3835 372 3891 ergo
388 3820 519 3893 imperio,
534 3820 558 3875 si
572 3837 628 3892 qua
640 3821 798 3876 eommunis
817 3837 943 3878 commo·
991 3818 1034 3874 bis
1046 3819 1162 3889 scripta,
1178 3820 1286 3872 sextam
1306 3816 1397 3871 solum
1411 3814 1502 3886 excipi
1523 3831 1608 3888 super
1619 3816 1800 3890 emphyteusi

130 3909 205 3966 ditas
214 3917 265 3981 est,
272 3916 391 3968 etcausa
399 3913 435 3968 ad
442 3914 591 3969 utilitatem
604 3913 764 3984 reipublice
774 3914 941 3986 respiciens,
992 3910 1169 3981 sancivimus,
1190 3908 1353 3980 hujusmodi
1375 3908 1527 3979 quemdam
1542 3907 1746 3966 deminutionis
1756 3910 1801 3966 rei

131 4008 161 4059 et
179 4003 265 4059 talem
288 4006 404 4079 exigens
425 4008 628 4078 possessiouem
646 4007 765 4078 alicujus
790 4007 942 4064 immobilis
990 4004 1120 4061 ordinem
1137 4004 1247 4078 damus,
1263 4006 1296 4058 ut
1309 4006 1456 4074 quaeratur
1475 4002 1630 4058 cumomni
1645 4003 1760 4060 veritate
1772 4009 1801 4061 et

129 4095 184 4165 rai,
199 4097 311 4168 qualem
325 4099 536 4170 proposuimus,
547 4100 620 4154 hanc
636 4099 661 4155 ei
675 4115 692 4153 a
706 4082 889 4156 sanctissimis
899 4117 942 4156 ec·
990 4098 1144 4154 subtilitate
1163 4096 1263 4168 pensio
1282 4111 1382 4151 eornm
1406 4110 1470 4166 quae
1491 4094 1605 4164 dautur,
1618 4099 1744 4151 autanta
1765 4095 1802 4152 sit

129 4188 233 4258 clesiis,
247 4190 398 4262 etrebquis
407 4192 612 4248 venerabilibus
622 4192 755 4249 domibus
765 4198 794 4249 et
803 4195 939 4266 collegiis,
989 4190 1141 4263 quantatab
1155 4190 1234 4246 initio
1247 4188 1343 4259 luerit,
1355 4187 1471 4260 quaudo
1490 4187 1525 4241 ad
1537 4177 1742 4243 sanctissimam
1753 4204 1798 4244 ve-

127 4280 275 4352 pereipere
287 4282 379 4353 licere,
392 4284 518 4357 undique
532 4285 616 4341 sacris
625 4284 757 4341 domibus
770 4284 940 4341 indemnita-
988 4284 1031 4339 uit
1042 4283 1197 4350 ecclesiam,
1214 4287 1243 4337 at
1250 4282 1333 4337 detur
1342 4278 1535 4351 emphyteusis
1546 4278 1650 4334 talibus
1658 4280 1796 4351 personis,

125 4376 156 4428 te
169 4379 288 4445 servata,
303 4379 542 4449 recompensanda
555 4395 586 4434 re
595 4379 636 4434 eis
647 4379 683 4434 ab
693 4394 728 4434 eo
738 4378 789 4451 qui
802 4377 938 4451 percepit,
988 4379 1084 4450 quales
1096 4376 1204 4432 dudum
1218 4374 1350 4430 diximus.
1363 4372 1440 4426 Tunc
1463 4370 1541 4425 enim
1559 4374 1670 4427 sextam
1687 4377 1798 4444 partem

127 4481 212 4537 mque
224 4471 273 4522 aut
287 4468 372 4524 etiam
390 4471 506 4541 majore,
522 4488 607 4542 quam
621 4471 686 4527 data
698 4476 748 4527 cst.
767 4471 841 4536 Quid
860 4471 937 4527 enim
946 4493 976 4566 D
986 4483 1052 4522 cum
1066 4462 1279 4538 scrupulositate
1294 4458 1492 4531 imputandam
1504 4457 1696 4515 concedimus.
1710 4459 1739 4515 si
1751 4477 1798 4517 ve·

125 4563 261 4614 causetur
271 4560 435 4633 imperator,
449 4579 485 4619 ne
499 4565 615 4620 meliora
629 4565 687 4633 det,
701 4562 745 4620 cui
756 4564 879 4635 plurima
893 4565 938 4620 de-
986 4577 1019 4617 ro
1032 4558 1123 4615 minui
1137 4554 1289 4627 contigerit
1299 4568 1351 4624 per
1364 4550 1517 4623 quamdam
1531 4550 1717 4607 calamitatem
1728 4569 1797 4625 pen·

124 4634 171 4706 dit
181 4651 287 4709 habere
300 4656 381 4726 Deus,
397 4659 427 4711 et
440 4657 595 4713 multorum
608 4657 757 4714 dominum
772 4673 845 4725 csse,
861 4662 890 4713 et
904 4661 937 4712 ut
986 4654 1105 4721 sionem,
1118 4649 1204 4705 autin
1213 4652 1306 4704 totam
1314 4651 1383 4702 tunc
1392 4647 1570 4700 constantem
1577 4644 1743 4716 pemionem
1752 4662 1796 4703 ae·

125 4743 208 4799 laede
227 4745 293 4803 dare
307 4751 409 4818 potest,
423 4754 452 4804 et
464 4750 586 4806 maxime
600 4750 630 4806 iu
647 4749 830 4807 sanctissimis
852 4751 938 4807 eccle·
985 4748 1079 4820 cipiet,
1086 4745 1136 4817 qui
1145 4738 1342 4814 emphyteusin
1351 4738 1445 4794 subire
1456 4737 1526 4806 vult,
1534 4741 1584 4792 aut
1592 4737 1796 4809 penitusabsti·

125 4837 186 4907 siis,
197 4836 228 4893 iu
237 4839 340 4910 quibus
352 4843 444 4898 omnis
456 4843 623 4899 donatarum
633 4845 672 4900 eis
682 4860 779 4900 rernm
792 4845 936 4901 immensi-
985 4844 1060 4910 neat,
1071 4854 1136 4894 cum
1143 4836 1225 4892 liccat
1232 4834 1341 4889 elocare
1348 4831 1441 4904 potius
1451 4846 1537 4903 quam
1545 4828 1794 4888 talesdcminutio-

125 4933 170 4986 tas
188 4932 295 5002 optima
308 4951 441 4991 mensura
453 4941 496 4993 est
512 4938 526 4992 ‘l
542 4937 621 4993 Unde
635 4931 658 4992 si
673 4937 740 5008 quid
765 4939 821 4993 tale
833 4937 891 5006 ilat,
907 4943 936 4993 et
986 4951 1036 4991 nes
1044 4933 1075 4988 iu
1088 4926 1266 5002 emphyteusi
1275 4925 1426 4982 celebrare·
1438 4923 1467 4980 Si
1475 4939 1543 4978 V0f⁰
1552 4921 1793 4993 ffl⁰¹¹l¹¹⁸0⁶⁰l⁰³i·

123 5026 302 5096 pragmatica
324 5031 491 5099 processerit
511 5031 609 5101 forms,
629 5031 794 5104 precipiens
813 5029 934 5102 imperio
984 5014 1795 5092 asticisuburbauipraediiemphyteusisdetur,qualiaplu·

124 5115 194 5172 dare
206 5119 313 5190 aliquid
326 5122 426 5178 talium
441 5139 546 5194 rernm,
560 5128 589 5180 et
600 5125 856 5196 recompensaverit
868 5140 934 5179 mox
984 5121 1067 5190 rima,
1081 5116 1204 5174 maxime
1216 5114 1246 5168 iu
1259 5113 1312 5168 hac
1325 5109 1457 5166 novimus
1466 5106 1627 5163 felicissima
1636 5108 1792 5167 comistere

122 5225 187 5266 rem
196 5212 352 5284 meliorem,
363 5219 392 5271 ct
402 5216 572 5287 uberiorem,
583 5221 611 5273 et
622 5218 773 5285 utiliorem,
785 5217 935 5288 siteaper-
984 5213 1108 5276 civitate,
1116 5210 1206 5267 multo
1214 5202 1423 5279 quidemdigua
1432 5199 1533 5272 pretio,
1541 5215 1640 5269 parvas
1651 5216 1719 5258 vero
1729 5203 1793 5259 red-

121 5303 245 5359 mutatio
259 5304 351 5376 firma,
361 5313 389 5363 et
401 5309 431 5363 hi
440 5310 489 5380 qui
500 5309 651 5381 president
660 5310 802 5378 domibus,
814 5325 934 5380 quarum
983 5307 1079 5363 dantia
1091 5303 1251 5378 pensiones,
1261 5302 1310 5352 aut
1323 5293 1396 5350 nihil
1414 5291 1585 5365 pensionum
1602 5293 1719 5349 omnino
1734 5311 1793 5351 uon

122 5396 255 5468 estquod
272 5399 420 5471 alienatur,
431 5404 461 5457 et
477 5403 525 5474 qui
537 5403 638 5458 talibus
649 5403 848 5458 administrant
861 5403 935 5458 litte·
983 5420 1019 5459 ex
1030 5399 1166 5457 reditibus
1178 5390 1273 5450 metiri
1282 5386 1491 5460 emphyteusin,
1509 5385 1557 5441 sed
1570 5386 1710 5442 aestimare
1722 5387 1790 5443 sub-

121 5487 173 5558 tis,
184 5488 369 5564 sinequcrela
378 5494 573 5567 undiquesint,
584 5496 692 5552 nullam
709 5497 935 5566 metuentespce-
982 5495 1125 5552 urbanum
1144 5484 1293 5553 subtiliter,
1316 5486 1346 5537 et
1365 5479 1488 5552 reputari
1508 5494 1542 5534 ax
1557 5479 1651 5552 pretio
1675 5479 1792 5538 redacto

122 5603 237 5657 mrum,
251 5606 316 5662 qnae
330 5608 346 5646 a
359 5592 452 5649 Leone
467 5594 521 5666 piae
536 5593 680 5650 memoriae
697 5593 931 5661 interminantur,
984 5587 1091 5644 reditus
1111 5577 1258 5655 possibiles
1271 5576 1301 5630 iu
1318 5573 1419 5647 viginti
1435 5572 1517 5628 anuis
1536 5569 1703 5642 computari,
1720 5569 1794 5630 etin

123 5684 177 5739 eta
186 5682 270 5738 nobis
282 5683 482 5743 brmatoesuut.
494 5689 593 5761 Utique
611 5704 677 5744 cum
687 5703 740 5742 uec
750 5687 873 5743 multum
882 5685 935 5742 dif-
982 5672 1282 5738 reditibusseeuudum
1290 5668 1344 5724 hoc
1350 5664 1518 5739 computatis
1525 5664 1573 5734 agi
1580 5661 1793 5736 emphyteusin,

121 5773 260 5832 terantab
267 5777 596 5838 altamtrosaeerdotium
604 5787 632 5838 et
640 5781 802 5853 imperium,
813 5783 935 5837 etsacrae
982 5790 1042 5833 nou
1054 5774 1201 5845 perpetuo,
1211 5764 1260 5822 sed
1271 5763 1303 5820 in
1317 5778 1384 5821 sum
1395 5759 1445 5832 qui
1455 5755 1586 5830 percipit,
1597 5754 1627 5809 st
1634 5752 1705 5810 duas
1714 5768 1752 5815 ex
1759 5774 1797 5819 sc
