3878 6150
144 269 191 328 tel
722 278 847 333 secuti
868 277 963 333 SEth
984 279 1261 336 supplantarent.
1778 281 1825 339 ιιι

143 380 173 434 ln
198 380 272 436 illius
295 383 391 438 autem
409 383 536 439 officium
557 384 673 439 introire
693 388 742 458 qui
773 388 877 443 missus
904 383 1131 471 estAmerises,
1152 407 1185 444 ax
1201 405 1258 461 quo
1269 389 1330 443 haee
1340 390 1384 444 lex
1394 390 1538 446 insinuata
1548 391 1644 457 luerit,
1660 390 1724 444 haec
1737 405 1827 444 corre·

145 478 174 530 et
186 475 260 530 lianc
280 494 345 531 eum
370 479 494 532 avaritiae
514 480 588 533 terre
608 480 782 536 mercedem.
808 483 957 539 Custodire
1008 484 1148 550 rerinl,et
1160 483 1196 538 ad
1207 485 1331 555 figuram
1345 484 1452 538 anobis
1463 484 1627 538 ordinatam
1642 483 1825 551 deduxerint,

144 586 212 624 rere
228 571 289 624 haec
309 571 396 624 etiam
412 573 470 626 [leo
487 573 698 628 amantissimos
711 576 878 631 defensores
891 596 957 633 san·
1009 578 1060 632 sub
1075 578 1209 648 praedicta
1219 594 1303 648 poena
1318 578 1396 631 fient.
1408 579 1576 632 liaecautem
1590 577 1636 648 agi
1646 593 1712 630 cum
1723 577 1824 631 verita·

145 664 277 718 ctissime
301 665 419 735 majoris
439 666 576 733 ecclesiae,
598 684 711 736 poenam
731 671 920 725 formidantes
940 690 958 728 ιι
1009 675 1046 735 te,
1062 688 1120 724 non
1136 688 1187 741 per
1198 672 1326 742 aliquam
1335 672 1660 738 calumniamvolunmS,
1681 671 1825 724 veracium

145 757 283 811 librarum
307 758 380 824 ariri,
408 760 429 812 si
458 760 528 830 quid
564 763 750 831 neglexerint.
784 765 840 818 Sed
871 767 959 836 gratis

146 851 244 904 omnia
266 853 432 921 procedere.
449 854 556 908 lleinde
574 855 680 909 etenim
704 856 905 913 defunctiones
930 864 959 914 et

145 944 314 1014 ministeria,
326 963 384 999 non
403 963 454 1016 per
464 947 667 1015 venditionem,
679 966 731 1003 uec
745 967 796 1020 per
811 953 959 1007 mercatio·

145 1055 211 1092 nem
235 1039 296 1093 beri
318 1039 444 1110 aliquam
459 1044 599 1107 volumus,
624 1042 674 1096 scd
696 1060 766 1114 pure
787 1046 957 1101 etcitrare·

144 1133 350 1204 demptionem.
373 1134 418 1188 Sic
432 1135 509 1188 enim
525 1136 565 1188 rei
581 1136 660 1205 digni
679 1137 749 1191 sient
765 1140 843 1194 nulla
862 1141 958 1195 vendi·

143 1225 222 1280 tione
236 1243 268 1280 ac
279 1227 453 1281 mercatione
473 1229 612 1282 facienda.
629 1231 688 1284 Tua
704 1231 790 1302 igilur
800 1234 957 1302 beatitudo,

144 1325 172 1373 et
187 1320 236 1389 qui
249 1324 349 1390 postca
364 1321 393 1374 ιιι
409 1321 584 1391 pontificales
597 1325 769 1379 accesserint
785 1327 877 1397 sedes,
894 1345 957 1399 quae

144 1413 254 1466 anobis
267 1413 398 1468 ordinata
411 1418 487 1484 suut,
504 1418 533 1469 et
554 1432 607 1486 per
627 1417 701 1472 hanc
724 1418 869 1474 declarata
891 1426 959 1476 sunt

143 1506 248 1576 legem,
270 1507 350 1575 operi
367 1507 536 1580 effectuique
562 1510 675 1566 tradere
696 1513 821 1568 festinet.
842 1515 904 1569 llat.
927 1532 957 1571 ur

144 1599 206 1652 llal.
221 1601 289 1653 lior.
304 1600 451 1655 Constant.
469 1602 539 1674 imp.
555 1604 582 1659 d.
598 1621 626 1658 n.
640 1605 741 1660 lustin.
759 1611 831 1678 Aug.
848 1624 895 1662 an.
912 1612 956 1676 ll,

143 1697 209 1764 post
220 1693 293 1748 Bilis.
308 1710 335 1748 v.
350 1711 373 1748 c.
386 1711 464 1749 cens.
480 1713 547 1750 ann.
562 1701 588 1751 ι.

424 1798 583 1855 NOVELLA
596 1802 672 1856 LVll.

183 1882 216 1933 Ut
232 1882 261 1933 in
274 1884 394 1948 pavetis
407 1882 529 1936 domitus
542 1901 620 1938 secra
632 1890 763 1954 mysteria
776 1903 828 1942 nea
842 1892 919 1958 fient.

179 1973 337 2042 imperator
348 1975 524 2030 iustinianus
536 1981 677 2049 Augustus
689 1980 799 2036 ldennae
813 1982 955 2054 archiepi-

143 2080 228 2135 scopo
241 2066 329 2135 regiae
343 2067 463 2122 civitatis
476 2071 805 2143 Constantinopolitano.

1010 764 1087 818 enim
1105 765 1289 819 solummodo
1313 782 1409 819 sumus
1426 769 1578 819 amatores.
1597 765 1661 818 llaec
1682 765 1826 819 sancimus

1008 862 1087 912 tuam
1099 859 1240 912 custodire
1248 857 1457 924 celsitudinem,
1466 863 1495 912 et
1506 859 1576 912 nibil
1585 859 1642 912 tale
1652 858 1716 912 sieri
1728 874 1825 912 conce·

1009 951 1086 1005 dere.
1096 951 1331 1022 Seitoenirnquia
1344 951 1570 1015 sididicerimus‚
1586 951 1636 1005 tibi
1650 952 1705 1005 tale
1719 951 1827 1021 aliquid

1009 1044 1222 1111 denuntiatum,
1231 1044 1334 1098 deinde
1346 1062 1402 1100 non
1412 1045 1592 1115 prohibuisti,
1603 1048 1655 1098 aut
1664 1049 1705 1113 tu,
1713 1049 1826 1099 autsue·

1008 1153 1134 1191 cessores
1147 1137 1188 1191 tui
1200 1137 1362 1208 quicunque
1371 1138 1469 1204 luturi,
1481 1138 1540 1208 ipse
1550 1137 1669 1207 quidem
1682 1138 1825 1208 quinqua·

1009 1230 1088 1301 ginta
1100 1230 1235 1284 librarum
1244 1231 1306 1284 auri
1319 1247 1446 1300 expones
1457 1247 1582 1301 poenam,
1594 1230 1645 1284 sed
1660 1235 1689 1284 et
1705 1230 1756 1301 qui
1770 1248 1826 1284 suc·

1008 1339 1133 1378 cessores
1149 1323 1257 1392 cinguli
1270 1325 1386 1378 luerint.
1397 1325 1504 1379 Parcus
1515 1327 1611 1378 autem
1627 1324 1679 1378 tibi
1698 1325 1826 1378 olsrcium

1008 1417 1159 1471 sustinebit
1174 1417 1251 1471 idem
1275 1417 1426 1483 damnum,
1444 1417 1466 1470 si
1480 1433 1541 1471 rem
1561 1418 1645 1471 nobis
1667 1417 1826 1471 studiosam

1008 1515 1038 1565 et
1052 1510 1238 1564 sanctissimae
1254 1509 1383 1565 Ecclesia
1402 1509 1611 1564 custodientem
1630 1510 1786 1574 unitatem,
1801 1515 1828 1565 et

1007 1604 1287 1675 prohibentemque
1300 1604 1406 1658 anobis
1419 1607 1518 1675 aparte
1527 1603 1771 1670 interdietasunt,
1783 1604 1826 1674 agi

1007 1698 1131 1752 latenter
1150 1713 1265 1768 passum
1282 1700 1334 1764 est,
1353 1700 1383 1751 et
1399 1697 1545 1768 despicere
1569 1697 1775 1764 commissum,
1801 1702 1827 1753 et

967 1768 996 1839 Β
1007 1790 1181 1860 cireaipsum
1188 1790 1337 1860 cingulum
1345 1790 1561 1861 periclitabitur,
1573 1791 1694 1861 insuper
1702 1790 1825 1862 etipsam

1008 1884 1125 1938 domum
1141 1883 1171 1937 in
1190 1900 1247 1953 qua
1266 1883 1374 1955 aliquid
1396 1884 1452 1938 tale
1466 1884 1571 1954 agitur,
1587 1883 1652 1939 deri
1667 1884 1823 1955 publicam,

1007 1981 1036 2031 et
1060 1977 1111 2031 sub
1134 1977 1357 2032 sacratissimum
1376 1977 1473 2032 venire
1497 1977 1644 2032 cerarium.
1681 1978 1823 2048 Scriptum

1007 2071 1181 2141 exemplare
1197 2071 1279 2125 nobis
1293 2075 1321 2125 et
1342 2071 1521 2125 sanctissimo
1543 2071 1719 2142 patriarchae
1740 2071 1824 2125 felicis

178 2160 210 2212 Et
222 2159 321 2229 priscis
331 2163 470 2216 sancitum
483 2165 845 2237 estlegibussnullipenitus
856 2169 957 2223 esseli-
1007 2164 1091 2234 hujus
1112 2163 1198 2230 urbis,
1215 2167 1247 2216 ut
1266 2168 1296 2218 et
1314 2164 1375 2234 ipse
1395 2165 1479 2233 hujus
1495 2167 1584 2234 ponat
1605 2165 1648 2218 rei
1673 2163 1822 2234 providen-

142 2252 265 2306 centiam
277 2252 428 2325 domique.
439 2257 957 2333 sacratissimasuutagere,sedpubli-
1006 2259 1085 2313 tiam.
1108 2258 1242 2311 Volumus
1261 2257 1339 2311 enim
1359 2257 1575 2313 sacerdotaliter
1601 2261 1631 2311 et
1649 2256 1823 2328 judicialiter

142 2345 274 2400 cesinere
282 2348 908 2416 procedereincredulitatemetlleiculturam
916 2373 958 2409 se·
1006 2352 1068 2406 hac
1081 2353 1192 2405 servata
1202 2350 1306 2405 durare
1317 2350 1497 2421 inreliquum
1506 2355 1619 2422 tempus
1634 2356 1664 2405 et
1672 2351 1823 2404 immutila-

141 2439 266 2493 cundum
277 2441 453 2497 sanctionem
465 2444 499 2497 de
513 2445 680 2500 hissaeratis
691 2448 800 2501 actibus
811 2449 954 2519 traditam,
1006 2448 1044 2499 ta.
1062 2446 1125 2499 bat.
1139 2461 1169 2498 ιιι
1184 2461 1210 2499 ιι.
1224 2445 1295 2499 Νον.
1307 2445 1453 2499 Constant.
1471 2444 1541 2515 imp.
1555 2444 1584 2498 d.
1600 2461 1629 2498 n.
1652 2446 1665 2499 J
1671 2443 1757 2498 uslin·
1773 2445 1820 2498 PP-

142 2535 231 2585 etnos
241 2533 327 2587 etiam
339 2535 412 2590 hanc
423 2537 451 2590 ιιι
463 2541 597 2607 praesenti
606 2540 739 2609 ponimus
753 2543 858 2612 legem,
868 2559 956 2613 quam
1006 2542 1090 2609 Aug,
1108 2555 1176 2592 ann.
1189 2541 1217 2592 ll
1235 2540 1299 2609 post
1312 2538 1386 2591 Bilis.
1399 2555 1424 2591 v.
1437 2554 1460 2592 c.
1475 2555 1552 2593 cons·

142 2640 206 2678 cum
217 2626 415 2683 omnicautela
424 2632 521 2685 tenere
530 2633 670 2686 volumus.
683 2633 822 2688 Omnibus
831 2635 957 2689 enimin·
1282 2655 1438 2709 Novfflssq
1459 2655 1547 2708 Lvlu,

141 2719 956 2799 1911110111]ὓῦΠῐιῑὲὓωῦΰιῦὅθίιῑῑᾶῗῑθῙιᾶὓῑῑᾶῑθΐὼῑῑῦιῐῦῧὲἰὸ
1007 2753 1044 2804 lle
1055 2751 1167 2810 clericas,
1182 2751 1256 2818 quio
1271 2751 1327 2802 suis
1342 2749 1640 2802 ‹testiteruatecclesiis
1658 2749 1726 2801 itan
1740 2749 1773 2802 de
1785 2749 1822 2801 tis

141 2815 237 2865 autem
250 2813 336 2867 etiam
354 2816 441 2870 totius
454 2821 557 2872 nostra
571 2819 694 2886 ditionis,
706 2820 734 2874 iu
748 2821 879 2875 domibus
899 2822 957 2876 suis
1240 2822 1288 2889 qui
1300 2822 1420 2873 ⁰¹¹⁰l⁰tftt
1436 2820 1583 2887 militam·

141 2903 247 2958 habere
262 2908 401 2975 quasdam
415 2911 494 2980 quasi
515 2913 679 2967 orationum
699 2913 811 2980 domos,
825 2917 854 2968 et
868 2915 897 2968 in
912 2915 956 2969 his
1042 2914 1200 2984 lmparator
1213 2912 1388 2967 iustinianus
1404 2914 1548 2982 Augustus
1573 2911 1687 2966 lllennoe
1708 2910 1819 2964 sanctis-

141 2999 954 3077 saeracelebraremysteria,ethincfieriqumdanieatho-
1006 3007 1078 3061 simo
1088 3006 1172 3077 hujus
1196 3006 1284 3076 regiae
1307 3004 1384 3059 urbis
1409 3005 1635 3076 archiepiscopo,
1658 3007 1688 3058 et
1703 3003 1821 3058 universi

141 3088 203 3143 licm
216 3093 244 3143 et
254 3093 416 3160 apostolicae
431 3096 576 3151 traditioni
586 3102 730 3154 extranea.
741 3100 794 3154 Sed
805 3101 954 3171 siquidem
1006 3100 1068 3169 ejus
1082 3103 1189 3154 tractus
1204 3099 1383 3170 patriarcha).

142 3180 245 3236 domos
260 3184 298 3237 ita
311 3185 477 3256 simpliciter
488 3189 575 3259 aliqui
588 3191 695 3245 habere
706 3197 809 3262 putant
821 3197 954 3264 oportere
1041 3193 1117 3248 hlulti
1126 3209 1324 3263 saepenumero
1331 3191 1436 3256 clerici,
1446 3190 1819 3256 certisvacantesoratoriis,

141 3275 170 3328 iu
193 3277 278 3330 sacris
298 3279 366 3343 suis,
386 3282 524 3335 orationis
547 3283 677 3339 videlicet
694 3286 780 3340 solius
801 3286 903 3357 gratia,
927 3292 956 3343 et

140 3370 219 3424 nullo
237 3371 410 3427 celebrando
436 3376 551 3446 penitus
571 3378 684 3445 horum,
707 3395 771 3449 quas
797 3381 870 3434 sacri
890 3384 957 3436 sunt

141 3464 278 3533 mysterii,
293 3465 347 3520 hoc
363 3467 404 3520 eis
419 3469 623 3538 permittimus.
645 3471 753 3527 lnvidia
778 3473 855 3528 enim
877 3476 955 3530 nulla

141 3559 192 3621 est,
204 3555 226 3609 si
235 3557 411 3614 voluntcitra
419 3560 761 3620 bacchaberebabitacula
771 3567 915 3637 quaedam,
927 3572 956 3622 et

140 3647 169 3702 in
184 3648 224 3702 eis
237 3655 377 3722 tanquam
390 3654 419 3706 in
433 3655 520 3710 sacris
533 3672 624 3723 orare,
638 3658 699 3712 aliis
713 3661 809 3713 autem
821 3661 954 3715 omnibus

141 3742 294 3799 abstinere.
311 3746 369 3800 Nisi
382 3751 479 3802 tamen
494 3749 522 3803 iu
539 3749 580 3803 eis
593 3751 735 3806 voluerint
750 3753 858 3824 aliquos
882 3754 953 3808 invi-

141 3838 200 3888 tare
214 3837 341 3907 clericos,
358 3839 403 3893 bic
417 3841 535 3911 quidem
552 3844 740 3899 sanctissimae
763 3846 881 3917 majoris
906 3864 953 3901 ec-

140 3926 232 3982 elesia
250 3933 278 3983 ct
291 3931 343 3985 sub
364 3948 396 3986 ea
418 3935 662 3990 sanctissimarum
682 3938 832 4006 domuum,
856 3941 954 3995 volun-

140 4024 199 4075 tate
210 4038 242 4075 ac
255 4023 425 4093 probatione
438 4029 607 4082 sanctissimi
622 4031 826 4103 archiepiscopi
844 4033 880 4088 ad
899 4034 954 4089 hoc

140 4114 299 4184 deputatos,
312 4117 340 4171 in
354 4119 500 4188 provincia
511 4138 577 4176 vero
588 4125 645 4177 beo
656 4125 824 4179 amabilium
844 4127 952 4197 episco-

139 4224 251 4277 porum.
263 4211 344 4265 Nulla
355 4212 480 4267 novitate
494 4214 554 4268 sedi
566 4216 626 4285 ejus
637 4216 821 4273 beatitudinis
835 4236 867 4273 aa
883 4237 955 4290 prm-

139 4302 210 4354 sauli
225 4307 324 4357 nostra
337 4305 399 4375 lege
417 4306 556 4375 iacienda,
568 4309 643 4362 circa
658 4310 806 4366 existentia
820 4312 845 4366 ei
861 4314 951 4383 quoli-

139 4393 187 4448 bet
208 4396 294 4451 modo
314 4397 342 4450 in
364 4399 603 4469 ordinationibus,
627 4407 677 4456 aut
697 4405 953 4474 gubernationibus

1006 3291 1055 3341 aut
1068 3287 1154 3340 etiam
1165 3303 1216 3356 pro
1224 3286 1366 3357 aliquibus
1378 3286 1451 3340 sorte
1466 3284 1628 3355 subrogati,
1641 3284 1724 3338 simul
1740 3289 1819 3354 atque

1005 3382 1166 3435 solemnem
1176 3379 1375 3450 erogationem
1384 3380 1589 3450 perceperunt,
1599 3395 1616 3432 a
1627 3378 1718 3431 saeris
1728 3394 1757 3431 se
1767 3393 1820 3446 my·

1005 3473 1098 3527 steriis
1106 3473 1135 3527 ιιι
1144 3473 1310 3527 universum
1321 3475 1477 3543 segregant
1488 3472 1571 3542 (quas
1582 3471 1620 3525 ob
1634 3488 1747 3535 causas,
1763 3486 1817 3524 me-

1005 3566 1059 3620 lius
1073 3565 1125 3637 ipsi
1136 3568 1283 3635 noverunt)
1293 3568 1342 3619 aut
1351 3580 1532 3636 quacumque
1540 3562 1693 3618 occasione
1708 3579 1820 3617 asacro

1004 3662 1102 3713 sancta
1114 3659 1232 3714 omnino
1245 3658 1363 3713 ecclesia
1377 3658 1406 3712 in
1421 3674 1477 3729 qua
1497 3657 1660 3711 consistunt
1676 3655 1818 3711 recedunt.

1005 3752 1153 3808 Saucimus
1166 3752 1254 3823 igitur
1271 3769 1308 3806 ue
1329 3769 1408 3807 sacru
1426 3751 1456 3807 id
1476 3749 1723 3821 impedimentum
1743 3748 1820 3802 mini·

1004 3846 1088 3901 sterio
1102 3846 1258 3917 ingeratur,
1276 3845 1355 3901 seda
1371 3845 1420 3900 llei
1443 3843 1649 3898 amantissimis
1673 3844 1819 3915 episcopis,

1004 3939 1056 3994 sub
1066 3938 1283 4011 quorumtutela
1293 3938 1469 3993 haeecelesiae
1480 3937 1644 3991 constitutae
1658 3942 1736 4002 sunt,
1746 3937 1774 3991 ιιι
1787 3937 1817 3990 il·

1004 4034 1097 4088 lorum
1108 4034 1200 4087 locum
1214 4033 1262 4087 alii
1272 4032 1456 4098 sufficiantur,
1465 4030 1577 4101 quiisla
1586 4030 1759 4102 percipiant.
1769 4031 1817 4084 lte·

1004 4143 1058 4197 que
1068 4126 1146 4180 enim
1159 4125 1222 4179 ullis
1234 4124 1392 4179 concedere
1405 4124 1578 4178 rolunrusut
1589 4140 1700 4193 eaquae
1710 4124 1746 4178 ab
1756 4122 1818 4194 ipsis

1002 4221 1052 4272 aut
1067 4235 1117 4289 per
1130 4219 1206 4289 ipsos
1218 4216 1405 4272 saerosanctis
1423 4217 1485 4287 jam
1503 4216 1632 4270 ecclesiis
1652 4221 1816 4287 erogantur,

1004 4313 1033 4366 in
1047 4329 1130 4367 suum
1147 4313 1259 4366 lucrum
1283 4315 1460 4367 corirertanl.
1482 4309 1635 4380 Siquidem
1657 4312 1737 4364 riullo
1751 4326 1816 4381 prae·

1003 4409 1080 4460 tortu
1095 4410 1145 4460 aut
1160 4405 1308 4460 occasione
1322 4406 1451 4459 volumus
1467 4407 1497 4456 ιιι
1511 4419 1545 4456 er
1564 4403 1691 4458 aliorum
1715 4403 1818 4459 defrau-

139 4487 194 4554 hie,
209 4490 298 4543 autin
311 4492 462 4561 provinciis
474 4494 552 4564 jura,
567 4495 617 4549 sed
629 4497 763 4551 omnibus
773 4498 862 4553 etiam
875 4500 992 4572 com-l)
1003 4499 1117 4553 datione
1131 4499 1311 4553 aliislucium
1323 4498 1442 4553 accedat
1454 4515 1460 4562 ;
1471 4497 1519 4552 sed
1529 4499 1559 4550 ut
1569 4496 1814 4567 quemadmodum

137 4583 300 4650 petentibus
309 4585 600 4655 eiquolibetmodoet
610 4593 740 4661 tempore
753 4591 822 4645 ratis
833 4610 908 4647 nune
923 4596 953 4647 et
983 4609 1123 4664 ,quaeque
1135 4592 1196 4663 jam
1206 4592 1273 4646 iude
1285 4591 1321 4645 ab
1334 4592 1414 4645 initio
1427 4594 1546 4660 erogata
1554 4596 1635 4658 sunt,
1648 4591 1688 4644 ita
1703 4594 1816 4662 etporm

139 4674 261 4729 inomne
270 4678 411 4749 reliquum
424 4684 535 4752 tempus
546 4683 705 4738 servandis:
718 4685 861 4739 sancimus
871 4690 951 4741 tuam
1001 4685 1108 4755 absque
1121 4686 1178 4739 ulla
1189 4683 1523 4756 temporisprmliuitionc
1536 4687 1722 4754 praestentur,
1732 4698 1817 4754 neque

138 4767 198 4822 haur}
215 4786 384 4825 conseruare
400 4775 534 4843 gloriam,
553 4781 582 4829 et
595 4777 744 4832 manifesta
755 4779 889 4834 omnibus
901 4796 952 4852 per

139 4861 247 4916 litteras
254 4865 382 4936 proprias
392 4868 575 4935 constituere,
587 4877 787 4943 quatenusper
799 4874 897 4927 omnia
907 4890 952 4928 va·

138 4954 195 5009 leat
208 4956 262 5011 lex.
279 4959 343 5013 llaec
358 4960 435 5014 enim
449 4965 478 5016 ct
490 4963 697 5032 gloriosissimo
711 4966 846 5035 praelecto
863 4966 952 5020 felicis

137 5047 221 5118 hujus
233 5052 318 5118 urbis,
336 5057 364 5107 et
378 5055 556 5111 sanctissimo
566 5057 790 5129 archiepiscopo,
803 5065 831 5113 et
843 5060 952 5114 univer-

138 5142 187 5195 sali
203 5145 371 5213 patriarchae
382 5148 573 5220 praecipimus,
588 5156 619 5205 ut
631 5167 664 5206 er
683 5151 755 5205 cirili
777 5156 803 5206 el
825 5155 953 5208 sacerdo-

137 5235 186 5289 tali
197 5236 298 5292 virtute
313 5240 372 5294 haee
383 5248 520 5313 perpetue
538 5243 744 5299 custodiantur.
758 5245 856 5300 Sciant
875 5248 951 5301 euim

136 5331 164 5382 et
181 5328 234 5400 ipsi
261 5332 399 5389 dornnum
418 5335 538 5404 domini,
564 5339 632 5410 quia
656 5340 677 5393 si
700 5357 757 5395 non
780 5341 839 5396 baec
862 5346 953 5396 custo·

136 5421 250 5493 dierint,
267 5425 320 5497 ipsi
339 5428 457 5498 quidem
475 5431 526 5484 sub
543 5432 681 5503 imperiali
702 5433 774 5488 sient
789 5437 879 5503 motu,
903 5435 952 5489 do

134 5530 197 5570 mus
209 5523 306 5574 autem
321 5520 349 5575 in
362 5522 465 5593 quibus
476 5524 584 5595 aliquid
600 5528 655 5580 tale
666 5527 770 5599 agitur,
787 5531 817 5582 et
831 5528 952 5600 publica

134 5608 211 5679 fient,
224 5616 252 5666 et
261 5614 313 5668 sub
329 5616 554 5671 sacratissimum
570 5623 699 5674 nostrum
712 5621 847 5676 aerarium
865 5621 952 5677 dedu-

130 5706 240 5758 centur.
252 5706 282 5761 Si
294 5711 392 5763 autem
408 5714 437 5764 et
452 5710 563 5782 aliquas
575 5712 716 5782 contingit
727 5716 782 5768 tale
797 5714 905 5785 aliquid
921 5715 950 5769 in

114 5794 178 5850 suis
196 5797 308 5859 babere
333 5803 473 5866 domibus
496 5806 598 5885 ⁸sciant
617 5807 696 5883 quod
716 5807 773 5868 uisi
792 5807 871 5866 intra
894 5814 956 5866 tres

1002 4795 1114 4833 sacrum
1130 4796 1165 4833 ea
1184 4796 1214 4832 re
1231 4778 1421 4833 ministerium
1440 4780 1645 4848 corrumpatur
1663 4781 1693 4831 ct
1712 4776 1816 4831 interri-

1002 4872 1060 4938 dat,
1078 4872 1188 4926 nullam
1207 4872 1349 4926 licentiam
1365 4871 1506 4925 habituris
1519 4870 1563 4924 his
1576 4871 1628 4941 qui
1644 4870 1681 4925 ab
1703 4869 1817 4926 ecclesiis

1002 4965 1184 5034 destiterunt,
1201 4968 1354 5037 postquam
1368 4965 1412 5019 vel
1428 4963 1637 5019 asanctissimo
1652 4964 1815 5035 patriarcha,

1002 5060 1045 5112 vel
1062 5058 1285 5129 provincialibus
1308 5058 1447 5130 episcopis
1463 5057 1492 5111 iu
1514 5057 1632 5111 illorum
1657 5058 1755 5112 locum
1777 5054 1815 5109 alii

1002 5153 1146 5223 subrogati
1167 5155 1241 5221 sunt,
1258 5157 1290 5207 ut
1309 5155 1359 5206 aut
1373 5151 1441 5222 ipsis
1456 5151 1630 5221 subrogatos
1643 5150 1715 5205 inde
1729 5150 1813 5206 detru-

1002 5247 1081 5313 dant,
1096 5246 1118 5299 si
1132 5245 1246 5316 regredi
1258 5245 1355 5312 velint,
1365 5252 1413 5300 aut
1427 5261 1476 5299 eos
1487 5242 1573 5316 quiid
1588 5244 1768 5314 erogationis
1779 5259 1815 5313 ge

1002 5339 1215 5407 nussustinent,
1231 5339 1447 5410 conduplicatas
1463 5339 1614 5409 impensas
1627 5337 1814 5408 suppeditare,

1002 5436 1031 5487 et
1042 5437 1100 5487 tam
1110 5432 1282 5504 subrogatis,
1292 5449 1379 5505 quam
1389 5432 1457 5503 ipsis
1468 5431 1518 5503 qui
1525 5429 1623 5484 redire
1639 5431 1751 5499 solunt,
1759 5444 1815 5503 pra

1000 5526 1069 5581 bere
1087 5527 1268 5597 compellant.
1280 5526 1335 5582 Sed
1346 5526 1388 5596 (ut
1404 5523 1616 5596 simplicissime
1632 5523 1774 5594 dieamus,
1784 5519 1814 5577 illi

1002 5619 1130 5691 quidem,
1148 5619 1171 5674 si
1188 5619 1317 5687 redeant,
1341 5636 1399 5674 non
1420 5618 1617 5691 recipiantnr3
1641 5618 1688 5673 his
1701 5637 1766 5678 vero
1777 5614 1815 5690 qui

1002 5715 1066 5785 post
1087 5713 1215 5784 priorum
1236 5713 1394 5768 discessum
1413 5712 1524 5768 sullecti
1541 5720 1623 5786 sunt,
1640 5717 1815 5789 praebeantur

1002 5807 1179 5881 prorisiuues
1191 5806 1369 5880 annonariae,
1386 5807 1463 5866 nullo
1479 5807 1559 5866 lucre
1584 5809 1694 5871 exinde
1713 5807 1757 5868 uis
1776 5805 1817 5880 qui
