3878 6150
227 254 279 309 ras
542 251 545 255 ·
846 310 850 319 ,
918 245 1206 304 remanseran
1860 253 1902 304 us

226 360 286 415 mei
300 357 471 415 venerabilis
484 362 513 412 et
523 357 695 412 sanctissimi
707 357 835 430 episcopi
847 356 969 423 Nestorii
980 357 1042 411 iue-
1052 367 1082 440 Α
1092 357 1177 412 nibus
1198 356 1358 412 fruebatur.
1375 377 1389 408 »
1404 358 1450 427 (Et
1472 359 1536 429 post
1558 353 1615 412 alia
1631 370 1637 411 :
1655 374 1669 406 ι(
1679 357 1756 413 iesus
1779 355 1903 421 Christro,

186 522 191 529 ι
215 455 268 535 git
284 454 392 526 dogma
413 453 594 518 damnatum,
606 466 725 523 uecsgo
738 468 803 506 cum
815 450 860 506 his
873 450 920 522 qui
933 450 1043 506 faciunt
1092 451 1195 523 inquit,
1210 453 1268 507 lieri
1282 457 1307 506 ct
1319 451 1407 514 bodie,
1422 453 1478 522 ipse
1487 456 1513 506 et
1525 453 1554 505 iu
1565 450 1674 506 secuta.
1689 449 1841 515 Quomodo
1855 451 1903 524 igi·

228 542 491 615 communicabunt
504 542 547 600 ild
561 544 754 600 Alexandrum
769 562 836 600 vero
852 544 940 616 Syria
952 545 1040 599 Palae·
1093 551 1153 615 tnr,
1179 544 1386 617 sapientissimi,
1412 544 1548 600 debemus
1574 545 1740 614 advertere,
1769 545 1907 615 quomodo

230 639 530 710 stinorumproesulem
543 639 670 694 scribens
681 637 726 708 (ul,
737 639 776 693 ait
788 656 794 693 :
808 661 821 689 a
832 638 969 694 Existimo
983 654 1042 708 prae
1092 641 1168 696 idem
1192 639 1250 711 ipsa
1264 639 1327 695 heri
1339 643 1368 694 et
1387 638 1473 695 bodie
1484 641 1512 693 et
1532 638 1563 693 iu
1577 638 1691 704 saecula,
1700 641 1730 692 et
1753 639 1909 710 tamporali-

229 735 362 795 omnibus
373 733 498 788 maxime
509 733 688 789 satisfactum
700 750 760 787 esse
772 731 891 819 domino
901 748 967 787 meo
981 748 1044 786 san·
1091 738 1135 793 ter
1143 738 1172 790 ct
1184 739 1317 803 astemus,
1326 739 1354 788 et
1366 733 1396 788 in
1410 737 1540 804 tempore
1554 736 1582 786 et
1592 748 1679 803 super
1691 733 1907 802 temporaznam

177 854 181 864 ι
227 828 351 883 ctissimo
368 843 402 883 ac
413 827 579 882 venerando
592 826 695 882 loanni
709 825 940 898 cpiscopo,qu0d
954 826 1043 879 nulla·
1093 828 1115 882 si
1131 832 1253 883 aternus
1267 831 1318 897 est,
1333 825 1496 898 temporalis
1510 830 1633 895 nonest,
1652 830 1682 880 et
1703 823 1772 880 siin
1787 829 1905 897 tempore

229 925 312 979 tenus
325 921 526 993 acquiscamiu
539 921 727 976 damnatione
737 920 847 979 domiui
861 919 918 974 mei
928 918 1044 977 sanctis-
1093 927 1144 991 est,
1169 938 1254 993 super
1268 925 1379 992 tempus
1392 937 1449 976 nou
1463 922 1515 975 cst.
1530 941 1544 969 »
1559 920 1593 974 Et
1616 935 1736 974 rursum
1755 917 1786 972 in
1798 919 1906 975 Domino

228 1015 293 1070 simi
306 1019 336 1070 et
351 1014 507 1070 venerandi
519 1014 643 1073 Nestorii
652 1014 778 1087 episcopi
789 1013 1044 1084 praebcrccunsen·
1094 1015 1150 1070 Deo
1165 1019 1260 1069 nostro
1273 1016 1338 1069 Jesu
1350 1012 1460 1068 Christo
1476 1012 1588 1068 deitatis
1597 1017 1625 1068 et
1636 1011 1906 1084 humanitatisquasi

217 1116 302 1179 snm,
319 1125 384 1181 quae
399 1109 430 1165 in
444 1110 550 1165 Tharsa
564 1113 593 1163 et
613 1108 642 1162 iu
663 1106 777 1180 Epheso
793 1108 869 1161 lacta
883 1109 935 1160 est.
949 1127 962 1154 a
981 1103 1044 1177 (oui
1095 1108 1233 1163 unitatem
1251 1112 1388 1172 astruens,
1402 1108 1442 1163 ait
1458 1124 1464 1161 :
1481 1126 1495 1159 r
1510 1107 1628 1161 Naturae
1655 1104 1843 1161 discernimus
1863 1106 1907 1161 Dei

202 1202 419 1300 fssostmoduru
430 1205 529 1258 tamen
544 1219 609 1258 cum
636 1200 830 1257 resistentium
855 1199 1012 1254 certamine
1028 1215 1044 1254 a
1094 1202 1196 1272 Verbi;
1210 1206 1340 1257 naturam
1352 1200 1492 1272 integram
1505 1198 1841 1271 dicimnsffit-personam
1852 1199 1908 1256 sius

228 1299 328 1353 sancto
341 1282 567 1359 Cheliodoncnsi
579 1296 699 1352 concilio
709 1294 858 1361 admissus,
871 1297 970 1364 aperte
978 1309 1045 1348 ana·
1094 1295 1267 1351 dubitatione
1263 1294 1433 1381 perfectam
1444 1311 1453 1362 ;
1464 1309 1516 1348 neo
1529 1291 1606 1348 euim
1618 1291 1681 1346 sine
1693 1291 1910 1364 personatusest

228 1389 370 1447 themain
393 1390 556 1446 Nestorium
578 1385 712 1465 pruffl3
727 1405 814 1459 seque
841 1385 1043 1454 orthodoxum,
1094 1405 1252 1444 asseverare
1276 1387 1482 1442 substantiam:
1499 1387 1654 1458 perfectam
1676 1402 1794 1458 quoque
1812 1386 1907 1441 huma·

228 1476 789 1556 ipsohaereticorcprobato,monstravit.
799 1481 1044 1557 Dudumnaprque
1094 1500 1163 1538 nam
1173 1487 1306 1537 naturam
1321 1498 1387 1536 curn
1397 1498 1448 1536 sua
1461 1496 1580 1552 persona
1593 1478 1726 1535 similiter
1735 1477 1907 1535 confitemur.

230 1581 336 1633 sauctae
359 1576 492 1633 Ecclesiae
508 1576 619 1631 diversa
645 1577 782 1642 sentiens,
800 1558 955 1671 atticorum
966 1571 1044 1628 beati
1094 1580 1165 1634 Cum
1183 1593 1248 1631 vero
1268 1576 1304 1632 ad
1325 1574 1554 1646 conjunctionem
1572 1572 1760 1644 respicimus,
1784 1575 1850 1628 tuuc
1867 1574 1908 1629 de

229 1668 325 1753 Qiili
352 1668 505 1727 duodecim
526 1669 650 1740 capitula
679 1662 815 1737 scribens,
830 1667 870 1722 ait
887 1665 926 1738 lin
941 1669 956 1721 3
969 1671 1043 1738 port.
1095 1687 1174 1725 mum
1186 1686 1274 1724 unam
1295 1685 1446 1741 personam
1462 1667 1564 1722 merito
1579 1682 1795 1737 nuncupamus.
1811 1667 1905 1738 attiuh

229 1747 321 1820 nost.
336 1765 434 1834 Ephes.
450 1762 516 1819 ΜΒ
533 1764 679 1825 babtismi
695 1779 701 1817 :
717 1783 731 1810 ι(
747 1761 883 1817 Sanctam
896 1760 1044 1832 Virginem
1054 1737 1083 1808 Β
1095 1764 1166 1832 haec,
1195 1763 1295 1817 fratres
1309 1761 1479 1831 charissimi,
1496 1760 1581 1832 plena
1595 1759 1675 1814 omui
1695 1759 1843 1831 impietate
1856 1776 1904 1815 non

231 1864 350 1924 beminen,
366 1857 462 1926 idest,
474 1856 524 1911 Dei
538 1856 708 1928 genitricem
735 1871 878 1922 vocamus,
895 1852 1046 1924 nonquud
1094 1857 1212 1913 videat?
1238 1860 1260 1912 ll
1284 1855 1387 1928 quibus
1408 1860 1504 1910 tamen
1527 1857 1653 1922 constat,
1680 1854 1762 1924 quod
1782 1870 1812 1909 se
1837 1857 1903 1925 post·

202 1948 320 2006 ’Deum
333 1948 852 2022 peperitpernaturam[natura],sed
867 1947 1046 2019 quodhomi·
1096 1951 1213 2006 modum
1233 1950 1292 2020 ipse
1314 1947 1444 2015 correxit,
1462 1947 1511 2019 qui
1530 1946 1560 2001 in
1581 1949 1675 2000 sancta
1693 1945 1903 2003 chalcedonensi

230 2056 297 2094 nem
318 2039 442 2121 ediderit
457 2039 643 2111 coujimctum
659 2039 728 2106 Deo,
749 2054 836 2110 quem
858 2036 919 2109 ipse
935 2037 1043 2092 sorma-
1096 2044 1203 2116 spnodo
1224 2042 1384 2098 Nestorium
1404 2038 1643 2096 anathemahzare
1667 2040 1822 2095 consensit.
1846 2040 1901 2104 Quis

230 2132 279 2188 Vll·
292 2134 316 2203 ”l
333 2124 445 2206 mimi
457 2146 548 2204 Pauca
558 2133 626 2219 “fisi
634 2131 777 2225 &luridis
791 2131 954 2215 ⁰⁰1¹iui1⁰li⁰
970 2128 1047 2184 facia
1095 2155 1153 2194 nou
1170 2137 1263 2192 videat
1289 2140 1396 2208 quanta
1417 2134 1575 2190 temeritate
1596 2134 1716 2205 plenum
1730 2132 1767 2189 sit
1788 2133 1899 2188 Theodo-

231 2230 274 2281 est
286 2227 386 2282 formae
401 2227 453 2281 Dei
465 2230 495 2283 et
510 2227 611 2282 formae
626 2216 709 2294 servi,
727 2218 1047 2309 inpuietdlcgislator
1096 2232 1149 2288 reri
1177 2231 1280 2303 scripta
1302 2228 1490 2302 superbiendo
1512 2227 1664 2284 defendere
1688 2243 1754 2299 quae
1783 2227 1898 2282 eumdem

232 2308 534 2403 necessitatibus'ffls
547 2320 682 2374 serviens.
697 2342 711 2370 >i
724 2314 895 2391 (Et'i'ursum
908 2317 964 2389 [Ad
976 2333 1045 2372 uuu-
1096 2327 1191 2398 ipsum
1212 2329 1330 2393 constat,
1347 2327 1425 2378 reeta
1449 2324 1513 2394 post
1536 2320 1715 2395 profitendo,
1742 2320 1895 2376 damnasset

228 2398 314 2499 *mu
330 2415 360 2485 5]
378 2431 385 2469 ι
402 2434 415 2465 u
428 2400 549 2469 Nomine
577 2412 845 2469 communicationis
866 2406 1000 2477 nitentes,
1017 2412 1048 2463 ut
1097 2421 1185 2475 Deum
1198 2435 1263 2474 vero
1279 2418 1339 2489 ejus
1358 2419 1387 2472 et
1400 2432 1551 2488 personam
1573 2415 1740 2486 recipimus,
1755 2420 1785 2470 et
1802 2431 1835 2469 ea
1847 2430 1896 2486 qua

232 2498 322 2561 unum
331 2507 449 2577 quidem
462 2507 563 2562 Filium
570 2506 736 2574 adoramus,
746 2509 848 2561 etcum
859 2504 907 2576 qui
917 2520 1046 2574 assump·
1098 2514 1206 2568 dudum
1218 2510 1465 2585 latuerantpvae
1478 2507 1626 2580 scripturae
1639 2508 1897 2581 probamuslibrtus

232 2601 268 2654 sit
281 2604 309 2654 et
327 2617 395 2655 cum
417 2601 468 2672 qui
482 2605 645 2672 assumptus
661 2604 718 2668 cst;
739 2599 933 2654 differentiam
949 2601 1046 2651 tamon
1097 2624 1182 2679 prava
1197 2605 1300 2676 scripta
1310 2602 1515 2675 reprobamusl,
1531 2602 1560 2657 in
1573 2601 1652 2656 nullo
1665 2619 1683 2655 a
1701 2607 1804 2657 sanctae
1815 2600 1896 2673 synodi
1935 2660 1938 2671 Ι

232 2684 932 2766 cognoscimirsnaturarum.‘Thcophoronautern
953 2690 1047 2744 dicere
1098 2699 1394 2763 actionederiamuss
1425 2696 1469 2751 uia
1491 2695 1550 2750 sola
1569 2694 1631 2766 ejus
1655 2695 1791 2750 haeretica
1812 2696 1896 2766 scripu
1933 2686 1938 2771 }

233 2782 349 2859 portans
369 2789 413 2843 vel
431 2788 582 2843 dominum
604 2788 721 2842 indutus
736 2787 886 2843 hominem
904 2788 1048 2844 Christum
1098 2797 1271 2865 respuentes,
1283 2797 1311 2847 et
1323 2713 1508 2861 cumbqynodo
1518 2788 1612 2843 adbuc
1621 2788 1784 2847 Nestorium
1794 2787 1895 2859 inserta
1932 2776 1938 2883 ,l

232 2881 770 2953 [beopo'povidestdbiiarumhomirtcm
786 2881 1046 2949 dicerc,utamul·
1098 2904 1173 2957 mur,
1188 2891 1216 2941 et
1230 2902 1295 2940 cum
1305 2883 1412 2956 synodo
1425 2882 1633 2937 Theodoretum
1647 2881 1826 2952 profitentem
1837 2886 1895 2936 recta
1934 2892 1938 2961 j

233 2975 290 3045 tis],
302 2979 355 3030 uta
368 2976 465 3029 multis
475 2976 888 3048 sanctispatribusdictumest,
901 2993 959 3031 non
971 2993 1049 3033 rccu—
1098 2995 1269 3037 veneramur
1283 2980 1358 3049 (Sap.
1375 2978 1435 3032 coti.
1451 2976 1490 3048 t).
1504 2975 1567 3031 Alia
1579 2992 1645 3030 vero
1652 2974 1760 3046 scripta
1772 2975 1841 3030 iliius
1851 2990 1894 3029 uon
1932 2972 1938 3044 ²,

235 3088 340 3126 samus.
350 3094 364 3121 n
377 3074 411 3126 Et
421 3077 486 3144 post
496 3074 552 3128 alia
564 3074 765 3145 [Adnuntia-m.
778 3075 834 3144 tol:
851 3095 864 3123 a
878 3052 1047 3147 Considuss·
1099 3075 1191 3129 solum
1206 3072 1375 3143 recipimus,
1400 3070 1448 3125 sed
1468 3069 1507 3124 eis
1520 3068 1607 3124 etiam
1620 3073 1720 3123 contra
1738 3067 1891 3123 adversarios
1936 3102 1938 3107 ·

234 3165 382 3236 te,inquit,
397 3168 558 3237 apostolum
573 3170 601 3221 et
614 3166 779 3238 pontificem
789 3167 974 3222 confessionis
986 3119 1086 3223 nosC
1098 3169 1218 3223 utimur.
1229 3167 1301 3227 Nasu
1318 3181 1383 3219 cnm
1399 3163 1560 3219 Theodorus
1576 3161 1725 3218 Canticum
1739 3163 1894 3217 cauhcoruru
1934 3182 1938 3187 ·

235 3261 391 3314 traeiesum
405 3260 521 3314 fidelem
535 3260 561 3314 ci
575 3261 699 3331 quiiccit
711 3261 791 3315 illum
806 3261 897 3331 [Hebr.
913 3263 965 3332 m],
977 3261 1050 3316 sicut
1097 3263 1180 3317 vellet
1203 3275 1354 3332 exponere,
1370 3262 1399 3314 ct
1418 3274 1475 3313 non
1498 3256 1533 3312 ad
1557 3260 1730 3325 commenta,
1746 3255 1794 3311 sed
1819 3253 1893 3326 potius
1934 3308 1938 3319 ,

234 3354 383 3424 etNoyses
394 3354 423 3407 in
435 3354 516 3408 ouini
526 3353 614 3409 domo
629 3372 688 3409 sua.
703 3356 853 3409 Facturum
867 3358 965 3410 autem
980 3371 1048 3410 cum
1097 3356 1133 3410 ad
1158 3354 1341 3409 deliramenta
1360 3351 1511 3420 laboraret,
1525 3366 1577 3422 per
1590 3351 1668 3405 bunc
1686 3349 1794 3405 librum
1805 3347 1891 3404 AEtbio-
1935 3340 1938 3373 ³

234 3447 297 3518 quis
309 3464 370 3501 esse
384 3447 487 3503 dixerit
508 3453 586 3503 recta
599 3449 735 3515 sentiens,
755 3448 915 3503 increatum
935 3453 965 3504 et
983 3465 1048 3504 cum
1098 3449 1182 3520 pissas
1195 3447 1302 3519 regine
1315 3445 1472 3501 blanditum
1487 3444 1583 3513 inisse,
1599 3443 1746 3514 professus
1767 3448 1814 3510 est,
1832 3437 1890 3513 quud

233 3543 316 3596 Patre
327 3544 537 3597 coaeternnmct
548 3542 771 3610 addam,verum
784 3544 886 3614 [Deum
892 3543 1048 3614 Verbumli
1097 3542 1288 3597 Theodoretus
1300 3539 1508 3612 aprehendens,
1524 3553 1629 3592 nomen
1650 3537 1769 3609 quidem
1787 3534 1889 3608 ejusden

235 3636 284 3689 sed
296 3652 362 3689 eum
374 3636 421 3706 qui
436 3639 478 3689 est
492 3652 525 3690 ex
539 3636 649 3690 semine
663 3636 763 3704 David,
777 3636 907 3708 quiliher
920 3636 954 3691 ab
969 3636 1049 3692 omni
1097 3635 1235 3693 Theodori
1248 3633 1408 3706 supprimit,
1419 3632 1468 3687 scd
1489 3636 1585 3687 tamen
1603 3631 1751 3686 vesaniam
1773 3627 1888 3703 patefecit.

235 3730 486 3800 peccatoponliiex
498 3730 665 3797 nostersuit,
680 3730 930 3802 etvictimamipse
945 3747 974 3784 se
995 3747 1047 3801 pro
1098 3730 1230 3801 Ejusdem
1253 3743 1378 3799 namque
1402 3725 1467 3781 libri
1484 3730 1645 3781 commenta
1668 3724 1844 3790 conscribens,
1860 3719 1888 3773 aii

236 3821 318 3874 nobis
333 3822 435 3876 obtulit
450 3824 519 3890 Deo,
536 3824 646 3878 habens
662 3824 691 3877 in
714 3841 743 3877 se
760 3827 835 3878 certe
860 3824 912 3879 Dei
923 3824 1048 3879 Verbum
1099 3822 1282 3893 immorari:
1296 3821 1386 3876 Audio
1399 3821 1494 3891 plures
1507 3819 1659 3874 Canticum
1678 3813 1886 3874 eanucommdc·
1932 3813 1938 3820 '

235 3915 395 3969 adunatum
409 3916 470 3983 sibi,
485 3916 773 3989 inseparabiliterque
783 3918 1049 3988 conjunctum.»)Et
1098 3917 1252 3984 trahentes,
1266 3919 1294 3970 ct
1308 3930 1367 3969 non
1382 3913 1527 3969 credentes
1539 3910 1699 3984 spiritalem
1713 3927 1774 3968 esse
1794 3910 1884 3970 mmm,

235 4023 359 4076 rursum,
372 4012 403 4063 ut
416 4025 483 4063 eum
498 4009 579 4080 quasi
593 4010 803 4065 ostenderetad
812 4010 990 4066 divinitatem
997 4029 1049 4083 per
1097 4011 1204 4066 fabulas
1234 4012 1330 4064 autem
1349 4007 1485 4079 quasdam
1511 4005 1672 4062 aniculares
1694 4022 1746 4078 per
1768 4001 1882 4059 vesaniam

233 4102 414 4158 incrementa
426 4103 557 4170 crevisse,
573 4103 603 4158 in
615 4104 717 4160 eodem
731 4121 818 4175 opere
833 4105 989 4176 subjungit,
1004 4106 1046 4160 di·
1097 4107 1222 4160 terentes
1244 4117 1423 4173 componere,
1449 4104 1477 4154 et
1499 4115 1684 4171 praesumere,
1708 4098 1825 4154 dicentes
1836 4091 1884 4164 quis

234 4213 302 4252 cens
318 4213 349 4252 :a
362 4198 409 4252 Ait
422 4199 542 4269 angelus
556 4197 680 4269 Virgini:
701 4201 820 4270 Spiritus
832 4204 941 4254 sauctus
954 4215 1046 4270 super-
1098 4199 1208 4269 sapiens
1232 4196 1364 4252 Salomon
1388 4194 1423 4249 ad
1445 4193 1568 4265 seipsum
1594 4197 1622 4248 et
1648 4192 1739 4247 tiliam
1761 4185 1882 4247 Pharaonis
1925 4182 1938 4194 “

232 4293 360 4347 venietis
372 4296 406 4356 te,
421 4297 446 4347 et
459 4295 546 4347 uirtus
558 4293 694 4348 altissimi
706 4293 876 4349 obumbrabit
891 4294 959 4348 tibi:
977 4294 1046 4348 ideo
1097 4292 1173 4346 hunc
1184 4290 1288 4345 lihmm
1297 4287 1470 4360 conscripsit.
1482 4285 1629 4352 Quomodo
1639 4285 1795 4359 ergonulla
1807 4281 1882 4351 script
1934 4284 1938 4290 “

232 4402 283 4457 quc
304 4386 376 4457 quod
397 4390 522 4442 nuscetur
544 4403 578 4442 eo
599 4390 623 4441 te
641 4393 773 4450 sunctum,
799 4389 940 4443 uocabitur
963 4388 1048 4444 Filius
1097 4387 1224 4458 ejusdem
1245 4383 1412 4440 theodoreti
1435 4380 1606 4454 recipimus,
1631 4381 1682 4452 qui
1711 4380 1791 4436 illum
1821 4375 1882 4432 edm

232 4482 282 4535 Dei
295 4480 366 4548 (Luc.
381 4483 410 4549 r.)
427 4479 612 4536 Considerate
623 4480 669 4535 hic
679 4481 777 4548 etiam,
798 4480 866 4552 quia
881 4485 983 4536 cuncta
997 4481 1047 4535 hu·
1055 4507 1085 4580 D
1098 4488 1196 4540 contra
1210 4482 1401 4551 Theodomm,
1416 4482 1584 4535 assertorem
1597 4479 1726 4534 veritaris
1738 4469 1883 4535 invenimus?

233 4571 360 4627 manitus
374 4573 521 4628 dicuntur:
545 4573 614 4642 Erit,
630 4574 734 4645 inquit.
750 4590 882 4645 maguus,
897 4590 956 4629 non
966 4573 1045 4642 dixit,
1096 4580 1160 4634 Haee
1172 4578 1208 4632 ad
1221 4576 1326 4647 scripta
1339 4577 1432 4630 vestra
1450 4572 1668 4644 respondemus.
1931 4568 1938 4576 ’

234 4669 291 4733 est;
307 4669 335 4720 et
347 4666 422 4721 filius
433 4666 571 4722 Altissimi
586 4667 744 4736 vocabitur,
756 4686 814 4724 rron
835 4668 906 4723 dixit
919 4671 1045 4735 vocatur,
1131 4673 1194 4727 xxi.
1210 4670 1264 4727 Sed
1278 4672 1472 4741 opportunum
1486 4666 1565 4722 valde
1573 4666 1750 4738 judicamus,
1763 4670 1829 4721 ute
1838 4673 1884 4734 quo

233 4759 393 4814 etdabitci
418 4760 557 4815 Dominus
583 4759 680 4815 sedem
694 4761 783 4816 David
807 4761 897 4816 Patris
919 4762 972 4829 sui,
988 4777 1046 4818 nou
1096 4766 1156 4820 sinc
1170 4764 1273 4836 scriptu
1288 4780 1305 4818 a
1323 4761 1531 4834 responsalibus
1546 4760 1647 4815 vestris
1659 4760 1823 4824 audivimus,
1835 4756 1884 4810 bre·
1931 4755 1934 4763 '

233 4853 311 4920 dixit,
334 4853 430 4920 habet,
448 4854 498 4909 sed
522 4853 602 4909 dabit
625 4854 652 4908 ei
669 4855 823 4922 Dominus,
850 4859 879 4909 et
901 4855 1045 4927 regnabit,
1097 4858 1168 4913 viter
1181 4858 1265 4913 rerba
1279 4857 1459 4928 replicemus.
1479 4854 1617 4909 Discruut
1630 4854 1712 4909 enim
1732 4852 1883 4909 Theodorum
1930 4913 1938 4929 ,

232 4963 291 5002 non
305 4946 383 5015 dixit,
399 4950 516 5018 regnat,
531 4952 560 5002 ct
575 4964 660 5018 snper
672 4947 762 5019 quos?
777 4965 861 5019 super
872 4948 991 5004 domum
1004 4950 1048 5004 Ja-
1096 4953 1231 5007 aloanne
1252 4950 1436 5005 Antiochense
1458 4946 1683 5019 urbisepiscopo
1703 4939 1885 5019 mirapereui·
1933 4937 1938 4948 ⁸

232 5040 284 5095 cob
293 5057 300 5108 ;
310 5057 368 5096 non
381 5040 460 5112 dixit,
475 5058 561 5113 super
574 5041 693 5112 angelos
706 5044 735 5095 et
748 5043 963 5114 archangelos.»
975 5043 1045 5096 Rur·
1097 5046 1199 5103 stolam
1212 5045 1387 5100 attestatione
1399 5041 1554 5115 laudatum,
1571 5040 1649 5112 quod
1662 5058 1763 5097 rernm
1774 5056 1818 5096 nos
1827 5033 1889 5092 rubo

233 5150 296 5189 sum
311 5134 455 5189 incudem
471 5135 543 5190 libro
558 5135 683 5190 secundo
699 5134 752 5189 ait:
769 5137 867 5191 «Jcsits
885 5141 976 5191 autem
985 5137 1046 5206 ple·
1097 5140 1181 5194 modo
1195 5139 1345 5194 credimus.
1368 5136 1397 5192 Si
1420 5138 1515 5190 tamen
1537 5139 1566 5189 et
1591 5134 1646 5190 tale
1668 5134 1778 5208 aliquid
1798 5133 1889 5189 fortasse
1936 5136 1938 5140 ‘

232 5243 282 5281 rcus
304 5230 410 5297 Spiritu
431 5233 523 5283 sancto
538 5244 671 5298 repressus
692 5233 731 5284 est
748 5229 896 5284 chrduuc
917 5228 991 5302 [Luc.
1008 5246 1045 5296 1v,
1097 5233 1246 5305 reperitur,
1269 5233 1334 5304 plus
1352 5229 1418 5285 fidei
1431 5229 1532 5301 primae
1550 5227 1706 5300 Ephesinae
1721 5227 1830 5301 syuodo,
1841 5222 1890 5295 plus

235 5323 268 5388 t).
284 5321 318 5373 Et
329 5319 449 5376 iterum:
476 5325 617 5390 narrisius
630 5325 755 5378 estlesus
768 5324 908 5377 i'uuirtute
929 5325 1048 5393 Spiritus
1097 5327 1194 5399 Cyrilli
1215 5326 1305 5393 libris,
1321 5326 1386 5397 plus
1405 5321 1543 5395 Hesychii,
1563 5337 1653 5393 quam
1667 5321 1733 5377 aliis
1754 5319 1890 5395 queinno

231 5417 260 5468 in
284 5413 424 5470 Guliloeum
439 5414 529 5482 tibia,
548 5413 604 5487 iil:
623 5432 681 5471 non
700 5415 751 5470 oei
765 5415 889 5470 Verbum
909 5431 1045 5487 conpara·
1097 5425 1202 5477 tescere
1214 5434 1389 5490 nuncusque
1406 5416 1595 5489 nequiverunt
1609 5416 1740 5488 epistolis
1751 5410 1891 5472 commoda·
1935 5456 1938 5466 .

232 5508 310 5563 tione
326 5508 367 5562 vel
384 5507 487 5563 auxilio
502 5509 613 5579 eguisse
635 5510 757 5581 Spiritus
779 5509 869 5564 sancti
889 5509 1045 5578 arbitreris,
1097 5532 1171 5570 mus.
1187 5514 1325 5569 Debemus
1344 5517 1440 5567 mmen
1454 5510 1598 5575 accedere,
1621 5508 1712 5565 etiam
1732 5507 1893 5566 macedonia

232 5603 282 5658 sed
294 5601 403 5657 visibile
419 5602 560 5672 templum
579 5603 664 5657 variis
678 5604 769 5658 sancti
784 5604 904 5677 Spiritus
917 5603 1048 5660 donatio·
1096 5609 1203 5681 aliquid
1226 5607 1327 5663 dicere.
1343 5607 1382 5661 lta
1400 5621 1470 5678 ergo
1493 5606 1525 5659 ut
1546 5602 1727 5676 responsales
1737 5603 1820 5661 vostri
1835 5614 1893 5655 asse·
1934 5582 1938 5592 ⁸

270 5719 304 5800 lu)
316 5721 364 5774 Est
375 5718 497 5845 epistola
511 5720 545 5774 66
561 5717 697 5789 Synodici
717 5721 878 5778 Casinensis
899 5740 916 5779 a
934 5723 1045 5779 balmis
1095 5724 1165 5780 tesia
1183 5723 1336 5853 lepiscopus
1350 5721 1413 5791 init,
1439 5737 1497 5776 uon
1514 5720 1545 5777 iu
1567 5718 1729 5779 romum.
1751 5720 1831 5777 Error
1848 5715 1895 5773 tur·

234 5790 313 5844 editu.
324 5791 392 5844 AtA

404 5788 531 5846 exander
543 5788 774 5863 hierapolitanus
786 5792 816 5848 in
831 5794 1047 5869 Syrialiuphra-
1098 5799 1169 5852 tasse
1223 5811 1301 5854 reru.
1315 5795 1403 5852 Naso.
