<?xml version="1.0" encoding="UTF-8"?>
<!DOCTYPE html PUBLIC "-//W3C//DTD XHTML 1.0 Transitional//EN"
    "http://www.w3.org/TR/xhtml1/DTD/xhtml1-transitional.dtd">
<html xmlns="http://www.w3.org/1999/xhtml" xml:lang="en" lang="en">
 <head>
  <title>
</title>
<meta http-equiv="Content-Type" content="text/html;charset=utf-8" />
  <meta name='ocr-system' content='tesseract 3.04.00' />
  <meta name='ocr-capabilities' content='ocr_page ocr_carea ocr_par ocr_line ocrx_word'/>
</head>
<body>
  <div class='ocr_page' id='page_1' title='image "./patrologiaecurs00migngoog/patrologiaecurs00migngoog_0354.png"; bbox 0 0 3878 6150; ppageno 0'>
   <div class='ocr_carea' id='block_1_1' title="bbox 60 277 1754 2149">
    <p class='ocr_par' dir='ltr' id='par_1_1' title="bbox 60 277 1754 2149">
     <span class='ocr_line' id='line_1_1' title="bbox 72 277 1753 347; baseline 0.006 -13"><span class='ocrx_word' id='word_1_1' title='bbox 72 281 123 334; x_wconf 74' lang='lat' dir='ltr'>ost</span> <span class='ocrx_word' id='word_1_2' title='bbox 564 277 725 336; x_wconf 74' lang='lat' dir='ltr'>spissum</span> <span class='ocrx_word' id='word_1_3' title='bbox 743 279 778 347; x_wconf 94' lang='lat' dir='ltr'>ll,</span> <span class='ocrx_word' id='word_1_4' title='bbox 797 280 841 336; x_wconf 76' lang='lat' dir='ltr'>AB</span> <span class='ocrx_word' id='word_1_5' title='bbox 860 280 1068 337; x_wconf 79' lang='lat' dir='ltr'>EPlPlileUll</span> <span class='ocrx_word' id='word_1_6' title='bbox 1085 280 1267 338; x_wconf 73' lang='lat' dir='ltr'>buconius.</span> <span class='ocrx_word' id='word_1_7' title='bbox 1701 287 1753 345; x_wconf 66' lang='lat' dir='ltr'>dit</span> 
     </span>
     <span class='ocr_line' id='line_1_2' title="bbox 68 385 1752 478; baseline 0.004 -35"><span class='ocrx_word' id='word_1_8' title='bbox 68 387 126 443; x_wconf 91' lang='lat' dir='ltr'>hoc</span> <span class='ocrx_word' id='word_1_9' title='bbox 138 385 222 444; x_wconf 87' lang='lat' dir='ltr'>simul</span> <span class='ocrx_word' id='word_1_10' title='bbox 241 386 304 444; x_wconf 85' lang='lat' dir='ltr'>iteri</span> <span class='ocrx_word' id='word_1_11' title='bbox 318 387 484 459; x_wconf 82' lang='lat' dir='ltr'>oportuerit,</span> <span class='ocrx_word' id='word_1_12' title='bbox 498 386 579 460; x_wconf 85' lang='lat' dir='ltr'>quasi</span> <span class='ocrx_word' id='word_1_13' title='bbox 598 387 739 443; x_wconf 86' lang='lat' dir='ltr'>rationem</span> <span class='ocrx_word' id='word_1_14' title='bbox 752 386 805 459; x_wconf 88' lang='lat' dir='ltr'>ipsi</span> <span class='ocrx_word' id='word_1_15' title='bbox 821 388 886 444; x_wconf 90' lang='lat' dir='ltr'>red·</span> <span class='ocrx_word' id='word_1_16' title='bbox 898 388 969 478; x_wconf 64' lang='lat' dir='ltr'>Ain</span> <span class='ocrx_word' id='word_1_17' title='bbox 980 391 1040 444; x_wconf 91' lang='lat' dir='ltr'>toto</span> <span class='ocrx_word' id='word_1_18' title='bbox 1063 405 1151 461; x_wconf 86' lang='lat' dir='ltr'>quam</span> <span class='ocrx_word' id='word_1_19' title='bbox 1171 389 1201 444; x_wconf 93' lang='lat' dir='ltr'>in</span> <span class='ocrx_word' id='word_1_20' title='bbox 1223 388 1329 461; x_wconf 84' lang='lat' dir='ltr'>aliquo,</span> <span class='ocrx_word' id='word_1_21' title='bbox 1343 394 1441 447; x_wconf 90' lang='lat' dir='ltr'>ettam</span> <span class='ocrx_word' id='word_1_22' title='bbox 1464 407 1603 464; x_wconf 89' lang='lat' dir='ltr'>magnum</span> <span class='ocrx_word' id='word_1_23' title='bbox 1617 392 1648 448; x_wconf 89' lang='lat' dir='ltr'>in</span> <span class='ocrx_word' id='word_1_24' title='bbox 1664 409 1752 464; x_wconf 82' lang='lat' dir='ltr'>parvo</span> 
     </span>
     <span class='ocr_line' id='line_1_3' title="bbox 68 480 1754 556; baseline 0.003 -18"><span class='ocrx_word' id='word_1_25' title='bbox 68 482 140 539; x_wconf 89' lang='lat' dir='ltr'>dant</span> <span class='ocrx_word' id='word_1_26' title='bbox 159 482 194 537; x_wconf 92' lang='lat' dir='ltr'>de</span> <span class='ocrx_word' id='word_1_27' title='bbox 220 496 251 537; x_wconf 88' lang='lat' dir='ltr'>re</span> <span class='ocrx_word' id='word_1_28' title='bbox 270 496 335 553; x_wconf 74' lang='lat' dir='ltr'>quaa</span> <span class='ocrx_word' id='word_1_29' title='bbox 359 481 486 554; x_wconf 85' lang='lat' dir='ltr'>quotidie</span> <span class='ocrx_word' id='word_1_30' title='bbox 509 480 554 550; x_wconf 90' lang='lat' dir='ltr'>tit,</span> <span class='ocrx_word' id='word_1_31' title='bbox 572 481 716 554; x_wconf 86' lang='lat' dir='ltr'>quomodo</span> <span class='ocrx_word' id='word_1_32' title='bbox 736 481 889 538; x_wconf 75' lang='lat' dir='ltr'><strong>misceatur</strong></span> <span class='ocrx_word' id='word_1_33' title='bbox 938 499 1024 554; x_wconf 88' lang='lat' dir='ltr'>qnam</span> <span class='ocrx_word' id='word_1_34' title='bbox 1043 480 1074 538; x_wconf 80' lang='lat' dir='ltr'>iu</span> <span class='ocrx_word' id='word_1_35' title='bbox 1096 499 1211 554; x_wconf 86' lang='lat' dir='ltr'>magno.</span> <span class='ocrx_word' id='word_1_36' title='bbox 1236 484 1297 538; x_wconf 90' lang='lat' dir='ltr'>Non</span> <span class='ocrx_word' id='word_1_37' title='bbox 1310 483 1398 556; x_wconf 90' lang='lat' dir='ltr'>igitur</span> <span class='ocrx_word' id='word_1_38' title='bbox 1422 484 1516 541; x_wconf 90' lang='lat' dir='ltr'>localis</span> <span class='ocrx_word' id='word_1_39' title='bbox 1534 491 1577 543; x_wconf 89' lang='lat' dir='ltr'>est</span> <span class='ocrx_word' id='word_1_40' title='bbox 1599 486 1703 543; x_wconf 85' lang='lat' dir='ltr'>anima.</span> <span class='ocrx_word' id='word_1_41' title='bbox 1719 488 1754 544; x_wconf 89' lang='lat' dir='ltr'>Et</span> 
     </span>
     <span class='ocr_line' id='line_1_4' title="bbox 66 574 1754 652; baseline 0.003 -21"><span class='ocrx_word' id='word_1_42' title='bbox 66 576 167 631; x_wconf 87' lang='lat' dir='ltr'>anima</span> <span class='ocrx_word' id='word_1_43' title='bbox 183 574 304 647; x_wconf 86' lang='lat' dir='ltr'>corpori,</span> <span class='ocrx_word' id='word_1_44' title='bbox 323 580 354 631; x_wconf 92' lang='lat' dir='ltr'>ut</span> <span class='ocrx_word' id='word_1_45' title='bbox 376 591 432 630; x_wconf 86' lang='lat' dir='ltr'>uua</span> <span class='ocrx_word' id='word_1_46' title='bbox 453 591 575 648; x_wconf 89' lang='lat' dir='ltr'>persona</span> <span class='ocrx_word' id='word_1_47' title='bbox 596 575 644 631; x_wconf 88' lang='lat' dir='ltr'>fiat</span> <span class='ocrx_word' id='word_1_48' title='bbox 664 575 798 631; x_wconf 91' lang='lat' dir='ltr'>hominis.</span> <span class='ocrx_word' id='word_1_49' title='bbox 817 577 887 632; x_wconf 93' lang='lat' dir='ltr'>Nam</span> <span class='ocrx_word' id='word_1_50' title='bbox 937 575 1074 649; x_wconf 87' lang='lat' dir='ltr'>quidquid</span> <span class='ocrx_word' id='word_1_51' title='bbox 1102 576 1211 632; x_wconf 83' lang='lat' dir='ltr'>illocale</span> <span class='ocrx_word' id='word_1_52' title='bbox 1233 580 1285 648; x_wconf 91' lang='lat' dir='ltr'>est,</span> <span class='ocrx_word' id='word_1_53' title='bbox 1317 593 1485 649; x_wconf 88' lang='lat' dir='ltr'>corporeum</span> <span class='ocrx_word' id='word_1_54' title='bbox 1508 596 1565 634; x_wconf 91' lang='lat' dir='ltr'>non</span> <span class='ocrx_word' id='word_1_55' title='bbox 1588 585 1639 636; x_wconf 89' lang='lat' dir='ltr'>est.</span> <span class='ocrx_word' id='word_1_56' title='bbox 1664 579 1754 652; x_wconf 88' lang='lat' dir='ltr'>igitur</span> 
     </span>
     <span class='ocr_line' id='line_1_5' title="bbox 67 668 1752 742; baseline 0.004 -18"><span class='ocrx_word' id='word_1_57' title='bbox 67 669 143 725; x_wconf 84' lang='lat' dir='ltr'>sicut</span> <span class='ocrx_word' id='word_1_58' title='bbox 154 668 185 723; x_wconf 94' lang='lat' dir='ltr'>in</span> <span class='ocrx_word' id='word_1_59' title='bbox 205 669 314 724; x_wconf 88' lang='lat' dir='ltr'>unitate</span> <span class='ocrx_word' id='word_1_60' title='bbox 336 684 465 741; x_wconf 78' lang='lat' dir='ltr'>persone</span> <span class='ocrx_word' id='word_1_61' title='bbox 485 669 579 724; x_wconf 87' lang='lat' dir='ltr'>anima</span> <span class='ocrx_word' id='word_1_62' title='bbox 600 669 692 725; x_wconf 92' lang='lat' dir='ltr'>utitur</span> <span class='ocrx_word' id='word_1_63' title='bbox 712 685 840 742; x_wconf 89' lang='lat' dir='ltr'>corpore,</span> <span class='ocrx_word' id='word_1_64' title='bbox 856 674 888 725; x_wconf 92' lang='lat' dir='ltr'>ut</span> <span class='ocrx_word' id='word_1_65' title='bbox 937 669 1031 724; x_wconf 85' lang='lat' dir='ltr'>anima</span> <span class='ocrx_word' id='word_1_66' title='bbox 1051 686 1152 742; x_wconf 87' lang='lat' dir='ltr'>corpus</span> <span class='ocrx_word' id='word_1_67' title='bbox 1173 686 1231 726; x_wconf 91' lang='lat' dir='ltr'>non</span> <span class='ocrx_word' id='word_1_68' title='bbox 1257 675 1308 726; x_wconf 90' lang='lat' dir='ltr'>est.</span> <span class='ocrx_word' id='word_1_69' title='bbox 1323 672 1394 726; x_wconf 91' lang='lat' dir='ltr'>ltem</span> <span class='ocrx_word' id='word_1_70' title='bbox 1417 672 1620 729; x_wconf 73' lang='lat' dir='ltr'>ratiocinatur:</span> <span class='ocrx_word' id='word_1_71' title='bbox 1649 675 1752 730; x_wconf 76' lang='lat' dir='ltr'>Anima</span> 
     </span>
     <span class='ocr_line' id='line_1_6' title="bbox 65 761 1753 839; baseline 0.005 -23"><span class='ocrx_word' id='word_1_72' title='bbox 65 764 159 839; x_wconf 66' lang='lat' dir='ltr'>boue</span> <span class='ocrx_word' id='word_1_73' title='bbox 171 762 224 832; x_wconf 89' lang='lat' dir='ltr'>sit;</span> <span class='ocrx_word' id='word_1_74' title='bbox 237 762 277 818; x_wconf 91' lang='lat' dir='ltr'>ita</span> <span class='ocrx_word' id='word_1_75' title='bbox 297 763 328 817; x_wconf 92' lang='lat' dir='ltr'>in</span> <span class='ocrx_word' id='word_1_76' title='bbox 349 761 456 818; x_wconf 89' lang='lat' dir='ltr'>unitate</span> <span class='ocrx_word' id='word_1_77' title='bbox 481 778 610 834; x_wconf 78' lang='lat' dir='ltr'>personae</span> <span class='ocrx_word' id='word_1_78' title='bbox 624 763 698 818; x_wconf 86' lang='lat' dir='ltr'>Deus</span> <span class='ocrx_word' id='word_1_79' title='bbox 719 763 810 819; x_wconf 88' lang='lat' dir='ltr'>utitur</span> <span class='ocrx_word' id='word_1_80' title='bbox 830 764 883 818; x_wconf 89' lang='lat' dir='ltr'>ho·</span> <span class='ocrx_word' id='word_1_81' title='bbox 936 763 1083 819; x_wconf 90' lang='lat' dir='ltr'>rationalis</span> <span class='ocrx_word' id='word_1_82' title='bbox 1097 767 1148 833; x_wconf 90' lang='lat' dir='ltr'>est,</span> <span class='ocrx_word' id='word_1_83' title='bbox 1160 768 1189 820; x_wconf 92' lang='lat' dir='ltr'>et</span> <span class='ocrx_word' id='word_1_84' title='bbox 1209 764 1429 822; x_wconf 88' lang='lat' dir='ltr'>substantialiter</span> <span class='ocrx_word' id='word_1_85' title='bbox 1442 767 1515 823; x_wconf 90' lang='lat' dir='ltr'>inest</span> <span class='ocrx_word' id='word_1_86' title='bbox 1526 768 1629 824; x_wconf 78' lang='lat' dir='ltr'>anime</span> <span class='ocrx_word' id='word_1_87' title='bbox 1644 768 1753 825; x_wconf 89' lang='lat' dir='ltr'>ratioci-</span> 
     </span>
     <span class='ocr_line' id='line_1_7' title="bbox 66 842 1752 935; baseline 0.003 -22"><span class='ocrx_word' id='word_1_88' title='bbox 66 842 156 914; x_wconf 77' lang='lat' dir='ltr'>mind·</span> <span class='ocrx_word' id='word_1_89' title='bbox 174 861 208 912; x_wconf 91' lang='lat' dir='ltr'>ut</span> <span class='ocrx_word' id='word_1_90' title='bbox 229 854 354 912; x_wconf 89' lang='lat' dir='ltr'>Christus</span> <span class='ocrx_word' id='word_1_91' title='bbox 380 857 454 912; x_wconf 90' lang='lat' dir='ltr'>sit.»</span> <span class='ocrx_word' id='word_1_92' title='bbox 482 858 515 911; x_wconf 84' lang='lat' dir='ltr'>Et</span> <span class='ocrx_word' id='word_1_93' title='bbox 536 860 601 929; x_wconf 91' lang='lat' dir='ltr'>post</span> <span class='ocrx_word' id='word_1_94' title='bbox 623 855 770 928; x_wconf 89' lang='lat' dir='ltr'>paululum</span> <span class='ocrx_word' id='word_1_95' title='bbox 795 856 884 912; x_wconf 91' lang='lat' dir='ltr'>dicit:</span> <span class='ocrx_word' id='word_1_96' title='bbox 936 857 1008 926; x_wconf 90' lang='lat' dir='ltr'>nari,</span> <span class='ocrx_word' id='word_1_97' title='bbox 1022 861 1051 913; x_wconf 89' lang='lat' dir='ltr'>et</span> <span class='ocrx_word' id='word_1_98' title='bbox 1065 857 1137 913; x_wconf 91' lang='lat' dir='ltr'>ratio</span> <span class='ocrx_word' id='word_1_99' title='bbox 1151 858 1335 931; x_wconf 89' lang='lat' dir='ltr'>incorporalis</span> <span class='ocrx_word' id='word_1_100' title='bbox 1348 865 1434 933; x_wconf 80' lang='lat' dir='ltr'>atque</span> <span class='ocrx_word' id='word_1_101' title='bbox 1459 860 1574 916; x_wconf 91' lang='lat' dir='ltr'>illocalis</span> <span class='ocrx_word' id='word_1_102' title='bbox 1589 866 1648 918; x_wconf 91' lang='lat' dir='ltr'>est:</span> <span class='ocrx_word' id='word_1_103' title='bbox 1663 862 1752 935; x_wconf 89' lang='lat' dir='ltr'>igitur</span> 
     </span>
     <span class='ocr_line' id='line_1_8' title="bbox 68 949 1751 1023; baseline 0.004 -18"><span class='ocrx_word' id='word_1_104' title='bbox 68 952 219 1008; x_wconf 73' lang='lat' dir='ltr'>oPersona</span> <span class='ocrx_word' id='word_1_105' title='bbox 241 949 364 1006; x_wconf 89' lang='lat' dir='ltr'>hominis</span> <span class='ocrx_word' id='word_1_106' title='bbox 384 949 503 1006; x_wconf 91' lang='lat' dir='ltr'>mistura</span> <span class='ocrx_word' id='word_1_107' title='bbox 521 955 563 1006; x_wconf 91' lang='lat' dir='ltr'>est</span> <span class='ocrx_word' id='word_1_108' title='bbox 575 949 678 1005; x_wconf 83' lang='lat' dir='ltr'>animae</span> <span class='ocrx_word' id='word_1_109' title='bbox 699 954 727 1006; x_wconf 91' lang='lat' dir='ltr'>et</span> <span class='ocrx_word' id='word_1_110' title='bbox 743 951 868 1022; x_wconf 90' lang='lat' dir='ltr'>corporis</span> <span class='ocrx_word' id='word_1_111' title='bbox 875 969 884 1022; x_wconf 84' lang='lat'>3</span> <span class='ocrx_word' id='word_1_112' title='bbox 936 951 1120 1023; x_wconf 87' lang='lat' dir='ltr'>incorporalis</span> <span class='ocrx_word' id='word_1_113' title='bbox 1141 955 1183 1007; x_wconf 89' lang='lat' dir='ltr'>est</span> <span class='ocrx_word' id='word_1_114' title='bbox 1203 953 1307 1009; x_wconf 88' lang='lat' dir='ltr'>anima.</span> <span class='ocrx_word' id='word_1_115' title='bbox 1336 954 1405 1010; x_wconf 90' lang='lat' dir='ltr'>ltem</span> <span class='ocrx_word' id='word_1_116' title='bbox 1424 956 1553 1011; x_wconf 90' lang='lat' dir='ltr'>voluntas</span> <span class='ocrx_word' id='word_1_117' title='bbox 1566 956 1670 1011; x_wconf 70' lang='lat' dir='ltr'>animoa</span> <span class='ocrx_word' id='word_1_118' title='bbox 1683 956 1751 1012; x_wconf 90' lang='lat' dir='ltr'>suh-</span> 
     </span>
     <span class='ocr_line' id='line_1_9' title="bbox 65 1043 1751 1120; baseline 0.004 -19"><span class='ocrx_word' id='word_1_119' title='bbox 65 1062 192 1118; x_wconf 87' lang='lat' dir='ltr'>persona</span> <span class='ocrx_word' id='word_1_120' title='bbox 205 1048 300 1100; x_wconf 86' lang='lat' dir='ltr'>autem</span> <span class='ocrx_word' id='word_1_121' title='bbox 316 1043 419 1100; x_wconf 85' lang='lat' dir='ltr'>Christi</span> <span class='ocrx_word' id='word_1_122' title='bbox 430 1044 549 1099; x_wconf 91' lang='lat' dir='ltr'>mistura</span> <span class='ocrx_word' id='word_1_123' title='bbox 563 1049 606 1100; x_wconf 90' lang='lat' dir='ltr'>est</span> <span class='ocrx_word' id='word_1_124' title='bbox 618 1044 668 1099; x_wconf 80' lang='lat' dir='ltr'>net</span> <span class='ocrx_word' id='word_1_125' title='bbox 681 1049 710 1100; x_wconf 92' lang='lat' dir='ltr'>et</span> <span class='ocrx_word' id='word_1_126' title='bbox 728 1043 885 1100; x_wconf 80' lang='lat' dir='ltr'>hominis.»</span> <span class='ocrx_word' id='word_1_127' title='bbox 937 1045 1039 1101; x_wconf 89' lang='lat' dir='ltr'>stantia</span> <span class='ocrx_word' id='word_1_128' title='bbox 1048 1046 1109 1117; x_wconf 86' lang='lat' dir='ltr'>ejus</span> <span class='ocrx_word' id='word_1_129' title='bbox 1126 1050 1177 1115; x_wconf 88' lang='lat' dir='ltr'>est,</span> <span class='ocrx_word' id='word_1_130' title='bbox 1193 1052 1221 1102; x_wconf 91' lang='lat' dir='ltr'>et</span> <span class='ocrx_word' id='word_1_131' title='bbox 1238 1048 1260 1102; x_wconf 93' lang='lat' dir='ltr'>si</span> <span class='ocrx_word' id='word_1_132' title='bbox 1279 1052 1336 1103; x_wconf 89' lang='lat' dir='ltr'>tota</span> <span class='ocrx_word' id='word_1_133' title='bbox 1352 1047 1412 1104; x_wconf 82' lang='lat' dir='ltr'>vult</span> <span class='ocrx_word' id='word_1_134' title='bbox 1424 1049 1529 1120; x_wconf 89' lang='lat' dir='ltr'>anima,</span> <span class='ocrx_word' id='word_1_135' title='bbox 1549 1053 1608 1105; x_wconf 83' lang='lat' dir='ltr'>tota</span> <span class='ocrx_word' id='word_1_136' title='bbox 1622 1051 1751 1107; x_wconf 79' lang='lat' dir='ltr'>voluntas</span> 
     </span>
     <span class='ocr_line' id='line_1_10' title="bbox 67 1138 1751 1215; baseline 0.003 -20"><span class='ocrx_word' id='word_1_137' title='bbox 67 1141 102 1195; x_wconf 84' lang='lat' dir='ltr'>Et</span> <span class='ocrx_word' id='word_1_138' title='bbox 114 1144 179 1211; x_wconf 88' lang='lat' dir='ltr'>post</span> <span class='ocrx_word' id='word_1_139' title='bbox 190 1138 357 1212; x_wconf 88' lang='lat' dir='ltr'>paululum:</span> <span class='ocrx_word' id='word_1_140' title='bbox 376 1140 596 1194; x_wconf 85' lang='lat' dir='ltr'>«Verumtamen</span> <span class='ocrx_word' id='word_1_141' title='bbox 620 1139 741 1194; x_wconf 88' lang='lat' dir='ltr'>duarum</span> <span class='ocrx_word' id='word_1_142' title='bbox 754 1138 885 1210; x_wconf 91' lang='lat' dir='ltr'>incorpo-</span> <span class='ocrx_word' id='word_1_143' title='bbox 936 1143 988 1210; x_wconf 90' lang='lat' dir='ltr'>est,</span> <span class='ocrx_word' id='word_1_144' title='bbox 1004 1142 1033 1194; x_wconf 90' lang='lat' dir='ltr'>et</span> <span class='ocrx_word' id='word_1_145' title='bbox 1046 1139 1175 1195; x_wconf 79' lang='lat' dir='ltr'>voluntas</span> <span class='ocrx_word' id='word_1_146' title='bbox 1196 1157 1298 1213; x_wconf 92' lang='lat' dir='ltr'>corpus</span> <span class='ocrx_word' id='word_1_147' title='bbox 1322 1159 1380 1197; x_wconf 91' lang='lat' dir='ltr'>non</span> <span class='ocrx_word' id='word_1_148' title='bbox 1404 1148 1454 1198; x_wconf 91' lang='grc' dir='ltr'><strong>εει.</strong></span> <span class='ocrx_word' id='word_1_149' title='bbox 1470 1144 1559 1215; x_wconf 89' lang='lat' dir='ltr'>lgitur</span> <span class='ocrx_word' id='word_1_150' title='bbox 1585 1143 1751 1201; x_wconf 78' lang='lat' dir='ltr'>animantur</span> 
     </span>
     <span class='ocr_line' id='line_1_11' title="bbox 66 1231 1751 1311; baseline 0.004 -22"><span class='ocrx_word' id='word_1_151' title='bbox 66 1249 187 1289; x_wconf 89' lang='lat' dir='ltr'>rearurn</span> <span class='ocrx_word' id='word_1_152' title='bbox 199 1248 296 1288; x_wconf 88' lang='lat' dir='ltr'>rerum</span> <span class='ocrx_word' id='word_1_153' title='bbox 309 1231 465 1287; x_wconf 90' lang='lat' dir='ltr'>commistio</span> <span class='ocrx_word' id='word_1_154' title='bbox 473 1231 583 1288; x_wconf 83' lang='lat' dir='ltr'>facilius</span> <span class='ocrx_word' id='word_1_155' title='bbox 592 1232 669 1287; x_wconf 91' lang='lat' dir='ltr'>credi</span> <span class='ocrx_word' id='word_1_156' title='bbox 682 1232 787 1302; x_wconf 82' lang='lat' dir='ltr'>debuit,</span> <span class='ocrx_word' id='word_1_157' title='bbox 799 1248 886 1304; x_wconf 90' lang='lat' dir='ltr'>quam</span> <span class='ocrx_word' id='word_1_158' title='bbox 936 1235 979 1288; x_wconf 97' lang='grc' dir='ltr'>εει</span> <span class='ocrx_word' id='word_1_159' title='bbox 990 1249 1102 1306; x_wconf 90' lang='lat' dir='ltr'>corpus.</span> <span class='ocrx_word' id='word_1_160' title='bbox 1117 1235 1186 1290; x_wconf 91' lang='lat' dir='ltr'>ltem</span> <span class='ocrx_word' id='word_1_161' title='bbox 1198 1235 1335 1291; x_wconf 85' lang='lat' dir='ltr'>memoria</span> <span class='ocrx_word' id='word_1_162' title='bbox 1348 1236 1463 1294; x_wconf 91' lang='lat' dir='ltr'>illocalis</span> <span class='ocrx_word' id='word_1_163' title='bbox 1471 1238 1602 1311; x_wconf 77' lang='lat' dir='ltr'>quadam</span> <span class='ocrx_word' id='word_1_164' title='bbox 1613 1239 1751 1310; x_wconf 72' lang='lat' dir='ltr'>capacitas</span> 
     </span>
     <span class='ocr_line' id='line_1_12' title="bbox 65 1325 1749 1400; baseline 0.003 -17"><span class='ocrx_word' id='word_1_165' title='bbox 65 1326 155 1383; x_wconf 91' lang='lat' dir='ltr'>unius</span> <span class='ocrx_word' id='word_1_166' title='bbox 164 1326 339 1398; x_wconf 76' lang='lat' dir='ltr'>incorporeae</span> <span class='ocrx_word' id='word_1_167' title='bbox 347 1328 375 1380; x_wconf 93' lang='grc' dir='ltr'>ει</span> <span class='ocrx_word' id='word_1_168' title='bbox 386 1325 501 1380; x_wconf 87' lang='lat' dir='ltr'>alterius</span> <span class='ocrx_word' id='word_1_169' title='bbox 513 1341 665 1398; x_wconf 73' lang='lat' dir='ltr'>corporeae.</span> <span class='ocrx_word' id='word_1_170' title='bbox 677 1326 748 1380; x_wconf 87' lang='lat' dir='ltr'>Nam</span> <span class='ocrx_word' id='word_1_171' title='bbox 760 1325 782 1380; x_wconf 92' lang='lat' dir='ltr'>si</span> <span class='ocrx_word' id='word_1_172' title='bbox 792 1326 888 1382; x_wconf 91' lang='lat' dir='ltr'>anima</span> <span class='ocrx_word' id='word_1_173' title='bbox 936 1331 987 1397; x_wconf 91' lang='lat' dir='ltr'>est,</span> <span class='ocrx_word' id='word_1_174' title='bbox 1002 1342 1065 1399; x_wconf 86' lang='lat' dir='ltr'>quae</span> <span class='ocrx_word' id='word_1_175' title='bbox 1077 1343 1129 1382; x_wconf 91' lang='lat' dir='ltr'>nec</span> <span class='ocrx_word' id='word_1_176' title='bbox 1143 1328 1324 1386; x_wconf 91' lang='lat' dir='ltr'>multitudine</span> <span class='ocrx_word' id='word_1_177' title='bbox 1336 1330 1554 1386; x_wconf 84' lang='lat' dir='ltr'>recordabilium</span> <span class='ocrx_word' id='word_1_178' title='bbox 1570 1332 1749 1400; x_wconf 76' lang='lat' dir='ltr'>distenditur,</span> 
     </span>
     <span class='ocr_line' id='line_1_13' title="bbox 66 1419 1750 1496; baseline 0.001 -18"><span class='ocrx_word' id='word_1_179' title='bbox 66 1423 99 1477; x_wconf 90' lang='lat' dir='ltr'>in</span> <span class='ocrx_word' id='word_1_180' title='bbox 129 1438 180 1477; x_wconf 88' lang='lat' dir='ltr'>sua</span> <span class='ocrx_word' id='word_1_181' title='bbox 202 1426 302 1475; x_wconf 89' lang='lat' dir='ltr'>natura</span> <span class='ocrx_word' id='word_1_182' title='bbox 323 1436 380 1474; x_wconf 91' lang='lat' dir='ltr'>non</span> <span class='ocrx_word' id='word_1_183' title='bbox 401 1419 519 1488; x_wconf 85' lang='lat' dir='ltr'>fallitur,</span> <span class='ocrx_word' id='word_1_184' title='bbox 545 1419 741 1491; x_wconf 83' lang='lat' dir='ltr'>incorpoream</span> <span class='ocrx_word' id='word_1_185' title='bbox 764 1437 794 1475; x_wconf 91' lang='lat' dir='ltr'>se</span> <span class='ocrx_word' id='word_1_186' title='bbox 826 1435 886 1477; x_wconf 91' lang='lat' dir='ltr'>esse</span> <span class='ocrx_word' id='word_1_187' title='bbox 936 1436 987 1475; x_wconf 91' lang='lat' dir='ltr'>nec</span> <span class='ocrx_word' id='word_1_188' title='bbox 1017 1421 1158 1493; x_wconf 85' lang='lat' dir='ltr'>paucitate</span> <span class='ocrx_word' id='word_1_189' title='bbox 1192 1426 1341 1490; x_wconf 89' lang='lat' dir='ltr'>tenuatur,</span> <span class='ocrx_word' id='word_1_190' title='bbox 1363 1427 1392 1479; x_wconf 89' lang='lat' dir='ltr'>et</span> <span class='ocrx_word' id='word_1_191' title='bbox 1418 1424 1632 1496; x_wconf 87' lang='lat' dir='ltr'>incorporaliter</span> <span class='ocrx_word' id='word_1_192' title='bbox 1665 1426 1750 1480; x_wconf 86' lang='lat' dir='ltr'>etiam</span> 
     </span>
     <span class='ocr_line' id='line_1_14' title="bbox 65 1510 1749 1588; baseline -0.002 -16"><span class='ocrx_word' id='word_1_193' title='bbox 65 1513 295 1588; x_wconf 87' lang='lat' dir='ltr'>comprehendit.</span> <span class='ocrx_word' id='word_1_194' title='bbox 306 1512 392 1569; x_wconf 89' lang='lat' dir='ltr'>llulto</span> <span class='ocrx_word' id='word_1_195' title='bbox 401 1513 492 1585; x_wconf 88' lang='lat' dir='ltr'>magis</span> <span class='ocrx_word' id='word_1_196' title='bbox 500 1513 700 1585; x_wconf 91' lang='lat' dir='ltr'>incorporeum</span> <span class='ocrx_word' id='word_1_197' title='bbox 711 1518 754 1570; x_wconf 90' lang='lat' dir='ltr'>est</span> <span class='ocrx_word' id='word_1_198' title='bbox 762 1514 886 1569; x_wconf 89' lang='lat' dir='ltr'>Verbum</span> <span class='ocrx_word' id='word_1_199' title='bbox 936 1510 1125 1581; x_wconf 87' lang='lat' dir='ltr'>corporalium</span> <span class='ocrx_word' id='word_1_200' title='bbox 1137 1510 1337 1568; x_wconf 88' lang='lat' dir='ltr'>reminiscitur.</span> <span class='ocrx_word' id='word_1_201' title='bbox 1352 1514 1385 1567; x_wconf 87' lang='lat' dir='ltr'>Et</span> <span class='ocrx_word' id='word_1_202' title='bbox 1400 1529 1465 1568; x_wconf 91' lang='lat' dir='ltr'>cnm</span> <span class='ocrx_word' id='word_1_203' title='bbox 1484 1513 1614 1568; x_wconf 87' lang='lat' dir='ltr'>meminit</span> <span class='ocrx_word' id='word_1_204' title='bbox 1627 1514 1749 1585; x_wconf 88' lang='lat' dir='ltr'>animus,</span> 
     </span>
     <span class='ocr_line' id='line_1_15' title="bbox 65 1605 1753 1681; baseline -0.001 -15"><span class='ocrx_word' id='word_1_205' title='bbox 65 1610 128 1681; x_wconf 87' lang='lat' dir='ltr'>Dei,</span> <span class='ocrx_word' id='word_1_206' title='bbox 143 1625 175 1664; x_wconf 86' lang='lat' dir='ltr'>ac</span> <span class='ocrx_word' id='word_1_207' title='bbox 188 1625 239 1681; x_wconf 89' lang='lat' dir='ltr'>per</span> <span class='ocrx_word' id='word_1_208' title='bbox 248 1609 302 1663; x_wconf 92' lang='lat' dir='ltr'>hoc</span> <span class='ocrx_word' id='word_1_209' title='bbox 315 1607 398 1664; x_wconf 86' lang='lat' dir='ltr'>Verbi</span> <span class='ocrx_word' id='word_1_210' title='bbox 411 1607 461 1662; x_wconf 86' lang='lat' dir='ltr'>Dei</span> <span class='ocrx_word' id='word_1_211' title='bbox 474 1612 504 1663; x_wconf 91' lang='lat' dir='ltr'>et</span> <span class='ocrx_word' id='word_1_212' title='bbox 515 1606 619 1663; x_wconf 88' lang='lat' dir='ltr'>animae</span> <span class='ocrx_word' id='word_1_213' title='bbox 629 1607 790 1663; x_wconf 89' lang='lat' dir='ltr'>credibilior</span> <span class='ocrx_word' id='word_1_214' title='bbox 803 1608 888 1663; x_wconf 90' lang='lat' dir='ltr'>dehet</span> <span class='ocrx_word' id='word_1_215' title='bbox 935 1607 1011 1659; x_wconf 92' lang='lat' dir='ltr'>totus</span> <span class='ocrx_word' id='word_1_216' title='bbox 1032 1605 1172 1674; x_wconf 88' lang='lat' dir='ltr'>meminit,</span> <span class='ocrx_word' id='word_1_217' title='bbox 1188 1608 1217 1660; x_wconf 90' lang='lat' dir='ltr'>et</span> <span class='ocrx_word' id='word_1_218' title='bbox 1235 1610 1310 1661; x_wconf 91' lang='lat' dir='ltr'>totus</span> <span class='ocrx_word' id='word_1_219' title='bbox 1323 1607 1459 1662; x_wconf 88' lang='lat' dir='ltr'>memoria</span> <span class='ocrx_word' id='word_1_220' title='bbox 1481 1611 1532 1677; x_wconf 92' lang='grc' dir='ltr'><strong>εει,</strong></span> <span class='ocrx_word' id='word_1_221' title='bbox 1547 1608 1595 1680; x_wconf 88' lang='lat' dir='ltr'>qui</span> <span class='ocrx_word' id='word_1_222' title='bbox 1621 1608 1753 1665; x_wconf 87' lang='lat' dir='ltr'>meminit</span> 
     </span>
     <span class='ocr_line' id='line_1_16' title="bbox 66 1699 1750 1774; baseline -0.001 -14"><span class='ocrx_word' id='word_1_223' title='bbox 66 1721 127 1760; x_wconf 88' lang='lat' dir='ltr'>esse</span> <span class='ocrx_word' id='word_1_224' title='bbox 146 1702 316 1773; x_wconf 82' lang='lat' dir='ltr'>commistio,</span> <span class='ocrx_word' id='word_1_225' title='bbox 339 1718 424 1774; x_wconf 88' lang='lat' dir='ltr'>quam</span> <span class='ocrx_word' id='word_1_226' title='bbox 445 1701 550 1757; x_wconf 75' lang='lat' dir='ltr'>animus</span> <span class='ocrx_word' id='word_1_227' title='bbox 569 1706 597 1757; x_wconf 90' lang='lat' dir='ltr'>et</span> <span class='ocrx_word' id='word_1_228' title='bbox 620 1701 754 1774; x_wconf 91' lang='lat' dir='ltr'>corporis.</span> <span class='ocrx_word' id='word_1_229' title='bbox 778 1701 833 1758; x_wconf 88' lang='lat' dir='ltr'>Sed</span> <span class='ocrx_word' id='word_1_230' title='bbox 857 1701 886 1757; x_wconf 93' lang='lat' dir='ltr'>in</span> <span class='ocrx_word' id='word_1_231' title='bbox 936 1701 1030 1752; x_wconf 88' lang='lat' dir='ltr'>totus:</span> <span class='ocrx_word' id='word_1_232' title='bbox 1048 1703 1076 1754; x_wconf 90' lang='grc' dir='ltr'>ει</span> <span class='ocrx_word' id='word_1_233' title='bbox 1088 1699 1225 1754; x_wconf 87' lang='lat' dir='ltr'>memoria</span> <span class='ocrx_word' id='word_1_234' title='bbox 1234 1716 1335 1771; x_wconf 91' lang='lat' dir='ltr'>corpus</span> <span class='ocrx_word' id='word_1_235' title='bbox 1348 1716 1406 1755; x_wconf 91' lang='lat' dir='ltr'>non</span> <span class='ocrx_word' id='word_1_236' title='bbox 1415 1706 1465 1755; x_wconf 90' lang='lat' dir='ltr'>est.</span> <span class='ocrx_word' id='word_1_237' title='bbox 1475 1702 1535 1757; x_wconf 92' lang='lat' dir='ltr'>Non</span> <span class='ocrx_word' id='word_1_238' title='bbox 1547 1702 1636 1774; x_wconf 91' lang='lat' dir='ltr'>igitur</span> <span class='ocrx_word' id='word_1_239' title='bbox 1649 1717 1750 1774; x_wconf 87' lang='lat' dir='ltr'>corpus</span> 
     </span>
     <span class='ocr_line' id='line_1_17' title="bbox 64 1771 1750 1869; baseline -0.001 -15"><span class='ocrx_word' id='word_1_240' title='bbox 64 1798 150 1855; x_wconf 85' lang='lat' dir='ltr'>nobis</span> <span class='ocrx_word' id='word_1_241' title='bbox 174 1795 242 1869; x_wconf 89' lang='lat' dir='ltr'>ipsis</span> <span class='ocrx_word' id='word_1_242' title='bbox 268 1796 432 1868; x_wconf 84' lang='lat' dir='ltr'>experimur</span> <span class='ocrx_word' id='word_1_243' title='bbox 460 1795 546 1864; x_wconf 91' lang='lat' dir='ltr'>illud;</span> <span class='ocrx_word' id='word_1_244' title='bbox 571 1795 601 1850; x_wconf 92' lang='lat' dir='ltr'>in</span> <span class='ocrx_word' id='word_1_245' title='bbox 628 1795 739 1851; x_wconf 88' lang='lat' dir='ltr'>Christo</span> <span class='ocrx_word' id='word_1_246' title='bbox 770 1796 884 1852; x_wconf 86' lang='lat' dir='ltr'>credere</span> <span class='ocrx_word' id='word_1_247' title='bbox 895 1771 924 1843; x_wconf 84' lang='grc' dir='ltr'>Β</span> <span class='ocrx_word' id='word_1_248' title='bbox 935 1794 978 1847; x_wconf 88' lang='grc' dir='ltr'>εει</span> <span class='ocrx_word' id='word_1_249' title='bbox 989 1791 1111 1847; x_wconf 89' lang='lat' dir='ltr'>animus.</span> <span class='ocrx_word' id='word_1_250' title='bbox 1125 1793 1194 1848; x_wconf 89' lang='lat' dir='ltr'>ltem</span> <span class='ocrx_word' id='word_1_251' title='bbox 1214 1809 1315 1864; x_wconf 82' lang='lat' dir='ltr'>corpus</span> <span class='ocrx_word' id='word_1_252' title='bbox 1332 1809 1384 1848; x_wconf 92' lang='lat' dir='ltr'>nec</span> <span class='ocrx_word' id='word_1_253' title='bbox 1397 1795 1605 1867; x_wconf 88' lang='lat' dir='ltr'>appropinquat</span> <span class='ocrx_word' id='word_1_254' title='bbox 1619 1796 1687 1864; x_wconf 82' lang='lat' dir='ltr'>lieo,</span> <span class='ocrx_word' id='word_1_255' title='bbox 1698 1813 1750 1852; x_wconf 88' lang='lat' dir='ltr'>nec</span> 
     </span>
     <span class='ocr_line' id='line_1_18' title="bbox 60 1885 1748 1964; baseline -0.002 -17"><span class='ocrx_word' id='word_1_256' title='bbox 60 1892 218 1964; x_wconf 80' lang='lat' dir='ltr'>jubemur:</span> <span class='ocrx_word' id='word_1_257' title='bbox 243 1890 266 1944; x_wconf 94' lang='lat' dir='ltr'>si</span> <span class='ocrx_word' id='word_1_258' title='bbox 290 1894 386 1945; x_wconf 88' lang='lat' dir='ltr'>autem</span> <span class='ocrx_word' id='word_1_259' title='bbox 412 1894 565 1960; x_wconf 88' lang='lat' dir='ltr'>utrumque</span> <span class='ocrx_word' id='word_1_260' title='bbox 590 1889 671 1943; x_wconf 91' lang='lat' dir='ltr'>nobis</span> <span class='ocrx_word' id='word_1_261' title='bbox 704 1888 885 1961; x_wconf 81' lang='lat' dir='ltr'>inexpertum</span> <span class='ocrx_word' id='word_1_262' title='bbox 934 1885 1064 1941; x_wconf 88' lang='lat' dir='ltr'>recedita</span> <span class='ocrx_word' id='word_1_263' title='bbox 1080 1886 1151 1955; x_wconf 80' lang='lat' dir='ltr'>llc03</span> <span class='ocrx_word' id='word_1_264' title='bbox 1165 1885 1278 1940; x_wconf 87' lang='lat' dir='ltr'>animus</span> <span class='ocrx_word' id='word_1_265' title='bbox 1290 1892 1386 1942; x_wconf 89' lang='lat' dir='ltr'>autern</span> <span class='ocrx_word' id='word_1_266' title='bbox 1399 1892 1427 1943; x_wconf 90' lang='grc' dir='ltr'>ει</span> <span class='ocrx_word' id='word_1_267' title='bbox 1439 1888 1582 1959; x_wconf 83' lang='lat' dir='ltr'>proximat</span> <span class='ocrx_word' id='word_1_268' title='bbox 1594 1893 1622 1944; x_wconf 89' lang='lat' dir='ltr'>et</span> <span class='ocrx_word' id='word_1_269' title='bbox 1635 1889 1748 1961; x_wconf 89' lang='lat' dir='ltr'>longin-</span> 
     </span>
     <span class='ocr_line' id='line_1_19' title="bbox 64 1978 1750 2057; baseline -0.002 -16"><span class='ocrx_word' id='word_1_270' title='bbox 64 1985 242 2041; x_wconf 91' lang='lat' dir='ltr'>credendum</span> <span class='ocrx_word' id='word_1_271' title='bbox 256 1984 470 2057; x_wconf 73' lang='lat' dir='ltr'>preciperetur,</span> <span class='ocrx_word' id='word_1_272' title='bbox 484 1981 553 2054; x_wconf 87' lang='lat' dir='ltr'>quid</span> <span class='ocrx_word' id='word_1_273' title='bbox 570 1982 675 2038; x_wconf 89' lang='lat' dir='ltr'>horum</span> <span class='ocrx_word' id='word_1_274' title='bbox 689 1982 771 2038; x_wconf 90' lang='lat' dir='ltr'>citius</span> <span class='ocrx_word' id='word_1_275' title='bbox 784 1983 882 2038; x_wconf 85' lang='lat' dir='ltr'>crede·</span> <span class='ocrx_word' id='word_1_276' title='bbox 934 1983 1002 2051; x_wconf 90' lang='lat' dir='ltr'>quat</span> <span class='ocrx_word' id='word_1_277' title='bbox 1016 1978 1179 2048; x_wconf 71' lang='lat' dir='ltr'>illocaliter,</span> <span class='ocrx_word' id='word_1_278' title='bbox 1193 1978 1282 2051; x_wconf 91' lang='lat' dir='ltr'>igitur</span> <span class='ocrx_word' id='word_1_279' title='bbox 1307 1980 1419 2036; x_wconf 90' lang='lat' dir='ltr'>animus</span> <span class='ocrx_word' id='word_1_280' title='bbox 1442 1980 1539 2036; x_wconf 89' lang='lat' dir='ltr'>localis</span> <span class='ocrx_word' id='word_1_281' title='bbox 1553 1998 1611 2036; x_wconf 92' lang='lat' dir='ltr'>non</span> <span class='ocrx_word' id='word_1_282' title='bbox 1625 1986 1675 2037; x_wconf 88' lang='lat' dir='ltr'>est.</span> <span class='ocrx_word' id='word_1_283' title='bbox 1687 2002 1700 2034; x_wconf 80' lang='grc' dir='ltr'>ε</span> <span class='ocrx_word' id='word_1_284' title='bbox 1714 1985 1750 2038; x_wconf 86' lang='grc' dir='ltr'>Ει</span> 
     </span>
     <span class='ocr_line' id='line_1_20' title="bbox 64 2072 1748 2149; baseline -0.002 -14"><span class='ocrx_word' id='word_1_285' title='bbox 64 2080 190 2135; x_wconf 75' lang='lat' dir='ltr'>remus?</span> <span class='ocrx_word' id='word_1_286' title='bbox 209 2077 354 2144; x_wconf 85' lang='lat' dir='ltr'>Quomodo</span> <span class='ocrx_word' id='word_1_287' title='bbox 374 2093 433 2131; x_wconf 90' lang='lat' dir='ltr'>non</span> <span class='ocrx_word' id='word_1_288' title='bbox 453 2076 609 2131; x_wconf 82' lang='lat' dir='ltr'>fateremur</span> <span class='ocrx_word' id='word_1_289' title='bbox 629 2076 686 2131; x_wconf 93' lang='lat' dir='ltr'>duo</span> <span class='ocrx_word' id='word_1_290' title='bbox 708 2075 882 2149; x_wconf 85' lang='lat' dir='ltr'>incorporea,</span> <span class='ocrx_word' id='word_1_291' title='bbox 934 2073 1075 2127; x_wconf 90' lang='lat' dir='ltr'>hactenus</span> <span class='ocrx_word' id='word_1_292' title='bbox 1088 2072 1123 2126; x_wconf 93' lang='lat' dir='ltr'>de</span> <span class='ocrx_word' id='word_1_293' title='bbox 1141 2072 1369 2143; x_wconf 87' lang='lat' dir='ltr'>incorporalitate</span> <span class='ocrx_word' id='word_1_294' title='bbox 1384 2074 1486 2130; x_wconf 83' lang='grc' dir='ltr'><strong>ειιίιιιιε</strong></span> <span class='ocrx_word' id='word_1_295' title='bbox 1504 2074 1678 2146; x_wconf 90' lang='lat' dir='ltr'>disputatum</span> <span class='ocrx_word' id='word_1_296' title='bbox 1701 2077 1748 2132; x_wconf 89' lang='lat' dir='ltr'>sit.</span> 
     </span>
    </p>
   </div>
   <div class='ocr_carea' id='block_1_2' title="bbox 59 2170 884 3184">
    <p class='ocr_par' dir='ltr' id='par_1_2' title="bbox 59 2170 884 2901">
     <span class='ocr_line' id='line_1_21' title="bbox 63 2170 884 2245; baseline -0.002 -18"><span class='ocrx_word' id='word_1_297' title='bbox 63 2189 153 2245; x_wconf 89' lang='lat' dir='ltr'>quam</span> <span class='ocrx_word' id='word_1_298' title='bbox 174 2188 266 2227; x_wconf 88' lang='lat' dir='ltr'>unum</span> <span class='ocrx_word' id='word_1_299' title='bbox 292 2171 492 2243; x_wconf 90' lang='lat' dir='ltr'>incorporeum</span> <span class='ocrx_word' id='word_1_300' title='bbox 515 2170 694 2242; x_wconf 86' lang='lat' dir='ltr'>altorumque</span> <span class='ocrx_word' id='word_1_301' title='bbox 717 2185 884 2241; x_wconf 88' lang='lat' dir='ltr'>corporeum</span> 
     </span>
     <span class='ocr_line' id='line_1_22' title="bbox 59 2262 884 2337; baseline -0.004 -15"><span class='ocrx_word' id='word_1_302' title='bbox 59 2265 175 2322; x_wconf 81' lang='lat' dir='ltr'>facilius</span> <span class='ocrx_word' id='word_1_303' title='bbox 202 2264 325 2337; x_wconf 90' lang='lat' dir='ltr'>potuisse</span> <span class='ocrx_word' id='word_1_304' title='bbox 350 2264 485 2320; x_wconf 84' lang='lat' dir='ltr'>misceri?</span> <span class='ocrx_word' id='word_1_305' title='bbox 500 2286 514 2315; x_wconf 77' lang='lat' dir='ltr'>n</span> <span class='ocrx_word' id='word_1_306' title='bbox 547 2265 611 2319; x_wconf 78' lang='lat' dir='ltr'>llaec</span> <span class='ocrx_word' id='word_1_307' title='bbox 640 2262 793 2334; x_wconf 89' lang='lat' dir='ltr'>disputatio</span> <span class='ocrx_word' id='word_1_308' title='bbox 817 2279 884 2319; x_wconf 85' lang='lat' dir='ltr'>vcra</span> 
     </span>
     <span class='ocr_line' id='line_1_23' title="bbox 63 2356 883 2431; baseline -0.004 -15"><span class='ocrx_word' id='word_1_309' title='bbox 63 2361 175 2416; x_wconf 76' lang='lat' dir='ltr'>ratione</span> <span class='ocrx_word' id='word_1_310' title='bbox 183 2358 344 2431; x_wconf 88' lang='lat' dir='ltr'>plenissima</span> <span class='ocrx_word' id='word_1_311' title='bbox 355 2359 453 2431; x_wconf 91' lang='lat' dir='ltr'>magni</span> <span class='ocrx_word' id='word_1_312' title='bbox 466 2357 598 2413; x_wconf 77' lang='lat' dir='ltr'>anbstitis</span> <span class='ocrx_word' id='word_1_313' title='bbox 613 2356 771 2413; x_wconf 89' lang='lat' dir='ltr'>incredulos</span> <span class='ocrx_word' id='word_1_314' title='bbox 784 2373 883 2430; x_wconf 83' lang='lat' dir='ltr'>provo·</span> 
     </span>
     <span class='ocr_line' id='line_1_24' title="bbox 63 2450 883 2521; baseline -0.005 -12"><span class='ocrx_word' id='word_1_315' title='bbox 63 2471 133 2509; x_wconf 85' lang='lat' dir='ltr'>cans</span> <span class='ocrx_word' id='word_1_316' title='bbox 146 2453 181 2508; x_wconf 90' lang='lat' dir='ltr'>ad</span> <span class='ocrx_word' id='word_1_317' title='bbox 195 2451 281 2508; x_wconf 88' lang='lat' dir='ltr'>fidem</span> <span class='ocrx_word' id='word_1_318' title='bbox 294 2452 377 2507; x_wconf 89' lang='lat' dir='ltr'>ducet</span> <span class='ocrx_word' id='word_1_319' title='bbox 392 2470 401 2521; x_wconf 90' lang='lat'>;</span> <span class='ocrx_word' id='word_1_320' title='bbox 422 2457 454 2507; x_wconf 91' lang='lat' dir='ltr'>ut</span> <span class='ocrx_word' id='word_1_321' title='bbox 466 2452 571 2507; x_wconf 90' lang='lat' dir='ltr'>scilicet</span> <span class='ocrx_word' id='word_1_322' title='bbox 594 2451 665 2507; x_wconf 90' lang='lat' dir='ltr'>sicut</span> <span class='ocrx_word' id='word_1_323' title='bbox 688 2450 808 2506; x_wconf 91' lang='lat' dir='ltr'>credunt</span> <span class='ocrx_word' id='word_1_324' title='bbox 825 2467 883 2505; x_wconf 88' lang='lat' dir='ltr'>am-</span> 
     </span>
     <span class='ocr_line' id='line_1_25' title="bbox 63 2543 883 2618; baseline -0.006 -15"><span class='ocrx_word' id='word_1_325' title='bbox 63 2564 144 2603; x_wconf 87' lang='lat' dir='ltr'>mam</span> <span class='ocrx_word' id='word_1_326' title='bbox 158 2547 354 2618; x_wconf 87' lang='lat' dir='ltr'>incorpoream</span> <span class='ocrx_word' id='word_1_327' title='bbox 376 2546 498 2618; x_wconf 88' lang='lat' dir='ltr'>corpori,</span> <span class='ocrx_word' id='word_1_328' title='bbox 518 2550 549 2600; x_wconf 91' lang='grc' dir='ltr'>ιιι</span> <span class='ocrx_word' id='word_1_329' title='bbox 561 2562 616 2600; x_wconf 90' lang='lat' dir='ltr'>una</span> <span class='ocrx_word' id='word_1_330' title='bbox 637 2561 757 2616; x_wconf 91' lang='lat' dir='ltr'>persona</span> <span class='ocrx_word' id='word_1_331' title='bbox 770 2543 820 2600; x_wconf 88' lang='lat' dir='ltr'>ilat</span> <span class='ocrx_word' id='word_1_332' title='bbox 834 2545 883 2600; x_wconf 76' lang='lat' dir='ltr'>ho</span> 
     </span>
     <span class='ocr_line' id='line_1_26' title="bbox 64 2637 882 2712; baseline -0.001 -16"><span class='ocrx_word' id='word_1_333' title='bbox 64 2642 171 2710; x_wconf 90' lang='lat' dir='ltr'>minis,</span> <span class='ocrx_word' id='word_1_334' title='bbox 197 2639 320 2712; x_wconf 88' lang='lat' dir='ltr'>potuisse</span> <span class='ocrx_word' id='word_1_335' title='bbox 346 2639 480 2709; x_wconf 90' lang='lat' dir='ltr'>misceri;</span> <span class='ocrx_word' id='word_1_336' title='bbox 510 2639 600 2694; x_wconf 88' lang='lat' dir='ltr'>multo</span> <span class='ocrx_word' id='word_1_337' title='bbox 630 2637 738 2693; x_wconf 86' lang='lat' dir='ltr'>facilius</span> <span class='ocrx_word' id='word_1_338' title='bbox 767 2637 882 2695; x_wconf 86' lang='lat' dir='ltr'>credere</span> 
     </span>
     <span class='ocr_line' id='line_1_27' title="bbox 63 2731 883 2805; baseline -0.005 -15"><span class='ocrx_word' id='word_1_339' title='bbox 63 2736 170 2790; x_wconf 90' lang='lat' dir='ltr'>debent</span> <span class='ocrx_word' id='word_1_340' title='bbox 182 2734 305 2788; x_wconf 91' lang='lat' dir='ltr'>Verbum</span> <span class='ocrx_word' id='word_1_341' title='bbox 315 2733 364 2789; x_wconf 84' lang='lat' dir='ltr'>liei</span> <span class='ocrx_word' id='word_1_342' title='bbox 377 2733 588 2805; x_wconf 90' lang='lat' dir='ltr'>incorporeum,</span> <span class='ocrx_word' id='word_1_343' title='bbox 596 2732 771 2804; x_wconf 85' lang='lat' dir='ltr'>incorporeae</span> <span class='ocrx_word' id='word_1_344' title='bbox 780 2731 883 2787; x_wconf 74' lang='lat' dir='ltr'>animae</span> 
     </span>
     <span class='ocr_line' id='line_1_28' title="bbox 63 2827 328 2901; baseline -0.008 -17"><span class='ocrx_word' id='word_1_345' title='bbox 63 2829 192 2901; x_wconf 89' lang='lat' dir='ltr'>potuisse</span> <span class='ocrx_word' id='word_1_346' title='bbox 205 2827 328 2884; x_wconf 86' lang='lat' dir='ltr'>misceri.</span> 
     </span>
    </p>

    <p class='ocr_par' dir='ltr' id='par_1_3' title="bbox 61 2919 883 3184">
     <span class='ocr_line' id='line_1_29' title="bbox 99 2919 883 2993; baseline -0.004 -16"><span class='ocrx_word' id='word_1_347' title='bbox 99 2926 131 2978; x_wconf 94' lang='lat' dir='ltr'>tn</span> <span class='ocrx_word' id='word_1_348' title='bbox 144 2922 217 2977; x_wconf 93' lang='lat' dir='ltr'>libro</span> <span class='ocrx_word' id='word_1_349' title='bbox 230 2922 317 2977; x_wconf 89' lang='lat' dir='ltr'>etiam</span> <span class='ocrx_word' id='word_1_350' title='bbox 328 2921 361 2977; x_wconf 85' lang='lat' dir='ltr'>de</span> <span class='ocrx_word' id='word_1_351' title='bbox 373 2923 483 2992; x_wconf 74' lang='lat' dir='ltr'>Oripim</span> <span class='ocrx_word' id='word_1_352' title='bbox 493 2924 601 2983; x_wconf 81' lang='lat' dir='ltr'>anima,</span> <span class='ocrx_word' id='word_1_353' title='bbox 612 2936 697 2993; x_wconf 90' lang='lat' dir='ltr'>quem</span> <span class='ocrx_word' id='word_1_354' title='bbox 710 2919 745 2975; x_wconf 90' lang='lat' dir='ltr'>ad</span> <span class='ocrx_word' id='word_1_355' title='bbox 754 2924 883 2975; x_wconf 88' lang='lat' dir='ltr'>sanctum</span> 
     </span>
     <span class='ocr_line' id='line_1_30' title="bbox 64 3015 883 3088; baseline -0.004 -15"><span class='ocrx_word' id='word_1_356' title='bbox 64 3018 270 3088; x_wconf 85' lang='lat' dir='ltr'>Hieronymum</span> <span class='ocrx_word' id='word_1_357' title='bbox 302 3016 499 3087; x_wconf 84' lang='lat' dir='ltr'>presbyterum</span> <span class='ocrx_word' id='word_1_358' title='bbox 530 3015 659 3087; x_wconf 86' lang='lat' dir='ltr'>scripsit,</span> <span class='ocrx_word' id='word_1_359' title='bbox 687 3015 883 3085; x_wconf 88' lang='lat' dir='ltr'>incorpoream</span> 
     </span>
     <span class='ocr_line' id='line_1_31' title="bbox 61 3108 881 3184; baseline -0.001 -18"><span class='ocrx_word' id='word_1_360' title='bbox 61 3127 179 3184; x_wconf 87' lang='lat' dir='ltr'>quoque</span> <span class='ocrx_word' id='word_1_361' title='bbox 192 3126 252 3165; x_wconf 85' lang='lat' dir='ltr'>esse</span> <span class='ocrx_word' id='word_1_362' title='bbox 265 3110 390 3164; x_wconf 88' lang='lat' dir='ltr'>animam</span> <span class='ocrx_word' id='word_1_363' title='bbox 400 3108 511 3182; x_wconf 88' lang='lat' dir='ltr'>inquit:</span> <span class='ocrx_word' id='word_1_364' title='bbox 527 3114 553 3164; x_wconf 84' lang='lat' dir='ltr'>et</span> <span class='ocrx_word' id='word_1_365' title='bbox 563 3109 702 3177; x_wconf 76' lang='lat' dir='ltr'>sidifficile</span> <span class='ocrx_word' id='word_1_366' title='bbox 715 3109 881 3165; x_wconf 82' lang='lat' dir='ltr'>tardioribus</span> 
     </span>
    </p>
   </div>
   <div class='ocr_carea' id='block_1_3' title="bbox 60 3295 881 3557">
    <p class='ocr_par' dir='ltr' id='par_1_4' title="bbox 60 3295 881 3557">
     <span class='ocr_line' id='line_1_32' title="bbox 61 3295 881 3368; baseline -0.002 -15"><span class='ocrx_word' id='word_1_367' title='bbox 61 3300 126 3353; x_wconf 80' lang='lat' dir='ltr'>llaec</span> <span class='ocrx_word' id='word_1_368' title='bbox 141 3297 227 3353; x_wconf 80' lang='lat' dir='ltr'>rerba</span> <span class='ocrx_word' id='word_1_369' title='bbox 239 3296 313 3352; x_wconf 89' lang='lat' dir='ltr'>beati</span> <span class='ocrx_word' id='word_1_370' title='bbox 326 3296 475 3368; x_wconf 80' lang='lat' dir='ltr'>Augustini</span> <span class='ocrx_word' id='word_1_371' title='bbox 490 3296 643 3351; x_wconf 91' lang='lat' dir='ltr'>ostendunt</span> <span class='ocrx_word' id='word_1_372' title='bbox 654 3295 716 3350; x_wconf 88' lang='lat' dir='ltr'>illos</span> <span class='ocrx_word' id='word_1_373' title='bbox 730 3311 787 3350; x_wconf 92' lang='lat' dir='ltr'>non</span> <span class='ocrx_word' id='word_1_374' title='bbox 797 3311 881 3368; x_wconf 89' lang='lat' dir='ltr'>posse</span> 
     </span>
     <span class='ocr_line' id='line_1_33' title="bbox 61 3388 881 3462; baseline -0.005 -15"><span class='ocrx_word' id='word_1_375' title='bbox 61 3390 221 3462; x_wconf 89' lang='lat' dir='ltr'>intelligere</span> <span class='ocrx_word' id='word_1_376' title='bbox 246 3388 348 3445; x_wconf 89' lang='lat' dir='ltr'>animae</span> <span class='ocrx_word' id='word_1_377' title='bbox 381 3389 655 3461; x_wconf 86' lang='lat' dir='ltr'>incorporalitatem,</span> <span class='ocrx_word' id='word_1_378' title='bbox 681 3389 731 3461; x_wconf 88' lang='lat' dir='ltr'>qui</span> <span class='ocrx_word' id='word_1_379' title='bbox 764 3388 881 3460; x_wconf 81' lang='lat' dir='ltr'>ingemo</span> 
     </span>
     <span class='ocr_line' id='line_1_34' title="bbox 60 3482 881 3557; baseline -0.004 -18"><span class='ocrx_word' id='word_1_380' title='bbox 60 3485 166 3557; x_wconf 91' lang='lat' dir='ltr'>pusillo</span> <span class='ocrx_word' id='word_1_381' title='bbox 179 3499 236 3538; x_wconf 90' lang='lat' dir='ltr'>non</span> <span class='ocrx_word' id='word_1_382' title='bbox 249 3483 343 3539; x_wconf 84' lang='lat' dir='ltr'>valent</span> <span class='ocrx_word' id='word_1_383' title='bbox 354 3484 504 3555; x_wconf 90' lang='lat' dir='ltr'>sejungere</span> <span class='ocrx_word' id='word_1_384' title='bbox 519 3498 653 3554; x_wconf 90' lang='lat' dir='ltr'>corporea</span> <span class='ocrx_word' id='word_1_385' title='bbox 662 3482 697 3538; x_wconf 94' lang='lat' dir='ltr'>ab</span> <span class='ocrx_word' id='word_1_386' title='bbox 708 3482 881 3554; x_wconf 82' lang='lat' dir='ltr'>incorporare</span> 
     </span>
    </p>
   </div>
   <div class='ocr_carea' id='block_1_4' title="bbox 60 3575 937 3651">
    <p class='ocr_par' dir='ltr' id='par_1_5' title="bbox 60 3575 937 3651">
     <span class='ocr_line' id='line_1_35' title="bbox 60 3575 937 3651; baseline -0.005 -18"><span class='ocrx_word' id='word_1_387' title='bbox 60 3580 148 3634; x_wconf 92' lang='lat' dir='ltr'>rebus</span> <span class='ocrx_word' id='word_1_388' title='bbox 162 3595 169 3633; x_wconf 90' lang='lat'>:</span> <span class='ocrx_word' id='word_1_389' title='bbox 184 3577 251 3649; x_wconf 89' lang='lat' dir='ltr'>quia</span> <span class='ocrx_word' id='word_1_390' title='bbox 263 3577 368 3632; x_wconf 83' lang='lat' dir='ltr'>sedicet</span> <span class='ocrx_word' id='word_1_391' title='bbox 380 3581 491 3632; x_wconf 86' lang='lat' dir='ltr'>tantum</span> <span class='ocrx_word' id='word_1_392' title='bbox 503 3577 628 3651; x_wconf 86' lang='lat' dir='ltr'>corporis</span> <span class='ocrx_word' id='word_1_393' title='bbox 640 3576 769 3631; x_wconf 90' lang='lat' dir='ltr'>sensibus</span> <span class='ocrx_word' id='word_1_394' title='bbox 779 3575 879 3642; x_wconf 91' lang='lat' dir='ltr'>dediti,</span> <span class='ocrx_word' id='word_1_395' title='bbox 932 3617 937 3628; x_wconf 93' lang='lat'>.</span> 
     </span>
    </p>
   </div>
   <div class='ocr_carea' id='block_1_5' title="bbox 58 3669 881 4495">
    <p class='ocr_par' dir='ltr' id='par_1_6' title="bbox 58 3669 881 4495">
     <span class='ocr_line' id='line_1_36' title="bbox 60 3669 880 3744; baseline -0.006 -16"><span class='ocrx_word' id='word_1_396' title='bbox 60 3673 134 3728; x_wconf 89' lang='lat' dir='ltr'>nihil</span> <span class='ocrx_word' id='word_1_397' title='bbox 145 3689 205 3728; x_wconf 88' lang='grc' dir='ltr'><strong>εεεε</strong></span> <span class='ocrx_word' id='word_1_398' title='bbox 226 3671 389 3727; x_wconf 84' lang='lat' dir='ltr'>existimant</span> <span class='ocrx_word' id='word_1_399' title='bbox 400 3671 476 3744; x_wconf 93' lang='lat' dir='ltr'>quod</span> <span class='ocrx_word' id='word_1_400' title='bbox 495 3688 554 3726; x_wconf 89' lang='lat' dir='ltr'>non</span> <span class='ocrx_word' id='word_1_401' title='bbox 567 3687 618 3743; x_wconf 90' lang='lat' dir='ltr'>per</span> <span class='ocrx_word' id='word_1_402' title='bbox 639 3686 737 3726; x_wconf 90' lang='lat' dir='ltr'>sensus</span> <span class='ocrx_word' id='word_1_403' title='bbox 755 3669 880 3742; x_wconf 90' lang='lat' dir='ltr'>corporis</span> 
     </span>
     <span class='ocr_line' id='line_1_37' title="bbox 60 3763 880 3839; baseline -0.006 -17"><span class='ocrx_word' id='word_1_404' title='bbox 60 3766 221 3839; x_wconf 86' lang='lat' dir='ltr'>percepisse</span> <span class='ocrx_word' id='word_1_405' title='bbox 233 3765 424 3821; x_wconf 88' lang='lat' dir='ltr'>meminerint.</span> <span class='ocrx_word' id='word_1_406' title='bbox 439 3765 555 3836; x_wconf 86' lang='lat' dir='ltr'>Scripsit</span> <span class='ocrx_word' id='word_1_407' title='bbox 561 3763 739 3820; x_wconf 89' lang='lat' dir='ltr'>autemidem</span> <span class='ocrx_word' id='word_1_408' title='bbox 747 3779 880 3834; x_wconf 80' lang='lat' dir='ltr'>egregius</span> 
     </span>
     <span class='ocr_line' id='line_1_38' title="bbox 60 3856 879 3931; baseline -0.006 -16"><span class='ocrx_word' id='word_1_409' title='bbox 60 3862 165 3916; x_wconf 83' lang='lat' dir='ltr'>Doctor</span> <span class='ocrx_word' id='word_1_410' title='bbox 173 3860 280 3915; x_wconf 91' lang='lat' dir='ltr'>librum</span> <span class='ocrx_word' id='word_1_411' title='bbox 294 3860 328 3915; x_wconf 94' lang='lat' dir='ltr'>de</span> <span class='ocrx_word' id='word_1_412' title='bbox 341 3859 497 3931; x_wconf 80' lang='lat' dir='ltr'>quantitate</span> <span class='ocrx_word' id='word_1_413' title='bbox 508 3858 622 3926; x_wconf 75' lang='lat' dir='ltr'>animae,</span> <span class='ocrx_word' id='word_1_414' title='bbox 634 3857 731 3913; x_wconf 90' lang='lat' dir='ltr'>multis</span> <span class='ocrx_word' id='word_1_415' title='bbox 744 3861 772 3913; x_wconf 88' lang='lat' dir='ltr'>et</span> <span class='ocrx_word' id='word_1_416' title='bbox 780 3856 879 3911; x_wconf 91' lang='lat' dir='ltr'>multi-</span> 
     </span>
     <span class='ocr_line' id='line_1_39' title="bbox 60 3950 881 4026; baseline -0.006 -16"><span class='ocrx_word' id='word_1_417' title='bbox 60 3955 184 4026; x_wconf 89' lang='lat' dir='ltr'>plicibus</span> <span class='ocrx_word' id='word_1_418' title='bbox 200 3952 438 4026; x_wconf 83' lang='lat' dir='ltr'>disputationibus</span> <span class='ocrx_word' id='word_1_419' title='bbox 457 3952 650 4022; x_wconf 83' lang='lat' dir='ltr'>1·elertum,in</span> <span class='ocrx_word' id='word_1_420' title='bbox 670 3968 726 4024; x_wconf 89' lang='lat' dir='ltr'>quo</span> <span class='ocrx_word' id='word_1_421' title='bbox 744 3950 818 4006; x_wconf 87' lang='lat' dir='ltr'>inter</span> <span class='ocrx_word' id='word_1_422' title='bbox 830 3967 881 4006; x_wconf 82' lang='lat' dir='ltr'>ca·</span> 
     </span>
     <span class='ocr_line' id='line_1_40' title="bbox 60 4044 878 4119; baseline -0.006 -15"><span class='ocrx_word' id='word_1_423' title='bbox 60 4054 123 4104; x_wconf 89' lang='lat' dir='ltr'>tera</span> <span class='ocrx_word' id='word_1_424' title='bbox 138 4049 173 4104; x_wconf 94' lang='lat' dir='ltr'>de</span> <span class='ocrx_word' id='word_1_425' title='bbox 185 4046 414 4119; x_wconf 87' lang='lat' dir='ltr'>incorporalitate</span> <span class='ocrx_word' id='word_1_426' title='bbox 428 4046 531 4101; x_wconf 74' lang='lat' dir='ltr'>animae</span> <span class='ocrx_word' id='word_1_427' title='bbox 545 4046 677 4118; x_wconf 90' lang='lat' dir='ltr'>disputat.</span> <span class='ocrx_word' id='word_1_428' title='bbox 694 4046 778 4100; x_wconf 77' lang='lat' dir='ltr'>«Non</span> <span class='ocrx_word' id='word_1_429' title='bbox 791 4044 878 4115; x_wconf 88' lang='lat' dir='ltr'>enim,</span> 
     </span>
     <span class='ocr_line' id='line_1_41' title="bbox 61 4138 881 4212; baseline -0.005 -15"><span class='ocrx_word' id='word_1_430' title='bbox 61 4144 112 4209; x_wconf 89' lang='lat' dir='ltr'>ait,</span> <span class='ocrx_word' id='word_1_431' title='bbox 132 4142 188 4198; x_wconf 92' lang='lat' dir='ltr'>ullo</span> <span class='ocrx_word' id='word_1_432' title='bbox 199 4142 294 4207; x_wconf 88' lang='lat' dir='ltr'>modo,</span> <span class='ocrx_word' id='word_1_433' title='bbox 309 4145 358 4196; x_wconf 89' lang='lat' dir='ltr'>aut</span> <span class='ocrx_word' id='word_1_434' title='bbox 374 4141 470 4212; x_wconf 90' lang='lat' dir='ltr'>longa,</span> <span class='ocrx_word' id='word_1_435' title='bbox 484 4145 534 4195; x_wconf 90' lang='lat' dir='ltr'>aut</span> <span class='ocrx_word' id='word_1_436' title='bbox 548 4138 614 4210; x_wconf 91' lang='lat' dir='ltr'>lata,</span> <span class='ocrx_word' id='word_1_437' title='bbox 632 4143 681 4194; x_wconf 93' lang='lat' dir='ltr'>aut</span> <span class='ocrx_word' id='word_1_438' title='bbox 697 4139 777 4211; x_wconf 90' lang='lat' dir='ltr'>quasi</span> <span class='ocrx_word' id='word_1_439' title='bbox 791 4138 881 4194; x_wconf 80' lang='lat' dir='ltr'>rabdo</span> 
     </span>
     <span class='ocr_line' id='line_1_42' title="bbox 59 4231 880 4308; baseline -0.005 -17"><span class='ocrx_word' id='word_1_440' title='bbox 59 4235 230 4308; x_wconf 88' lang='lat' dir='ltr'>suspicanda</span> <span class='ocrx_word' id='word_1_441' title='bbox 241 4241 284 4291; x_wconf 88' lang='lat' dir='ltr'>est</span> <span class='ocrx_word' id='word_1_442' title='bbox 300 4235 395 4290; x_wconf 86' lang='lat' dir='ltr'>anima</span> <span class='ocrx_word' id='word_1_443' title='bbox 412 4249 577 4306; x_wconf 79' lang='lat' dir='ltr'>corporea.»</span> <span class='ocrx_word' id='word_1_444' title='bbox 593 4233 646 4288; x_wconf 89' lang='lat' dir='ltr'>lsta</span> <span class='ocrx_word' id='word_1_445' title='bbox 668 4239 743 4301; x_wconf 91' lang='lat' dir='ltr'>sunt,</span> <span class='ocrx_word' id='word_1_446' title='bbox 759 4236 793 4287; x_wconf 92' lang='grc' dir='ltr'>ιιι</span> <span class='ocrx_word' id='word_1_447' title='bbox 809 4231 880 4288; x_wconf 89' lang='lat' dir='ltr'>mihi</span> 
     </span>
     <span class='ocr_line' id='line_1_43' title="bbox 58 4325 879 4399; baseline -0.007 -14"><span class='ocrx_word' id='word_1_448' title='bbox 58 4330 182 4398; x_wconf 84' lang='lat' dir='ltr'>ridetur,</span> <span class='ocrx_word' id='word_1_449' title='bbox 197 4330 273 4385; x_wconf 88' lang='lat' dir='ltr'>etde</span> <span class='ocrx_word' id='word_1_450' title='bbox 292 4327 495 4384; x_wconf 90' lang='lat' dir='ltr'>consuetudine</span> <span class='ocrx_word' id='word_1_451' title='bbox 516 4343 669 4399; x_wconf 90' lang='lat' dir='ltr'>corporum</span> <span class='ocrx_word' id='word_1_452' title='bbox 696 4326 735 4380; x_wconf 93' lang='lat' dir='ltr'>sio</span> <span class='ocrx_word' id='word_1_453' title='bbox 754 4325 879 4380; x_wconf 89' lang='lat' dir='ltr'>animam</span> 
     </span>
     <span class='ocr_line' id='line_1_44' title="bbox 60 4419 879 4495; baseline -0.007 -17"><span class='ocrx_word' id='word_1_454' title='bbox 60 4423 228 4495; x_wconf 77' lang='lat' dir='ltr'>quaerimus,</span> <span class='ocrx_word' id='word_1_455' title='bbox 245 4422 364 4494; x_wconf 89' lang='lat' dir='ltr'>ideoque</span> <span class='ocrx_word' id='word_1_456' title='bbox 383 4422 458 4477; x_wconf 91' lang='lat' dir='ltr'>bene</span> <span class='ocrx_word' id='word_1_457' title='bbox 479 4420 644 4493; x_wconf 78' lang='lat' dir='ltr'>praecipitur</span> <span class='ocrx_word' id='word_1_458' title='bbox 666 4421 750 4475; x_wconf 91' lang='lat' dir='ltr'>etiam</span> <span class='ocrx_word' id='word_1_459' title='bbox 770 4419 800 4473; x_wconf 93' lang='lat' dir='ltr'>iu</span> <span class='ocrx_word' id='word_1_460' title='bbox 820 4435 879 4490; x_wconf 87' lang='lat' dir='ltr'>my·</span> 
     </span>
    </p>
   </div>
   <div class='ocr_carea' id='block_1_6' title="bbox 61 4513 918 4591">
    <p class='ocr_par' dir='ltr' id='par_1_7' title="bbox 61 4513 918 4591">
     <span class='ocr_line' id='line_1_45' title="bbox 61 4513 918 4591; baseline -0.007 -19"><span class='ocrx_word' id='word_1_461' title='bbox 61 4517 165 4586; x_wconf 83' lang='lat' dir='ltr'>storiis,</span> <span class='ocrx_word' id='word_1_462' title='bbox 190 4520 222 4571; x_wconf 92' lang='lat' dir='ltr'>ut</span> <span class='ocrx_word' id='word_1_463' title='bbox 241 4517 335 4571; x_wconf 88' lang='lat' dir='ltr'>omnia</span> <span class='ocrx_word' id='word_1_464' title='bbox 359 4531 478 4587; x_wconf 89' lang='lat' dir='ltr'>corpora</span> <span class='ocrx_word' id='word_1_465' title='bbox 499 4518 673 4582; x_wconf 91' lang='lat' dir='ltr'>contemnat,</span> <span class='ocrx_word' id='word_1_466' title='bbox 693 4513 918 4591; x_wconf 80' lang='lat' dir='ltr'>universoqueD</span> 
     </span>
    </p>
   </div>
   <div class='ocr_carea' id='block_1_7' title="bbox 62 4608 880 4680">
    <p class='ocr_par' dir='ltr' id='par_1_8' title="bbox 62 4608 880 4680">
     <span class='ocr_line' id='line_1_46' title="bbox 62 4608 880 4680; baseline -0.007 -14"><span class='ocrx_word' id='word_1_467' title='bbox 62 4611 129 4666; x_wconf 92' lang='lat' dir='ltr'>huic</span> <span class='ocrx_word' id='word_1_468' title='bbox 143 4611 252 4666; x_wconf 89' lang='lat' dir='ltr'>mundo</span> <span class='ocrx_word' id='word_1_469' title='bbox 269 4609 422 4678; x_wconf 89' lang='lat' dir='ltr'>renuntiet,</span> <span class='ocrx_word' id='word_1_470' title='bbox 437 4608 496 4680; x_wconf 92' lang='lat' dir='ltr'>qui,</span> <span class='ocrx_word' id='word_1_471' title='bbox 517 4613 550 4664; x_wconf 91' lang='lat' dir='ltr'>ut</span> <span class='ocrx_word' id='word_1_472' title='bbox 568 4608 706 4676; x_wconf 88' lang='lat' dir='ltr'>videmus,</span> <span class='ocrx_word' id='word_1_473' title='bbox 727 4622 880 4678; x_wconf 90' lang='lat' dir='ltr'>corporeus</span> 
     </span>
    </p>
   </div>
   <div class='ocr_carea' id='block_1_8' title="bbox 60 4700 937 4958">
    <p class='ocr_par' dir='ltr' id='par_1_9' title="bbox 60 4700 937 4958">
     <span class='ocr_line' id='line_1_47' title="bbox 62 4700 879 4777; baseline -0.006 -18"><span class='ocrx_word' id='word_1_474' title='bbox 62 4710 113 4773; x_wconf 87' lang='lat' dir='ltr'>est,</span> <span class='ocrx_word' id='word_1_475' title='bbox 133 4704 262 4777; x_wconf 86' lang='lat' dir='ltr'>quisquis</span> <span class='ocrx_word' id='word_1_476' title='bbox 278 4720 308 4759; x_wconf 91' lang='lat' dir='ltr'>se</span> <span class='ocrx_word' id='word_1_477' title='bbox 322 4703 409 4758; x_wconf 90' lang='lat' dir='ltr'>talem</span> <span class='ocrx_word' id='word_1_478' title='bbox 423 4702 503 4758; x_wconf 90' lang='lat' dir='ltr'>reddi</span> <span class='ocrx_word' id='word_1_479' title='bbox 523 4701 672 4770; x_wconf 90' lang='lat' dir='ltr'>desiderat,</span> <span class='ocrx_word' id='word_1_480' title='bbox 687 4700 777 4772; x_wconf 88' lang='lat' dir='ltr'>qualis</span> <span class='ocrx_word' id='word_1_481' title='bbox 794 4700 879 4755; x_wconf 85' lang='lat' dir='ltr'>allec</span> 
     </span>
     <span class='ocr_line' id='line_1_48' title="bbox 60 4793 879 4867; baseline -0.006 -14"><span class='ocrx_word' id='word_1_482' title='bbox 60 4799 152 4853; x_wconf 86' lang='lat' dir='ltr'>factus</span> <span class='ocrx_word' id='word_1_483' title='bbox 167 4801 219 4867; x_wconf 92' lang='lat' dir='ltr'>est,</span> <span class='ocrx_word' id='word_1_484' title='bbox 241 4797 324 4853; x_wconf 91' lang='lat' dir='ltr'>idest</span> <span class='ocrx_word' id='word_1_485' title='bbox 345 4796 442 4851; x_wconf 91' lang='lat' dir='ltr'>similis</span> <span class='ocrx_word' id='word_1_486' title='bbox 463 4797 530 4851; x_wconf 88' lang='lat' dir='ltr'>Deo.</span> <span class='ocrx_word' id='word_1_487' title='bbox 556 4797 616 4850; x_wconf 80' lang='lat' dir='ltr'>Non</span> <span class='ocrx_word' id='word_1_488' title='bbox 637 4794 713 4850; x_wconf 90' lang='lat' dir='ltr'>enim</span> <span class='ocrx_word' id='word_1_489' title='bbox 730 4794 784 4849; x_wconf 87' lang='lat' dir='ltr'>alia</span> <span class='ocrx_word' id='word_1_490' title='bbox 804 4793 879 4848; x_wconf 90' lang='lat' dir='ltr'>salus</span> 
     </span>
     <span class='ocr_line' id='line_1_49' title="bbox 60 4887 937 4958; baseline -0.006 -11"><span class='ocrx_word' id='word_1_491' title='bbox 60 4893 164 4947; x_wconf 87' lang='lat' dir='ltr'>animae</span> <span class='ocrx_word' id='word_1_492' title='bbox 177 4896 229 4958; x_wconf 89' lang='lat' dir='ltr'>est,</span> <span class='ocrx_word' id='word_1_493' title='bbox 248 4894 298 4945; x_wconf 87' lang='lat' dir='ltr'>aut</span> <span class='ocrx_word' id='word_1_494' title='bbox 318 4889 471 4958; x_wconf 89' lang='lat' dir='ltr'>renovatio,</span> <span class='ocrx_word' id='word_1_495' title='bbox 485 4894 535 4944; x_wconf 87' lang='lat' dir='ltr'>aut</span> <span class='ocrx_word' id='word_1_496' title='bbox 555 4887 747 4944; x_wconf 89' lang='lat' dir='ltr'>reconciliatio</span> <span class='ocrx_word' id='word_1_497' title='bbox 768 4887 878 4943; x_wconf 91' lang='lat' dir='ltr'>auctori</span> <span class='ocrx_word' id='word_1_498' title='bbox 931 4929 937 4940; x_wconf 88' lang='lat'>.</span> 
     </span>
    </p>
   </div>
   <div class='ocr_carea' id='block_1_9' title="bbox 61 5002 879 5147">
    <p class='ocr_par' dir='ltr' id='par_1_10' title="bbox 61 5002 879 5147">
     <span class='ocr_line' id='line_1_50' title="bbox 61 5002 123 5042; baseline 0 -2"><span class='ocrx_word' id='word_1_499' title='bbox 61 5002 123 5042; x_wconf 90' lang='lat' dir='ltr'>sno.</span> 
     </span>
     <span class='ocr_line' id='line_1_51' title="bbox 94 5072 879 5147; baseline -0.009 -13"><span class='ocrx_word' id='word_1_500' title='bbox 94 5077 279 5147; x_wconf 86' lang='lat' dir='ltr'>Claudianus,</span> <span class='ocrx_word' id='word_1_501' title='bbox 293 5077 336 5132; x_wconf 84' lang='lat' dir='ltr'>vir</span> <span class='ocrx_word' id='word_1_502' title='bbox 349 5077 561 5146; x_wconf 90' lang='lat' dir='ltr'>disertissimus,</span> <span class='ocrx_word' id='word_1_503' title='bbox 576 5075 664 5132; x_wconf 92' lang='lat' dir='ltr'>edidit</span> <span class='ocrx_word' id='word_1_504' title='bbox 678 5075 767 5131; x_wconf 90' lang='lat' dir='ltr'>libros</span> <span class='ocrx_word' id='word_1_505' title='bbox 778 5072 813 5129; x_wconf 89' lang='lat' dir='ltr'>de</span> <span class='ocrx_word' id='word_1_506' title='bbox 836 5075 879 5128; x_wconf 93' lang='lat' dir='ltr'>ln·</span> 
     </span>
    </p>
   </div>
   <div class='ocr_carea' id='block_1_10' title="bbox 55 5160 879 5904">
    <p class='ocr_par' dir='ltr' id='par_1_11' title="bbox 55 5160 879 5904">
     <span class='ocr_line' id='line_1_52' title="bbox 59 5160 879 5245; baseline -0.01 -17"><span class='ocrx_word' id='word_1_507' title='bbox 59 5171 259 5245; x_wconf 90' lang='lat' dir='ltr'>corporalitate</span> <span class='ocrx_word' id='word_1_508' title='bbox 270 5170 375 5227; x_wconf 82' lang='lat' dir='ltr'>animae</span> <span class='ocrx_word' id='word_1_509' title='bbox 386 5160 453 5241; x_wconf 84' lang='lat' dir='ltr'>tres,</span> <span class='ocrx_word' id='word_1_510' title='bbox 463 5170 540 5226; x_wconf 91' lang='lat' dir='ltr'>omni</span> <span class='ocrx_word' id='word_1_511' title='bbox 550 5169 719 5243; x_wconf 76' lang='lat' dir='ltr'>eloquentiae</span> <span class='ocrx_word' id='word_1_512' title='bbox 729 5167 879 5239; x_wconf 91' lang='lat' dir='ltr'>splendore</span> 
     </span>
     <span class='ocr_line' id='line_1_53' title="bbox 58 5260 877 5339; baseline -0.011 -16"><span class='ocrx_word' id='word_1_513' title='bbox 58 5268 221 5339; x_wconf 83' lang='lat' dir='ltr'>fulgentes:</span> <span class='ocrx_word' id='word_1_514' title='bbox 236 5265 267 5320; x_wconf 94' lang='lat' dir='ltr'>in</span> <span class='ocrx_word' id='word_1_515' title='bbox 280 5266 384 5337; x_wconf 89' lang='lat' dir='ltr'>quibus</span> <span class='ocrx_word' id='word_1_516' title='bbox 401 5266 475 5321; x_wconf 88' lang='lat' dir='ltr'>inter</span> <span class='ocrx_word' id='word_1_517' title='bbox 487 5269 589 5320; x_wconf 70' lang='lat' dir='ltr'>caetera</span> <span class='ocrx_word' id='word_1_518' title='bbox 609 5263 718 5336; x_wconf 89' lang='lat' dir='ltr'>ingenii</span> <span class='ocrx_word' id='word_1_519' title='bbox 733 5261 775 5316; x_wconf 91' lang='lat' dir='ltr'>sui</span> <span class='ocrx_word' id='word_1_520' title='bbox 790 5260 877 5315; x_wconf 92' lang='lat' dir='ltr'>docu-</span> 
     </span>
     <span class='ocr_line' id='line_1_54' title="bbox 58 5353 878 5431; baseline -0.009 -15"><span class='ocrx_word' id='word_1_521' title='bbox 58 5365 157 5417; x_wconf 89' lang='lat' dir='ltr'>menta</span> <span class='ocrx_word' id='word_1_522' title='bbox 178 5358 414 5431; x_wconf 79' lang='lat' dir='ltr'>praeclarissima:</span> <span class='ocrx_word' id='word_1_523' title='bbox 442 5360 542 5428; x_wconf 87' lang='lat' dir='ltr'>Omne,</span> <span class='ocrx_word' id='word_1_524' title='bbox 570 5358 673 5430; x_wconf 88' lang='lat' dir='ltr'>inquit,</span> <span class='ocrx_word' id='word_1_525' title='bbox 700 5355 808 5411; x_wconf 89' lang='lat' dir='ltr'>illocale</span> <span class='ocrx_word' id='word_1_526' title='bbox 832 5353 878 5409; x_wconf 88' lang='lat' dir='ltr'>in-</span> 
     </span>
     <span class='ocr_line' id='line_1_55' title="bbox 56 5446 879 5527; baseline -0.011 -17"><span class='ocrx_word' id='word_1_527' title='bbox 56 5468 228 5527; x_wconf 91' lang='lat' dir='ltr'>corporeum</span> <span class='ocrx_word' id='word_1_528' title='bbox 248 5469 360 5525; x_wconf 89' lang='lat' dir='ltr'>quoque</span> <span class='ocrx_word' id='word_1_529' title='bbox 386 5456 438 5509; x_wconf 90' lang='lat' dir='ltr'>est.</span> <span class='ocrx_word' id='word_1_530' title='bbox 456 5454 543 5508; x_wconf 90' lang='lat' dir='ltr'>Porro</span> <span class='ocrx_word' id='word_1_531' title='bbox 558 5452 613 5507; x_wconf 86' lang='lat' dir='ltr'>vita</span> <span class='ocrx_word' id='word_1_532' title='bbox 636 5449 762 5522; x_wconf 89' lang='lat' dir='ltr'>corporis</span> <span class='ocrx_word' id='word_1_533' title='bbox 784 5446 879 5502; x_wconf 89' lang='lat' dir='ltr'>anima</span> 
     </span>
     <span class='ocr_line' id='line_1_56' title="bbox 56 5543 878 5618; baseline -0.011 -13"><span class='ocrx_word' id='word_1_534' title='bbox 56 5554 107 5618; x_wconf 86' lang='grc' dir='ltr'><strong>εει,</strong></span> <span class='ocrx_word' id='word_1_535' title='bbox 122 5550 152 5604; x_wconf 89' lang='grc' dir='ltr'>ει</span> <span class='ocrx_word' id='word_1_536' title='bbox 168 5548 198 5602; x_wconf 91' lang='lat' dir='ltr'>in</span> <span class='ocrx_word' id='word_1_537' title='bbox 212 5562 329 5618; x_wconf 90' lang='lat' dir='ltr'>corpore</span> <span class='ocrx_word' id='word_1_538' title='bbox 343 5546 411 5602; x_wconf 85' lang='lat' dir='ltr'>ririt</span> <span class='ocrx_word' id='word_1_539' title='bbox 424 5564 432 5614; x_wconf 93' lang='lat'>;</span> <span class='ocrx_word' id='word_1_540' title='bbox 447 5551 475 5603; x_wconf 92' lang='grc' dir='ltr'>ει</span> <span class='ocrx_word' id='word_1_541' title='bbox 495 5552 555 5602; x_wconf 91' lang='lat' dir='ltr'>tam</span> <span class='ocrx_word' id='word_1_542' title='bbox 568 5545 635 5600; x_wconf 79' lang='lat' dir='ltr'>sivit</span> <span class='ocrx_word' id='word_1_543' title='bbox 648 5544 743 5599; x_wconf 87' lang='lat' dir='ltr'>anima</span> <span class='ocrx_word' id='word_1_544' title='bbox 754 5543 785 5598; x_wconf 93' lang='lat' dir='ltr'>in</span> <span class='ocrx_word' id='word_1_545' title='bbox 798 5547 878 5614; x_wconf 90' lang='lat' dir='ltr'>parte</span> 
     </span>
     <span class='ocr_line' id='line_1_57' title="bbox 56 5635 877 5715; baseline -0.006 -18"><span class='ocrx_word' id='word_1_546' title='bbox 56 5641 194 5715; x_wconf 89' lang='lat' dir='ltr'>corporis,</span> <span class='ocrx_word' id='word_1_547' title='bbox 205 5656 293 5713; x_wconf 87' lang='lat' dir='ltr'>quam</span> <span class='ocrx_word' id='word_1_548' title='bbox 305 5640 334 5695; x_wconf 94' lang='lat' dir='ltr'>in</span> <span class='ocrx_word' id='word_1_549' title='bbox 346 5645 405 5696; x_wconf 89' lang='lat' dir='ltr'>toto</span> <span class='ocrx_word' id='word_1_550' title='bbox 415 5657 549 5713; x_wconf 90' lang='lat' dir='ltr'>corporo;</span> <span class='ocrx_word' id='word_1_551' title='bbox 564 5644 676 5696; x_wconf 89' lang='lat' dir='ltr'>tantum</span> <span class='ocrx_word' id='word_1_552' title='bbox 686 5653 753 5707; x_wconf 84' lang='lat' dir='ltr'>ergo</span> <span class='ocrx_word' id='word_1_553' title='bbox 768 5636 832 5691; x_wconf 84' lang='lat' dir='ltr'>vitre</span> <span class='ocrx_word' id='word_1_554' title='bbox 846 5635 877 5692; x_wconf 92' lang='lat' dir='ltr'>in</span> 
     </span>
     <span class='ocr_line' id='line_1_58' title="bbox 55 5728 878 5808; baseline -0.007 -16"><span class='ocrx_word' id='word_1_555' title='bbox 55 5742 136 5808; x_wconf 84' lang='lat' dir='ltr'>parte</span> <span class='ocrx_word' id='word_1_556' title='bbox 152 5735 279 5807; x_wconf 90' lang='lat' dir='ltr'>corporis</span> <span class='ocrx_word' id='word_1_557' title='bbox 299 5739 351 5801; x_wconf 91' lang='lat' dir='ltr'>est,</span> <span class='ocrx_word' id='word_1_558' title='bbox 365 5739 505 5807; x_wconf 91' lang='lat' dir='ltr'>quantum</span> <span class='ocrx_word' id='word_1_559' title='bbox 517 5735 547 5790; x_wconf 93' lang='lat' dir='ltr'>in</span> <span class='ocrx_word' id='word_1_560' title='bbox 562 5728 619 5789; x_wconf 82' lang='lat' dir='ltr'>toto</span> <span class='ocrx_word' id='word_1_561' title='bbox 633 5748 760 5803; x_wconf 90' lang='lat' dir='ltr'>corpore,</span> <span class='ocrx_word' id='word_1_562' title='bbox 775 5736 803 5786; x_wconf 89' lang='lat' dir='ltr'>ct</span> <span class='ocrx_word' id='word_1_563' title='bbox 822 5731 878 5786; x_wconf 82' lang='lat' dir='ltr'>rita</span> 
     </span>
     <span class='ocr_line' id='line_1_59' title="bbox 55 5828 878 5904; baseline -0.006 -16"><span class='ocrx_word' id='word_1_564' title='bbox 55 5832 119 5888; x_wconf 80' lang='lat' dir='ltr'>bec</span> <span class='ocrx_word' id='word_1_565' title='bbox 130 5829 297 5890; x_wconf 84' lang='lat' dir='ltr'>auimaestr</span> <span class='ocrx_word' id='word_1_566' title='bbox 312 5844 366 5890; x_wconf 87' lang='lat' dir='ltr'>neo</span> <span class='ocrx_word' id='word_1_567' title='bbox 376 5829 466 5889; x_wconf 82' lang='lat' dir='ltr'>locale</span> <span class='ocrx_word' id='word_1_568' title='bbox 480 5828 608 5904; x_wconf 86' lang='lat' dir='ltr'>estquod</span> <span class='ocrx_word' id='word_1_569' title='bbox 617 5830 677 5886; x_wconf 89' lang='lat' dir='ltr'>tam</span> <span class='ocrx_word' id='word_1_570' title='bbox 688 5841 825 5900; x_wconf 85' lang='lat' dir='ltr'>magnum</span> <span class='ocrx_word' id='word_1_571' title='bbox 835 5829 878 5884; x_wconf 88' lang='lat' dir='ltr'>ost</span> 
     </span>
    </p>
   </div>
   <div class='ocr_carea' id='block_1_11' title="bbox 933 2211 1750 2381">
    <p class='ocr_par' dir='ltr' id='par_1_12' title="bbox 933 2211 1750 2381">
     <span class='ocr_line' id='line_1_60' title="bbox 969 2211 1750 2288; baseline 0.006 -21"><span class='ocrx_word' id='word_1_572' title='bbox 969 2211 1118 2267; x_wconf 89' lang='lat' dir='ltr'>Videamus</span> <span class='ocrx_word' id='word_1_573' title='bbox 1141 2211 1272 2284; x_wconf 88' lang='lat' dir='ltr'>deinceps</span> <span class='ocrx_word' id='word_1_574' title='bbox 1284 2217 1381 2269; x_wconf 91' lang='lat' dir='ltr'>utrum</span> <span class='ocrx_word' id='word_1_575' title='bbox 1395 2214 1510 2270; x_wconf 86' lang='lat' dir='ltr'>assertio</span> <span class='ocrx_word' id='word_1_576' title='bbox 1519 2219 1614 2271; x_wconf 89' lang='lat' dir='ltr'>nostra</span> <span class='ocrx_word' id='word_1_577' title='bbox 1626 2231 1660 2271; x_wconf 91' lang='lat' dir='ltr'>eo</span> <span class='ocrx_word' id='word_1_578' title='bbox 1673 2217 1750 2288; x_wconf 91' lang='lat' dir='ltr'>quod</span> 
     </span>
     <span class='ocr_line' id='line_1_61' title="bbox 933 2306 1747 2381; baseline 0.005 -21"><span class='ocrx_word' id='word_1_579' title='bbox 933 2307 1100 2377; x_wconf 90' lang='lat' dir='ltr'>angelorum</span> <span class='ocrx_word' id='word_1_580' title='bbox 1119 2310 1220 2361; x_wconf 91' lang='lat' dir='ltr'>natura</span> <span class='ocrx_word' id='word_1_581' title='bbox 1232 2306 1267 2362; x_wconf 90' lang='lat' dir='ltr'>sit</span> <span class='ocrx_word' id='word_1_582' title='bbox 1281 2306 1457 2379; x_wconf 90' lang='lat' dir='ltr'>incorporea,</span> <span class='ocrx_word' id='word_1_583' title='bbox 1472 2308 1567 2381; x_wconf 89' lang='lat' dir='ltr'>aliquo</span> <span class='ocrx_word' id='word_1_584' title='bbox 1586 2308 1747 2364; x_wconf 90' lang='lat' dir='ltr'>testimonio</span> 
     </span>
    </p>
   </div>
   <div class='ocr_carea' id='block_1_12' title="bbox 865 2399 1748 2472">
    <p class='ocr_par' dir='ltr' id='par_1_13' title="bbox 865 2399 1748 2472">
     <span class='ocr_line' id='line_1_62' title="bbox 865 2399 1748 2472; baseline 0.003 -18"><span class='ocrx_word' id='word_1_585' title='bbox 865 2450 870 2461; x_wconf 86' lang='grc'><strong>,</strong></span> <span class='ocrx_word' id='word_1_586' title='bbox 933 2399 1090 2455; x_wconf 90' lang='lat' dir='ltr'>roboretur.</span> <span class='ocrx_word' id='word_1_587' title='bbox 1105 2401 1205 2454; x_wconf 85' lang='lat' dir='ltr'>Beatus</span> <span class='ocrx_word' id='word_1_588' title='bbox 1230 2405 1306 2456; x_wconf 89' lang='lat' dir='ltr'>certe</span> <span class='ocrx_word' id='word_1_589' title='bbox 1331 2401 1516 2472; x_wconf 79' lang='lat' dir='ltr'>Augustinus,</span> <span class='ocrx_word' id='word_1_590' title='bbox 1531 2402 1596 2457; x_wconf 90' lang='lat' dir='ltr'>licet</span> <span class='ocrx_word' id='word_1_591' title='bbox 1608 2402 1637 2456; x_wconf 92' lang='lat' dir='ltr'>in</span> <span class='ocrx_word' id='word_1_592' title='bbox 1650 2403 1748 2458; x_wconf 88' lang='lat' dir='ltr'>multis</span> 
     </span>
    </p>
   </div>
   <div class='ocr_carea' id='block_1_13' title="bbox 931 2493 1748 3128">
    <p class='ocr_par' dir='ltr' id='par_1_14' title="bbox 931 2493 1748 3128">
     <span class='ocr_line' id='line_1_63' title="bbox 933 2493 1746 2566; baseline 0.004 -17"><span class='ocrx_word' id='word_1_593' title='bbox 933 2493 1072 2565; x_wconf 90' lang='lat' dir='ltr'>opusculis</span> <span class='ocrx_word' id='word_1_594' title='bbox 1084 2498 1190 2549; x_wconf 90' lang='lat' dir='ltr'>astruat</span> <span class='ocrx_word' id='word_1_595' title='bbox 1201 2496 1317 2566; x_wconf 80' lang='lat' dir='ltr'>angelos</span> <span class='ocrx_word' id='word_1_596' title='bbox 1327 2495 1523 2566; x_wconf 89' lang='lat' dir='ltr'>incorpoream</span> <span class='ocrx_word' id='word_1_597' title='bbox 1536 2513 1595 2551; x_wconf 90' lang='lat' dir='ltr'>esse</span> <span class='ocrx_word' id='word_1_598' title='bbox 1605 2494 1746 2566; x_wconf 78' lang='lat' dir='ltr'>ntrunm,</span> 
     </span>
     <span class='ocr_line' id='line_1_64' title="bbox 931 2587 1748 2645; baseline 0.005 -4"><span class='ocrx_word' id='word_1_599' title='bbox 931 2590 1128 2643; x_wconf 77' lang='lat' dir='ltr'>remnmmem</span> <span class='ocrx_word' id='word_1_600' title='bbox 1140 2587 1169 2641; x_wconf 94' lang='lat' dir='ltr'>in</span> <span class='ocrx_word' id='word_1_601' title='bbox 1183 2587 1255 2642; x_wconf 92' lang='lat' dir='ltr'>libro</span> <span class='ocrx_word' id='word_1_602' title='bbox 1268 2588 1410 2643; x_wconf 88' lang='lat' dir='ltr'>Trinitatis</span> <span class='ocrx_word' id='word_1_603' title='bbox 1422 2606 1480 2644; x_wconf 94' lang='lat' dir='ltr'>non</span> <span class='ocrx_word' id='word_1_604' title='bbox 1502 2590 1594 2644; x_wconf 88' lang='lat' dir='ltr'>solum</span> <span class='ocrx_word' id='word_1_605' title='bbox 1607 2606 1642 2645; x_wconf 83' lang='lat' dir='ltr'>ex</span> <span class='ocrx_word' id='word_1_606' title='bbox 1654 2590 1748 2645; x_wconf 91' lang='lat' dir='ltr'>incor-</span> 
     </span>
     <span class='ocr_line' id='line_1_65' title="bbox 932 2680 1744 2754; baseline 0.004 -19"><span class='ocrx_word' id='word_1_607' title='bbox 932 2697 1029 2753; x_wconf 92' lang='lat' dir='ltr'>poreo,</span> <span class='ocrx_word' id='word_1_608' title='bbox 1045 2680 1244 2736; x_wconf 88' lang='lat' dir='ltr'>verumetiam</span> <span class='ocrx_word' id='word_1_609' title='bbox 1264 2698 1298 2736; x_wconf 88' lang='lat' dir='ltr'>ex</span> <span class='ocrx_word' id='word_1_610' title='bbox 1313 2699 1457 2753; x_wconf 90' lang='lat' dir='ltr'>corporeo,</span> <span class='ocrx_word' id='word_1_611' title='bbox 1472 2683 1501 2737; x_wconf 94' lang='lat' dir='ltr'>id</span> <span class='ocrx_word' id='word_1_612' title='bbox 1516 2688 1558 2738; x_wconf 91' lang='lat' dir='ltr'>est</span> <span class='ocrx_word' id='word_1_613' title='bbox 1584 2700 1619 2739; x_wconf 81' lang='lat' dir='ltr'>ex</span> <span class='ocrx_word' id='word_1_614' title='bbox 1638 2683 1744 2754; x_wconf 90' lang='lat' dir='ltr'>duplici</span> 
     </span>
     <span class='ocr_line' id='line_1_66' title="bbox 932 2774 1747 2845; baseline 0.002 -16"><span class='ocrx_word' id='word_1_615' title='bbox 932 2774 1097 2843; x_wconf 83' lang='lat' dir='ltr'>substantia,</span> <span class='ocrx_word' id='word_1_616' title='bbox 1110 2789 1157 2829; x_wconf 87' lang='lat' dir='ltr'>eos</span> <span class='ocrx_word' id='word_1_617' title='bbox 1172 2791 1232 2829; x_wconf 90' lang='lat' dir='ltr'>esse</span> <span class='ocrx_word' id='word_1_618' title='bbox 1247 2781 1398 2845; x_wconf 81' lang='lat' dir='ltr'>asseverat,</span> <span class='ocrx_word' id='word_1_619' title='bbox 1411 2779 1444 2830; x_wconf 90' lang='grc' dir='ltr'>ιιι</span> <span class='ocrx_word' id='word_1_620' title='bbox 1453 2791 1487 2830; x_wconf 81' lang='lat' dir='ltr'>er</span> <span class='ocrx_word' id='word_1_621' title='bbox 1502 2792 1557 2831; x_wconf 92' lang='lat' dir='ltr'>una</span> <span class='ocrx_word' id='word_1_622' title='bbox 1571 2777 1605 2831; x_wconf 89' lang='lat' dir='ltr'>ad</span> <span class='ocrx_word' id='word_1_623' title='bbox 1619 2776 1668 2832; x_wconf 86' lang='lat' dir='ltr'>Dei</span> <span class='ocrx_word' id='word_1_624' title='bbox 1682 2793 1747 2832; x_wconf 93' lang='lat' dir='ltr'>con·</span> 
     </span>
     <span class='ocr_line' id='line_1_67' title="bbox 932 2868 1747 2943; baseline 0.004 -22"><span class='ocrx_word' id='word_1_625' title='bbox 932 2868 1145 2940; x_wconf 88' lang='lat' dir='ltr'>temptationem</span> <span class='ocrx_word' id='word_1_626' title='bbox 1158 2885 1215 2922; x_wconf 91' lang='lat' dir='ltr'>non</span> <span class='ocrx_word' id='word_1_627' title='bbox 1229 2869 1369 2938; x_wconf 84' lang='lat' dir='ltr'>recedant,</span> <span class='ocrx_word' id='word_1_628' title='bbox 1384 2870 1541 2925; x_wconf 89' lang='lat' dir='ltr'>secundum</span> <span class='ocrx_word' id='word_1_629' title='bbox 1559 2870 1635 2943; x_wconf 88' lang='lat' dir='ltr'>quod</span> <span class='ocrx_word' id='word_1_630' title='bbox 1650 2870 1747 2924; x_wconf 87' lang='lat' dir='ltr'>Domi·</span> 
     </span>
     <span class='ocr_line' id='line_1_68' title="bbox 931 2961 1748 3035; baseline 0.001 -18"><span class='ocrx_word' id='word_1_631' title='bbox 931 2978 986 3017; x_wconf 91' lang='lat' dir='ltr'>nus</span> <span class='ocrx_word' id='word_1_632' title='bbox 999 2961 1030 3017; x_wconf 91' lang='lat' dir='ltr'>in</span> <span class='ocrx_word' id='word_1_633' title='bbox 1043 2961 1194 3034; x_wconf 83' lang='lat' dir='ltr'>Evangelio</span> <span class='ocrx_word' id='word_1_634' title='bbox 1207 2977 1272 3017; x_wconf 88' lang='lat' dir='ltr'>cum</span> <span class='ocrx_word' id='word_1_635' title='bbox 1280 2963 1314 3017; x_wconf 92' lang='lat' dir='ltr'>de</span> <span class='ocrx_word' id='word_1_636' title='bbox 1328 2978 1386 3017; x_wconf 88' lang='lat' dir='ltr'>non</span> <span class='ocrx_word' id='word_1_637' title='bbox 1396 2963 1616 3019; x_wconf 89' lang='lat' dir='ltr'>condemnandis</span> <span class='ocrx_word' id='word_1_638' title='bbox 1625 2963 1748 3035; x_wconf 80' lang='lat' dir='ltr'>parvulis</span> 
     </span>
     <span class='ocr_line' id='line_1_69' title="bbox 931 3056 1748 3128; baseline 0.004 -18"><span class='ocrx_word' id='word_1_639' title='bbox 931 3059 1030 3127; x_wconf 88' lang='lat' dir='ltr'>ageret</span> <span class='ocrx_word' id='word_1_640' title='bbox 1044 3072 1050 3110; x_wconf 93' lang='lat'><strong>:</strong></span> <span class='ocrx_word' id='word_1_641' title='bbox 1068 3057 1138 3124; x_wconf 81' lang='lat' dir='ltr'>Quin</span> <span class='ocrx_word' id='word_1_642' title='bbox 1159 3056 1250 3125; x_wconf 80' lang='lat' dir='ltr'>capeti</span> <span class='ocrx_word' id='word_1_643' title='bbox 1262 3071 1353 3111; x_wconf 84' lang='lat' dir='ltr'>eorum</span> <span class='ocrx_word' id='word_1_644' title='bbox 1363 3072 1466 3128; x_wconf 82' lang='lat' dir='ltr'>semper</span> <span class='ocrx_word' id='word_1_645' title='bbox 1479 3059 1572 3113; x_wconf 80' lang='lat' dir='ltr'>vident</span> <span class='ocrx_word' id='word_1_646' title='bbox 1584 3059 1748 3125; x_wconf 75' lang='lat' dir='ltr'>sociem‘Po-</span> 
     </span>
    </p>
   </div>
   <div class='ocr_carea' id='block_1_14' title="bbox 57 3144 1747 3277">
    <p class='ocr_par' dir='ltr' id='par_1_15' title="bbox 57 3144 1747 3277">
     <span class='ocr_line' id='line_1_70' title="bbox 57 3144 1747 3277; baseline -0.022 -15"><span class='ocrx_word' id='word_1_647' title='bbox 57 3203 225 3277; x_wconf 70' lang='lat' dir='ltr'>persuaderi</span> <span class='ocrx_word' id='word_1_648' title='bbox 237 3208 331 3274; x_wconf 84' lang='lat' dir='ltr'>potest,</span> <span class='ocrx_word' id='word_1_649' title='bbox 348 3205 414 3258; x_wconf 82' lang='lat' dir='ltr'>ruiti</span> <span class='ocrx_word' id='word_1_650' title='bbox 431 3207 521 3258; x_wconf 83' lang='lat' dir='ltr'>tomen</span> <span class='ocrx_word' id='word_1_651' title='bbox 532 3203 622 3269; x_wconf 71' lang='lat' dir='ltr'>fateor</span> <span class='ocrx_word' id='word_1_652' title='bbox 638 3218 691 3258; x_wconf 84' lang='lat' dir='ltr'>esse</span> <span class='ocrx_word' id='word_1_653' title='bbox 708 3218 879 3273; x_wconf 82' lang='lat' dir='ltr'>persuasum.</span> <span class='ocrx_word' id='word_1_654' title='bbox 891 3144 919 3220; x_wconf 72' lang='lat' dir='ltr'>C</span> <span class='ocrx_word' id='word_1_655' title='bbox 931 3152 981 3205; x_wconf 55' lang='lat' dir='ltr'>&#39;m</span> <span class='ocrx_word' id='word_1_656' title='bbox 994 3165 1056 3213; x_wconf 56' lang='grc' dir='ltr'>Μ’</span> <span class='ocrx_word' id='word_1_657' title='bbox 1072 3165 1118 3218; x_wconf 66' lang='lat' dir='ltr'>qm</span> <span class='ocrx_word' id='word_1_658' title='bbox 1131 3164 1160 3202; x_wconf 65' lang='lat'>²⁷¹</span> <span class='ocrx_word' id='word_1_659' title='bbox 1172 3150 1243 3204; x_wconf 56' lang='lat' dir='ltr'>mm</span> <span class='ocrx_word' id='word_1_660' title='bbox 1255 3154 1315 3219; x_wconf 60' lang='lat'>‘³⁸⁸3</span> <span class='ocrx_word' id='word_1_661' title='bbox 1343 3166 1378 3205; x_wconf 67' lang='lat'>⁹¹</span> <span class='ocrx_word' id='word_1_662' title='bbox 1399 3150 1455 3205; x_wconf 67' lang='lat'>⁸¹¹⁸</span> <span class='ocrx_word' id='word_1_663' title='bbox 1468 3151 1503 3205; x_wconf 59' lang='lat' dir='ltr'>ad</span> <span class='ocrx_word' id='word_1_664' title='bbox 1524 3152 1619 3224; x_wconf 49' lang='lat' dir='ltr'>ghissa</span> <span class='ocrx_word' id='word_1_665' title='bbox 1637 3151 1747 3223; x_wconf 60' lang='lat' dir='ltr'>agendfl</span> 
     </span>
    </p>
   </div>
   <div class='ocr_carea' id='block_1_15' title="bbox 931 3241 1748 3316">
    <p class='ocr_par' dir='ltr' id='par_1_16' title="bbox 931 3241 1748 3316">
     <span class='ocr_line' id='line_1_71' title="bbox 931 3241 1748 3316; baseline 0.004 -19"><span class='ocrx_word' id='word_1_666' title='bbox 931 3261 960 3298; x_wconf 82' lang='lat' dir='ltr'>in</span> <span class='ocrx_word' id='word_1_667' title='bbox 975 3247 1126 3314; x_wconf 90' lang='lat' dir='ltr'>conspectu</span> <span class='ocrx_word' id='word_1_668' title='bbox 1134 3241 1285 3297; x_wconf 89' lang='lat' dir='ltr'>hominurn</span> <span class='ocrx_word' id='word_1_669' title='bbox 1296 3243 1431 3298; x_wconf 80' lang='lat' dir='ltr'>veraciter</span> <span class='ocrx_word' id='word_1_670' title='bbox 1442 3250 1607 3316; x_wconf 88' lang='lat' dir='ltr'>appareant.</span> <span class='ocrx_word' id='word_1_671' title='bbox 1618 3245 1661 3301; x_wconf 89' lang='lat' dir='ltr'>Sic</span> <span class='ocrx_word' id='word_1_672' title='bbox 1671 3245 1748 3300; x_wconf 91' lang='lat' dir='ltr'>enim</span> 
     </span>
    </p>
   </div>
   <div class='ocr_carea' id='block_1_16' title="bbox 855 3336 1745 3502">
    <p class='ocr_par' dir='ltr' id='par_1_17' title="bbox 855 3336 1745 3502">
     <span class='ocr_line' id='line_1_72' title="bbox 855 3336 1745 3409; baseline 0.001 -18"><span class='ocrx_word' id='word_1_673' title='bbox 855 3389 860 3399; x_wconf 89' lang='grc'><strong>,</strong></span> <span class='ocrx_word' id='word_1_674' title='bbox 931 3337 960 3392; x_wconf 92' lang='lat' dir='ltr'>in</span> <span class='ocrx_word' id='word_1_675' title='bbox 973 3336 1045 3392; x_wconf 94' lang='lat' dir='ltr'>libro</span> <span class='ocrx_word' id='word_1_676' title='bbox 1067 3353 1085 3391; x_wconf 93' lang='lat' dir='ltr'>u</span> <span class='ocrx_word' id='word_1_677' title='bbox 1111 3336 1237 3407; x_wconf 84' lang='lat' dir='ltr'>ejusdem</span> <span class='ocrx_word' id='word_1_678' title='bbox 1257 3337 1370 3406; x_wconf 91' lang='lat' dir='ltr'>operis:</span> <span class='ocrx_word' id='word_1_679' title='bbox 1399 3360 1413 3386; x_wconf 91' lang='lat'>«</span> <span class='ocrx_word' id='word_1_680' title='bbox 1428 3340 1618 3407; x_wconf 83' lang='lat' dir='ltr'>Assumentes,</span> <span class='ocrx_word' id='word_1_681' title='bbox 1643 3338 1745 3409; x_wconf 86' lang='lat' dir='ltr'>inquit,</span> 
     </span>
     <span class='ocr_line' id='line_1_73' title="bbox 859 3429 1744 3502; baseline 0.001 -18"><span class='ocrx_word' id='word_1_682' title='bbox 859 3482 864 3492; x_wconf 85' lang='grc'><strong>,</strong></span> <span class='ocrx_word' id='word_1_683' title='bbox 930 3430 1024 3501; x_wconf 90' lang='lat' dir='ltr'>augeli</span> <span class='ocrx_word' id='word_1_684' title='bbox 1047 3429 1220 3499; x_wconf 86' lang='lat' dir='ltr'>corporalem</span> <span class='ocrx_word' id='word_1_685' title='bbox 1243 3429 1366 3501; x_wconf 87' lang='lat' dir='ltr'>speciem</span> <span class='ocrx_word' id='word_1_686' title='bbox 1382 3434 1539 3486; x_wconf 83' lang='lat' dir='ltr'>ocreatum</span> <span class='ocrx_word' id='word_1_687' title='bbox 1564 3447 1697 3502; x_wconf 91' lang='lat' dir='ltr'>corporea</span> <span class='ocrx_word' id='word_1_688' title='bbox 1714 3432 1744 3485; x_wconf 92' lang='lat' dir='ltr'>in</span> 
     </span>
    </p>
   </div>
   <div class='ocr_carea' id='block_1_17' title="bbox 929 3520 1748 3689">
    <p class='ocr_par' dir='ltr' id='par_1_18' title="bbox 929 3520 1748 3689">
     <span class='ocr_line' id='line_1_74' title="bbox 929 3520 1748 3596; baseline 0.002 -18"><span class='ocrx_word' id='word_1_689' title='bbox 929 3540 1013 3578; x_wconf 91' lang='lat' dir='ltr'>usum</span> <span class='ocrx_word' id='word_1_690' title='bbox 1035 3521 1184 3577; x_wconf 89' lang='lat' dir='ltr'>ministerii</span> <span class='ocrx_word' id='word_1_691' title='bbox 1210 3520 1263 3588; x_wconf 80' lang='lat' dir='ltr'>sui,</span> <span class='ocrx_word' id='word_1_692' title='bbox 1278 3521 1350 3577; x_wconf 91' lang='lat' dir='ltr'>sicut</span> <span class='ocrx_word' id='word_1_693' title='bbox 1364 3523 1466 3595; x_wconf 83' lang='lat' dir='ltr'>cuique</span> <span class='ocrx_word' id='word_1_694' title='bbox 1492 3540 1563 3596; x_wconf 91' lang='lat' dir='ltr'>opus</span> <span class='ocrx_word' id='word_1_695' title='bbox 1588 3529 1670 3589; x_wconf 91' lang='lat' dir='ltr'>esset,</span> <span class='ocrx_word' id='word_1_696' title='bbox 1697 3531 1748 3580; x_wconf 89' lang='lat' dir='ltr'>aut</span> 
     </span>
     <span class='ocr_line' id='line_1_75' title="bbox 930 3617 1746 3689; baseline 0 -17"><span class='ocrx_word' id='word_1_697' title='bbox 930 3634 1024 3689; x_wconf 80' lang='lat' dir='ltr'>ipsum</span> <span class='ocrx_word' id='word_1_698' title='bbox 1037 3633 1138 3689; x_wconf 91' lang='lat' dir='ltr'>corpus</span> <span class='ocrx_word' id='word_1_699' title='bbox 1147 3632 1229 3672; x_wconf 93' lang='lat' dir='ltr'>suum</span> <span class='ocrx_word' id='word_1_700' title='bbox 1239 3617 1285 3670; x_wconf 94' lang='lat' dir='ltr'>cui</span> <span class='ocrx_word' id='word_1_701' title='bbox 1295 3633 1353 3673; x_wconf 90' lang='lat' dir='ltr'>non</span> <span class='ocrx_word' id='word_1_702' title='bbox 1363 3618 1532 3686; x_wconf 87' lang='lat' dir='ltr'>subduntur,</span> <span class='ocrx_word' id='word_1_703' title='bbox 1543 3618 1590 3673; x_wconf 93' lang='lat' dir='ltr'>sed</span> <span class='ocrx_word' id='word_1_704' title='bbox 1601 3617 1746 3673; x_wconf 91' lang='lat' dir='ltr'>subditum</span> 
     </span>
    </p>
   </div>
   <div class='ocr_carea' id='block_1_18' title="bbox 838 3711 1747 3787">
    <p class='ocr_par' dir='ltr' id='par_1_19' title="bbox 838 3711 1747 3787">
     <span class='ocr_line' id='line_1_76' title="bbox 838 3711 1747 3787; baseline 0.003 -23"><span class='ocrx_word' id='word_1_705' title='bbox 838 3762 843 3772; x_wconf 87' lang='grc'><strong>,</strong></span> <span class='ocrx_word' id='word_1_706' title='bbox 930 3716 1042 3783; x_wconf 83' lang='lat' dir='ltr'>regrmt,</span> <span class='ocrx_word' id='word_1_707' title='bbox 1056 3711 1087 3766; x_wconf 92' lang='lat' dir='ltr'>in</span> <span class='ocrx_word' id='word_1_708' title='bbox 1100 3714 1206 3783; x_wconf 87' lang='lat' dir='ltr'>species</span> <span class='ocrx_word' id='word_1_709' title='bbox 1225 3731 1295 3787; x_wconf 87' lang='lat' dir='ltr'>quas</span> <span class='ocrx_word' id='word_1_710' title='bbox 1307 3714 1403 3769; x_wconf 83' lang='lat' dir='ltr'>volent</span> <span class='ocrx_word' id='word_1_711' title='bbox 1421 3712 1645 3768; x_wconf 88' lang='lat' dir='ltr'>accommodatas</span> <span class='ocrx_word' id='word_1_712' title='bbox 1663 3717 1747 3783; x_wconf 87' lang='lat' dir='ltr'>atque</span> 
     </span>
    </p>
   </div>
   <div class='ocr_carea' id='block_1_19' title="bbox 928 3805 1813 5454">
    <p class='ocr_par' dir='ltr' id='par_1_20' title="bbox 928 3805 1813 5454">
     <span class='ocr_line' id='line_1_77' title="bbox 930 3805 1746 3878; baseline 0.002 -20"><span class='ocrx_word' id='word_1_713' title='bbox 930 3808 1009 3876; x_wconf 88' lang='lat' dir='ltr'>aptas</span> <span class='ocrx_word' id='word_1_714' title='bbox 1023 3805 1181 3862; x_wconf 87' lang='lat' dir='ltr'>actionibus</span> <span class='ocrx_word' id='word_1_715' title='bbox 1200 3809 1258 3864; x_wconf 91' lang='lat' dir='ltr'>suis</span> <span class='ocrx_word' id='word_1_716' title='bbox 1283 3809 1466 3863; x_wconf 89' lang='lat' dir='ltr'>immutantes</span> <span class='ocrx_word' id='word_1_717' title='bbox 1487 3811 1571 3878; x_wconf 85' lang='lat' dir='ltr'>atque</span> <span class='ocrx_word' id='word_1_718' title='bbox 1595 3808 1746 3877; x_wconf 84' lang='lat' dir='ltr'>vertentes,</span> 
     </span>
     <span class='ocr_line' id='line_1_78' title="bbox 930 3890 1813 3971; baseline 0.002 -19"><span class='ocrx_word' id='word_1_719' title='bbox 930 3901 1085 3957; x_wconf 87' lang='lat' dir='ltr'>secundum</span> <span class='ocrx_word' id='word_1_720' title='bbox 1111 3901 1276 3958; x_wconf 88' lang='lat' dir='ltr'>attributam</span> <span class='ocrx_word' id='word_1_721' title='bbox 1297 3902 1381 3956; x_wconf 92' lang='lat' dir='ltr'>sibia</span> <span class='ocrx_word' id='word_1_722' title='bbox 1402 3902 1533 3956; x_wconf 83' lang='lat' dir='ltr'>Crantore</span> <span class='ocrx_word' id='word_1_723' title='bbox 1561 3899 1745 3971; x_wconf 88' lang='lat' dir='ltr'>potentiam.»</span> <span class='ocrx_word' id='word_1_724' title='bbox 1808 3890 1813 3896; x_wconf 77' lang='grc'><strong>’</strong></span> 
     </span>
     <span class='ocr_line' id='line_1_79' title="bbox 929 3991 1747 4068; baseline 0.002 -22"><span class='ocrx_word' id='word_1_725' title='bbox 929 3993 1000 4047; x_wconf 90' lang='lat' dir='ltr'>ltem</span> <span class='ocrx_word' id='word_1_726' title='bbox 1011 3991 1040 4048; x_wconf 92' lang='lat' dir='ltr'>in</span> <span class='ocrx_word' id='word_1_727' title='bbox 1054 3992 1127 4049; x_wconf 92' lang='lat' dir='ltr'>libro</span> <span class='ocrx_word' id='word_1_728' title='bbox 1135 4011 1167 4049; x_wconf 89' lang='grc' dir='ltr'>ιιι</span> <span class='ocrx_word' id='word_1_729' title='bbox 1176 4012 1261 4068; x_wconf 87' lang='lat' dir='ltr'>supra</span> <span class='ocrx_word' id='word_1_730' title='bbox 1274 3999 1497 4051; x_wconf 90' lang='lat' dir='ltr'>memoratorum</span> <span class='ocrx_word' id='word_1_731' title='bbox 1507 3993 1648 4048; x_wconf 90' lang='lat' dir='ltr'>librorum</span> <span class='ocrx_word' id='word_1_732' title='bbox 1658 3992 1747 4048; x_wconf 79' lang='lat' dir='ltr'>:otton</span> 
     </span>
     <span class='ocr_line' id='line_1_80' title="bbox 929 4086 1747 4162; baseline 0.001 -22"><span class='ocrx_word' id='word_1_733' title='bbox 929 4086 1021 4142; x_wconf 93' lang='lat' dir='ltr'>solum</span> <span class='ocrx_word' id='word_1_734' title='bbox 1034 4087 1133 4159; x_wconf 89' lang='lat' dir='ltr'>malos,</span> <span class='ocrx_word' id='word_1_735' title='bbox 1150 4088 1253 4162; x_wconf 88' lang='lat' dir='ltr'>inquit,</span> <span class='ocrx_word' id='word_1_736' title='bbox 1268 4091 1317 4146; x_wconf 90' lang='lat' dir='ltr'>sed</span> <span class='ocrx_word' id='word_1_737' title='bbox 1339 4106 1390 4145; x_wconf 89' lang='lat' dir='ltr'>nec</span> <span class='ocrx_word' id='word_1_738' title='bbox 1407 4090 1497 4144; x_wconf 91' lang='lat' dir='ltr'>bonos</span> <span class='ocrx_word' id='word_1_739' title='bbox 1519 4088 1637 4159; x_wconf 86' lang='lat' dir='ltr'>angelos</span> <span class='ocrx_word' id='word_1_740' title='bbox 1649 4087 1691 4141; x_wconf 85' lang='lat' dir='ltr'>ias</span> <span class='ocrx_word' id='word_1_741' title='bbox 1704 4090 1747 4142; x_wconf 90' lang='lat' dir='ltr'>est</span> 
     </span>
     <span class='ocr_line' id='line_1_81' title="bbox 929 4180 1747 4255; baseline 0.001 -21"><span class='ocrx_word' id='word_1_742' title='bbox 929 4180 1024 4252; x_wconf 89' lang='lat' dir='ltr'>putari</span> <span class='ocrx_word' id='word_1_743' title='bbox 1049 4187 1197 4250; x_wconf 89' lang='lat' dir='ltr'>creatores,</span> <span class='ocrx_word' id='word_1_744' title='bbox 1222 4184 1254 4251; x_wconf 89' lang='lat' dir='ltr'>si,</span> <span class='ocrx_word' id='word_1_745' title='bbox 1268 4200 1321 4255; x_wconf 93' lang='lat' dir='ltr'>pro</span> <span class='ocrx_word' id='word_1_746' title='bbox 1347 4182 1502 4238; x_wconf 89' lang='lat' dir='ltr'>subtilitate</span> <span class='ocrx_word' id='word_1_747' title='bbox 1529 4181 1573 4235; x_wconf 92' lang='lat' dir='ltr'>sui</span> <span class='ocrx_word' id='word_1_748' title='bbox 1597 4196 1695 4235; x_wconf 90' lang='lat' dir='ltr'>sensus</span> <span class='ocrx_word' id='word_1_749' title='bbox 1719 4183 1747 4235; x_wconf 90' lang='lat' dir='ltr'>et</span> 
     </span>
     <span class='ocr_line' id='line_1_82' title="bbox 929 4272 1747 4345; baseline -0.004 -17"><span class='ocrx_word' id='word_1_750' title='bbox 929 4274 1066 4345; x_wconf 89' lang='lat' dir='ltr'>corporis,</span> <span class='ocrx_word' id='word_1_751' title='bbox 1077 4276 1185 4332; x_wconf 89' lang='lat' dir='ltr'>semina</span> <span class='ocrx_word' id='word_1_752' title='bbox 1199 4293 1294 4332; x_wconf 92' lang='lat' dir='ltr'>rerum</span> <span class='ocrx_word' id='word_1_753' title='bbox 1310 4275 1428 4330; x_wconf 90' lang='lat' dir='ltr'>istarum</span> <span class='ocrx_word' id='word_1_754' title='bbox 1441 4274 1521 4328; x_wconf 91' lang='lat' dir='ltr'>nobis</span> <span class='ocrx_word' id='word_1_755' title='bbox 1534 4272 1686 4328; x_wconf 91' lang='lat' dir='ltr'>occultiora</span> <span class='ocrx_word' id='word_1_756' title='bbox 1696 4288 1747 4326; x_wconf 89' lang='lat' dir='ltr'>no-</span> 
     </span>
     <span class='ocr_line' id='line_1_83' title="bbox 928 4365 1744 4443; baseline -0.004 -19"><span class='ocrx_word' id='word_1_757' title='bbox 928 4371 1057 4424; x_wconf 81' lang='lat' dir='ltr'>serunt.»</span> <span class='ocrx_word' id='word_1_758' title='bbox 1072 4371 1105 4424; x_wconf 82' lang='lat' dir='ltr'>Et</span> <span class='ocrx_word' id='word_1_759' title='bbox 1119 4370 1203 4440; x_wconf 90' lang='lat' dir='ltr'>paulo</span> <span class='ocrx_word' id='word_1_760' title='bbox 1216 4374 1294 4443; x_wconf 87' lang='lat' dir='ltr'>post:</span> <span class='ocrx_word' id='word_1_761' title='bbox 1310 4370 1402 4435; x_wconf 75' lang='lat' dir='ltr'>«Quae</span> <span class='ocrx_word' id='word_1_762' title='bbox 1415 4369 1445 4423; x_wconf 92' lang='lat' dir='ltr'>in</span> <span class='ocrx_word' id='word_1_763' title='bbox 1460 4365 1537 4421; x_wconf 86' lang='lat' dir='ltr'>coelis</span> <span class='ocrx_word' id='word_1_764' title='bbox 1551 4370 1626 4436; x_wconf 91' lang='lat' dir='ltr'>sunt,</span> <span class='ocrx_word' id='word_1_765' title='bbox 1640 4365 1744 4437; x_wconf 90' lang='lat' dir='ltr'>inquit,</span> 
     </span>
     <span class='ocr_line' id='line_1_84' title="bbox 929 4461 1747 4534; baseline 0.001 -18"><span class='ocrx_word' id='word_1_766' title='bbox 929 4478 986 4516; x_wconf 91' lang='lat' dir='ltr'>non</span> <span class='ocrx_word' id='word_1_767' title='bbox 1015 4461 1228 4534; x_wconf 75' lang='lat' dir='ltr'>investigamus,</span> <span class='ocrx_word' id='word_1_768' title='bbox 1247 4479 1304 4534; x_wconf 82' lang='lat' dir='ltr'>quo</span> <span class='ocrx_word' id='word_1_769' title='bbox 1328 4479 1425 4517; x_wconf 89' lang='lat' dir='ltr'>rerum</span> <span class='ocrx_word' id='word_1_770' title='bbox 1449 4475 1563 4532; x_wconf 87' lang='lat' dir='ltr'>genere,</span> <span class='ocrx_word' id='word_1_771' title='bbox 1577 4465 1606 4515; x_wconf 92' lang='lat' dir='ltr'>et</span> <span class='ocrx_word' id='word_1_772' title='bbox 1629 4477 1747 4532; x_wconf 90' lang='lat' dir='ltr'>corpora</span> 
     </span>
     <span class='ocr_line' id='line_1_85' title="bbox 930 4553 1745 4627; baseline 0.002 -18"><span class='ocrx_word' id='word_1_773' title='bbox 930 4553 1060 4626; x_wconf 85' lang='lat' dir='ltr'>angelica</span> <span class='ocrx_word' id='word_1_774' title='bbox 1071 4555 1228 4611; x_wconf 88' lang='lat' dir='ltr'>secundum</span> <span class='ocrx_word' id='word_1_775' title='bbox 1247 4555 1391 4627; x_wconf 89' lang='lat' dir='ltr'>propriam</span> <span class='ocrx_word' id='word_1_776' title='bbox 1415 4553 1592 4626; x_wconf 89' lang='lat' dir='ltr'>dignitatem,</span> <span class='ocrx_word' id='word_1_777' title='bbox 1604 4559 1633 4610; x_wconf 89' lang='lat' dir='ltr'>et</span> <span class='ocrx_word' id='word_1_778' title='bbox 1646 4571 1745 4611; x_wconf 90' lang='lat' dir='ltr'>eorum</span> 
     </span>
     <span class='ocr_line' id='line_1_86' title="bbox 929 4647 1742 4720; baseline 0 -17"><span class='ocrx_word' id='word_1_779' title='bbox 929 4648 1060 4720; x_wconf 74' lang='lat' dir='ltr'>quaedam</span> <span class='ocrx_word' id='word_1_780' title='bbox 1069 4649 1220 4720; x_wconf 89' lang='lat' dir='ltr'>corporalis</span> <span class='ocrx_word' id='word_1_781' title='bbox 1230 4648 1302 4704; x_wconf 90' lang='lat' dir='ltr'>actio</span> <span class='ocrx_word' id='word_1_782' title='bbox 1314 4648 1503 4704; x_wconf 82' lang='lat' dir='ltr'>continetur.»</span> <span class='ocrx_word' id='word_1_783' title='bbox 1519 4649 1589 4702; x_wconf 91' lang='lat' dir='ltr'>ltem</span> <span class='ocrx_word' id='word_1_784' title='bbox 1598 4647 1670 4703; x_wconf 92' lang='lat' dir='ltr'>libro</span> <span class='ocrx_word' id='word_1_785' title='bbox 1682 4665 1742 4720; x_wconf 80' lang='lat' dir='ltr'>vni,</span> 
     </span>
     <span class='ocr_line' id='line_1_87' title="bbox 929 4742 1744 4815; baseline 0.002 -18"><span class='ocrx_word' id='word_1_786' title='bbox 929 4742 1032 4798; x_wconf 85' lang='lat' dir='ltr'>docens</span> <span class='ocrx_word' id='word_1_787' title='bbox 1042 4742 1193 4797; x_wconf 86' lang='lat' dir='ltr'>Dominum</span> <span class='ocrx_word' id='word_1_788' title='bbox 1209 4760 1266 4798; x_wconf 91' lang='lat' dir='ltr'>non</span> <span class='ocrx_word' id='word_1_789' title='bbox 1281 4759 1339 4798; x_wconf 86' lang='lat' dir='ltr'>esse</span> <span class='ocrx_word' id='word_1_790' title='bbox 1353 4759 1465 4814; x_wconf 92' lang='lat' dir='ltr'>corpus,</span> <span class='ocrx_word' id='word_1_791' title='bbox 1480 4759 1531 4797; x_wconf 88' lang='lat' dir='ltr'>nec</span> <span class='ocrx_word' id='word_1_792' title='bbox 1544 4742 1617 4799; x_wconf 90' lang='lat' dir='ltr'>sicut</span> <span class='ocrx_word' id='word_1_793' title='bbox 1637 4743 1744 4815; x_wconf 87' lang='lat' dir='ltr'>cogita-</span> 
     </span>
     <span class='ocr_line' id='line_1_88' title="bbox 930 4832 1746 4908; baseline 0 -18"><span class='ocrx_word' id='word_1_794' title='bbox 930 4832 986 4904; x_wconf 85' lang='lat' dir='ltr'>tur,</span> <span class='ocrx_word' id='word_1_795' title='bbox 1000 4835 1108 4908; x_wconf 90' lang='lat' dir='ltr'>inquit:</span> <span class='ocrx_word' id='word_1_796' title='bbox 1125 4835 1241 4908; x_wconf 80' lang='lat' dir='ltr'>«angeli</span> <span class='ocrx_word' id='word_1_797' title='bbox 1255 4836 1355 4891; x_wconf 82' lang='lat' dir='ltr'>mrrndi</span> <span class='ocrx_word' id='word_1_798' title='bbox 1368 4836 1483 4908; x_wconf 91' lang='lat' dir='ltr'>spiritus</span> <span class='ocrx_word' id='word_1_799' title='bbox 1496 4836 1616 4892; x_wconf 87' lang='lat' dir='ltr'>coelestia</span> <span class='ocrx_word' id='word_1_800' title='bbox 1626 4852 1746 4907; x_wconf 89' lang='lat' dir='ltr'>corpora</span> 
     </span>
     <span class='ocr_line' id='line_1_89' title="bbox 929 4928 1793 5009; baseline 0 -26"><span class='ocrx_word' id='word_1_801' title='bbox 929 4928 1109 5000; x_wconf 85' lang='lat' dir='ltr'>mspirantes,</span> <span class='ocrx_word' id='word_1_802' title='bbox 1131 4935 1215 5002; x_wconf 88' lang='lat' dir='ltr'>atque</span> <span class='ocrx_word' id='word_1_803' title='bbox 1230 4931 1266 4986; x_wconf 91' lang='lat' dir='ltr'>ad</span> <span class='ocrx_word' id='word_1_804' title='bbox 1290 4930 1438 4986; x_wconf 89' lang='lat' dir='ltr'>arbitrium</span> <span class='ocrx_word' id='word_1_805' title='bbox 1462 4947 1518 5002; x_wconf 91' lang='lat' dir='ltr'>quo</span> <span class='ocrx_word' id='word_1_806' title='bbox 1536 4929 1662 4985; x_wconf 80' lang='lat' dir='ltr'>serviunt</span> <span class='ocrx_word' id='word_1_807' title='bbox 1688 4930 1744 4984; x_wconf 85' lang='lat' dir='ltr'>lieo</span> <span class='ocrx_word' id='word_1_808' title='bbox 1786 5000 1793 5009; x_wconf 82' lang='lat'>.</span> 
     </span>
     <span class='ocr_line' id='line_1_90' title="bbox 929 5023 1746 5096; baseline 0 -17"><span class='ocrx_word' id='word_1_809' title='bbox 929 5028 1081 5093; x_wconf 88' lang='lat' dir='ltr'>mutantes,</span> <span class='ocrx_word' id='word_1_810' title='bbox 1095 5028 1180 5096; x_wconf 88' lang='lat' dir='ltr'>atque</span> <span class='ocrx_word' id='word_1_811' title='bbox 1193 5040 1223 5080; x_wconf 91' lang='lat' dir='ltr'>se</span> <span class='ocrx_word' id='word_1_812' title='bbox 1232 5029 1385 5093; x_wconf 84' lang='lat' dir='ltr'>vertentes,</span> <span class='ocrx_word' id='word_1_813' title='bbox 1399 5039 1451 5079; x_wconf 89' lang='lat' dir='ltr'>nec</span> <span class='ocrx_word' id='word_1_814' title='bbox 1464 5023 1487 5078; x_wconf 93' lang='lat' dir='ltr'>si</span> <span class='ocrx_word' id='word_1_815' title='bbox 1501 5039 1599 5079; x_wconf 91' lang='lat' dir='ltr'>omnes</span> <span class='ocrx_word' id='word_1_816' title='bbox 1609 5039 1674 5079; x_wconf 93' lang='lat' dir='ltr'>cum</span> <span class='ocrx_word' id='word_1_817' title='bbox 1689 5023 1746 5079; x_wconf 90' lang='lat' dir='ltr'>siut</span> 
     </span>
     <span class='ocr_line' id='line_1_91' title="bbox 928 5116 1744 5188; baseline 0 -15"><span class='ocrx_word' id='word_1_818' title='bbox 928 5116 1019 5173; x_wconf 87' lang='lat' dir='ltr'>millia</span> <span class='ocrx_word' id='word_1_819' title='bbox 1032 5117 1158 5173; x_wconf 90' lang='lat' dir='ltr'>millium</span> <span class='ocrx_word' id='word_1_820' title='bbox 1173 5118 1205 5173; x_wconf 92' lang='lat' dir='ltr'>in</span> <span class='ocrx_word' id='word_1_821' title='bbox 1219 5134 1309 5173; x_wconf 92' lang='lat' dir='ltr'>unum</span> <span class='ocrx_word' id='word_1_822' title='bbox 1324 5116 1430 5172; x_wconf 88' lang='lat' dir='ltr'>collecti</span> <span class='ocrx_word' id='word_1_823' title='bbox 1442 5132 1516 5171; x_wconf 89' lang='lat' dir='ltr'>unus</span> <span class='ocrx_word' id='word_1_824' title='bbox 1529 5116 1608 5188; x_wconf 84' lang='lat' dir='ltr'>liant,</span> <span class='ocrx_word' id='word_1_825' title='bbox 1623 5133 1675 5173; x_wconf 90' lang='lat' dir='ltr'>nec</span> <span class='ocrx_word' id='word_1_826' title='bbox 1690 5118 1744 5173; x_wconf 91' lang='lat' dir='ltr'>tale</span> 
     </span>
     <span class='ocr_line' id='line_1_92' title="bbox 930 5209 1800 5284; baseline 0 -18"><span class='ocrx_word' id='word_1_827' title='bbox 930 5211 1037 5283; x_wconf 87' lang='lat' dir='ltr'>aliquid</span> <span class='ocrx_word' id='word_1_828' title='bbox 1051 5212 1123 5267; x_wconf 88' lang='lat' dir='ltr'>[leus</span> <span class='ocrx_word' id='word_1_829' title='bbox 1137 5216 1188 5281; x_wconf 88' lang='lat' dir='ltr'>est,</span> <span class='ocrx_word' id='word_1_830' title='bbox 1199 5228 1251 5267; x_wconf 91' lang='lat' dir='ltr'>nec</span> <span class='ocrx_word' id='word_1_831' title='bbox 1265 5211 1288 5265; x_wconf 91' lang='lat' dir='ltr'>si</span> <span class='ocrx_word' id='word_1_832' title='bbox 1302 5210 1414 5266; x_wconf 91' lang='lat' dir='ltr'>eosdem</span> <span class='ocrx_word' id='word_1_833' title='bbox 1436 5209 1551 5282; x_wconf 90' lang='lat' dir='ltr'>spiritus</span> <span class='ocrx_word' id='word_1_834' title='bbox 1564 5210 1624 5266; x_wconf 87' lang='lat' dir='ltr'>sine</span> <span class='ocrx_word' id='word_1_835' title='bbox 1645 5228 1743 5284; x_wconf 91' lang='lat' dir='ltr'>corpo·</span> <span class='ocrx_word' id='word_1_836' title='bbox 1798 5274 1800 5279; x_wconf 28' lang='lat'><strong>¹</strong></span> 
     </span>
     <span class='ocr_line' id='line_1_93' title="bbox 928 5303 1745 5377; baseline -0.001 -17"><span class='ocrx_word' id='word_1_837' title='bbox 928 5304 1007 5360; x_wconf 88' lang='lat' dir='ltr'>ribus</span> <span class='ocrx_word' id='word_1_838' title='bbox 1021 5305 1137 5377; x_wconf 92' lang='lat' dir='ltr'>cogites,</span> <span class='ocrx_word' id='word_1_839' title='bbox 1152 5304 1227 5377; x_wconf 93' lang='lat' dir='ltr'>quod</span> <span class='ocrx_word' id='word_1_840' title='bbox 1240 5303 1356 5377; x_wconf 90' lang='lat' dir='ltr'>quidem</span> <span class='ocrx_word' id='word_1_841' title='bbox 1370 5304 1475 5359; x_wconf 85' lang='lat' dir='ltr'>carnali</span> <span class='ocrx_word' id='word_1_842' title='bbox 1496 5304 1658 5377; x_wconf 87' lang='lat' dir='ltr'>cogitationi</span> <span class='ocrx_word' id='word_1_843' title='bbox 1673 5304 1745 5360; x_wconf 79' lang='lat' dir='ltr'>diist·</span> 
     </span>
     <span class='ocr_line' id='line_1_94' title="bbox 928 5397 1133 5454; baseline 0.005 -2"><span class='ocrx_word' id='word_1_844' title='bbox 928 5397 1068 5453; x_wconf 90' lang='lat' dir='ltr'>cillimum</span> <span class='ocrx_word' id='word_1_845' title='bbox 1082 5403 1133 5454; x_wconf 90' lang='lat' dir='ltr'>est.</span> 
     </span>
    </p>
   </div>
   <div class='ocr_carea' id='block_1_20' title="bbox 928 5539 1743 5802">
    <p class='ocr_par' dir='ltr' id='par_1_21' title="bbox 928 5539 1743 5802">
     <span class='ocr_line' id='line_1_95' title="bbox 964 5539 1743 5610; baseline -0.006 -13"><span class='ocrx_word' id='word_1_846' title='bbox 964 5543 1110 5609; x_wconf 84' lang='lat' dir='ltr'>Memores,</span> <span class='ocrx_word' id='word_1_847' title='bbox 1127 5541 1226 5610; x_wconf 85' lang='lat' dir='ltr'>irater,</span> <span class='ocrx_word' id='word_1_848' title='bbox 1242 5540 1351 5598; x_wconf 75' lang='lat' dir='ltr'>dilectae</span> <span class='ocrx_word' id='word_1_849' title='bbox 1373 5541 1521 5598; x_wconf 75' lang='lat' dir='ltr'>sententian</span> <span class='ocrx_word' id='word_1_850' title='bbox 1541 5540 1660 5606; x_wconf 86' lang='lat' dir='ltr'>Domini,</span> <span class='ocrx_word' id='word_1_851' title='bbox 1677 5539 1743 5609; x_wconf 89' lang='lat' dir='ltr'>quia</span> 
     </span>
     <span class='ocr_line' id='line_1_96' title="bbox 928 5631 1740 5703; baseline -0.007 -12"><span class='ocrx_word' id='word_1_852' title='bbox 928 5636 1049 5691; x_wconf 91' lang='lat' dir='ltr'>duorum</span> <span class='ocrx_word' id='word_1_853' title='bbox 1063 5639 1113 5690; x_wconf 88' lang='lat' dir='ltr'>aut</span> <span class='ocrx_word' id='word_1_854' title='bbox 1125 5635 1212 5690; x_wconf 88' lang='lat' dir='ltr'>trium</span> <span class='ocrx_word' id='word_1_855' title='bbox 1221 5636 1370 5692; x_wconf 90' lang='lat' dir='ltr'>hominum</span> <span class='ocrx_word' id='word_1_856' title='bbox 1381 5635 1575 5693; x_wconf 89' lang='lat' dir='ltr'>testimonium</span> <span class='ocrx_word' id='word_1_857' title='bbox 1585 5647 1683 5688; x_wconf 87' lang='lat' dir='ltr'>verum</span> <span class='ocrx_word' id='word_1_858' title='bbox 1695 5631 1740 5703; x_wconf 89' lang='lat' dir='ltr'>sit,</span> 
     </span>
     <span class='ocr_line' id='line_1_97' title="bbox 928 5725 1740 5802; baseline -0.005 -19"><span class='ocrx_word' id='word_1_859' title='bbox 928 5729 1015 5783; x_wconf 90' lang='lat' dir='ltr'>labori</span> <span class='ocrx_word' id='word_1_860' title='bbox 1030 5729 1164 5785; x_wconf 90' lang='lat' dir='ltr'>nostroin</span> <span class='ocrx_word' id='word_1_861' title='bbox 1176 5735 1252 5785; x_wconf 89' lang='lat' dir='ltr'>arcto</span> <span class='ocrx_word' id='word_1_862' title='bbox 1264 5735 1390 5802; x_wconf 90' lang='lat' dir='ltr'>tempore</span> <span class='ocrx_word' id='word_1_863' title='bbox 1405 5727 1592 5801; x_wconf 87' lang='lat' dir='ltr'>providentes,</span> <span class='ocrx_word' id='word_1_864' title='bbox 1602 5725 1653 5778; x_wconf 93' lang='lat' dir='ltr'>hos</span> <span class='ocrx_word' id='word_1_865' title='bbox 1668 5725 1740 5780; x_wconf 89' lang='lat' dir='ltr'>duos</span> 
     </span>
    </p>
   </div>
   <div class='ocr_carea' id='block_1_21' title="bbox 927 5817 1743 5896">
    <p class='ocr_par' dir='ltr' id='par_1_22' title="bbox 927 5817 1743 5896">
     <span class='ocr_line' id='line_1_98' title="bbox 927 5817 1743 5896; baseline -0.005 -16"><span class='ocrx_word' id='word_1_866' title='bbox 927 5823 1178 5884; x_wconf 84' lang='lat' dir='ltr'>excellentissimos</span> <span class='ocrx_word' id='word_1_867' title='bbox 1203 5827 1376 5896; x_wconf 84' lang='lat' dir='ltr'>tractatores,</span> <span class='ocrx_word' id='word_1_868' title='bbox 1391 5826 1425 5880; x_wconf 88' lang='lat' dir='ltr'>ut</span> <span class='ocrx_word' id='word_1_869' title='bbox 1447 5818 1557 5878; x_wconf 77' lang='lat' dir='ltr'>saeuius</span> <span class='ocrx_word' id='word_1_870' title='bbox 1583 5817 1688 5891; x_wconf 87' lang='lat' dir='ltr'>credat,</span> <span class='ocrx_word' id='word_1_871' title='bbox 1713 5820 1743 5876; x_wconf 91' lang='lat' dir='ltr'>iu</span> 
     </span>
    </p>
   </div>
   <div class='ocr_carea' id='block_1_22' title="bbox 0 0 1944 6150">
    <p class='ocr_par' dir='ltr' id='par_1_23' title="bbox 0 0 1944 6150">
     <span class='ocr_line' id='line_1_99' title="bbox 0 0 1944 6150; baseline 0 1"><span class='ocrx_word' id='word_1_872' title='bbox 0 0 1944 6150; x_wconf 95' lang='lat' dir='ltr'> </span> 
     </span>
    </p>
   </div>
  </div>
 </body>
</html>
