<?xml version="1.0" encoding="UTF-8"?>
<!DOCTYPE html PUBLIC "-//W3C//DTD XHTML 1.0 Transitional//EN"
    "http://www.w3.org/TR/xhtml1/DTD/xhtml1-transitional.dtd">
<html xmlns="http://www.w3.org/1999/xhtml" xml:lang="en" lang="en">
 <head>
  <title>
</title>
<meta http-equiv="Content-Type" content="text/html;charset=utf-8" />
  <meta name='ocr-system' content='tesseract 3.04.00' />
  <meta name='ocr-capabilities' content='ocr_page ocr_carea ocr_par ocr_line ocrx_word'/>
</head>
<body>
  <div class='ocr_page' id='page_1' title='image "./patrologiaecurs00migngoog/patrologiaecurs00migngoog_0337.png"; bbox 0 0 3884 6150; ppageno 0'>
   <div class='ocr_carea' id='block_1_1' title="bbox 122 219 1876 297">
    <p class='ocr_par' dir='ltr' id='par_1_1' title="bbox 122 219 1876 297">
     <span class='ocr_line' id='line_1_1' title="bbox 122 219 1876 297; baseline 0.009 -17"><span class='ocrx_word' id='word_1_1' title='bbox 122 219 125 225; x_wconf 82' lang='grc'><strong>’</strong></span> <span class='ocrx_word' id='word_1_2' title='bbox 196 229 246 281; x_wconf 87' lang='grc'>663</span> <span class='ocrx_word' id='word_1_3' title='bbox 687 225 813 281; x_wconf 72' lang='lat' dir='ltr'><strong>sancta</strong></span> <span class='ocrx_word' id='word_1_4' title='bbox 833 219 1054 294; x_wconf 62' lang='lat' dir='ltr'><strong>mutabant&amp;</strong></span> <span class='ocrx_word' id='word_1_5' title='bbox 1075 226 1200 285; x_wconf 71' lang='lat' dir='ltr'><strong>nmina</strong></span> <span class='ocrx_word' id='word_1_6' title='bbox 1219 229 1239 285; x_wconf 87' lang='lat' dir='ltr'>F</span> <span class='ocrx_word' id='word_1_7' title='bbox 1240 229 1382 286; x_wconf 76' lang='lat' dir='ltr'>RANCIAE.</span> <span class='ocrx_word' id='word_1_8' title='bbox 1817 240 1876 297; x_wconf 79' lang='grc'>’661</span> 
     </span>
    </p>
   </div>
   <div class='ocr_carea' id='block_1_2' title="bbox 194 331 1877 2476">
    <p class='ocr_par' dir='ltr' id='par_1_2' title="bbox 195 331 1877 606">
     <span class='ocr_line' id='line_1_2' title="bbox 195 331 1877 421; baseline 0.01 -32"><span class='ocrx_word' id='word_1_9' title='bbox 195 348 323 407; x_wconf 82' lang='lat' dir='ltr'><strong>praeceps</strong></span> <span class='ocrx_word' id='word_1_10' title='bbox 334 334 369 390; x_wconf 91' lang='grc'>66</span> <span class='ocrx_word' id='word_1_11' title='bbox 383 334 536 403; x_wconf 90' lang='lat' dir='ltr'><strong>tumulum,</strong></span> <span class='ocrx_word' id='word_1_12' title='bbox 551 332 668 388; x_wconf 87' lang='grc'>1666166</span> <span class='ocrx_word' id='word_1_13' title='bbox 680 348 795 388; x_wconf 89' lang='lat' dir='ltr'><strong>cursum</strong></span> <span class='ocrx_word' id='word_1_14' title='bbox 807 332 842 388; x_wconf 89' lang='grc'>66</span> <span class='ocrx_word' id='word_1_15' title='bbox 853 331 968 401; x_wconf 88' lang='grc'>1661616,</span> <span class='ocrx_word' id='word_1_16' title='bbox 979 336 1011 390; x_wconf 92' lang='grc'>61</span> <span class='ocrx_word' id='word_1_17' title='bbox 1020 345 1050 420; x_wconf 66' lang='grc' dir='ltr'><strong>Α</strong></span> <span class='ocrx_word' id='word_1_18' title='bbox 1096 337 1140 391; x_wconf 79' lang='grc'>18.</span> <span class='ocrx_word' id='word_1_19' title='bbox 1164 336 1407 394; x_wconf 78' lang='lat' dir='ltr'><strong>commemoretur</strong></span> <span class='ocrx_word' id='word_1_20' title='bbox 1429 341 1458 395; x_wconf 88' lang='lat' dir='ltr'>et</span> <span class='ocrx_word' id='word_1_21' title='bbox 1481 338 1552 396; x_wconf 89' lang='lat' dir='ltr'><strong>illud</strong></span> <span class='ocrx_word' id='word_1_22' title='bbox 1575 342 1672 400; x_wconf 79' lang='lat' dir='ltr'>nobile</span> <span class='ocrx_word' id='word_1_23' title='bbox 1693 343 1802 403; x_wconf 87' lang='grc'>1661666</span> <span class='ocrx_word' id='word_1_24' title='bbox 1826 364 1877 421; x_wconf 91' lang='grc'>666</span> 
     </span>
     <span class='ocr_line' id='line_1_3' title="bbox 197 425 1874 511; baseline 0.009 -29"><span class='ocrx_word' id='word_1_25' title='bbox 197 427 253 483; x_wconf 88' lang='grc'>6161</span> <span class='ocrx_word' id='word_1_26' title='bbox 280 427 473 483; x_wconf 89' lang='lat' dir='ltr'><strong>testimonium</strong></span> <span class='ocrx_word' id='word_1_27' title='bbox 504 427 573 482; x_wconf 92' lang='lat' dir='ltr'><strong>odor</strong></span> <span class='ocrx_word' id='word_1_28' title='bbox 600 425 704 482; x_wconf 91' lang='lat' dir='ltr'><strong>inesset</strong></span> <span class='ocrx_word' id='word_1_29' title='bbox 728 426 827 498; x_wconf 90' lang='lat' dir='ltr'><strong>capitis</strong></span> <span class='ocrx_word' id='word_1_30' title='bbox 853 431 881 482; x_wconf 91' lang='grc'>61</span> <span class='ocrx_word' id='word_1_31' title='bbox 905 427 1010 484; x_wconf 88' lang='lat' dir='ltr'><strong>ventris</strong></span> <span class='ocrx_word' id='word_1_32' title='bbox 1060 429 1213 487; x_wconf 88' lang='lat' dir='ltr'><strong>somnium.</strong></span> <span class='ocrx_word' id='word_1_33' title='bbox 1229 431 1368 488; x_wconf 86' lang='lat' dir='ltr'>Tribunus</span> <span class='ocrx_word' id='word_1_34' title='bbox 1383 431 1460 504; x_wconf 86' lang='lat' dir='ltr'><strong>tisci,</strong></span> <span class='ocrx_word' id='word_1_35' title='bbox 1479 440 1668 507; x_wconf 86' lang='lat' dir='ltr'><strong>cognomenta</strong></span> <span class='ocrx_word' id='word_1_36' title='bbox 1682 438 1874 511; x_wconf 84' lang='lat' dir='ltr'><strong>bomolenus,</strong></span> 
     </span>
     <span class='ocr_line' id='line_1_4' title="bbox 198 520 1876 606; baseline 0.007 -27"><span class='ocrx_word' id='word_1_37' title='bbox 198 521 277 579; x_wconf 91' lang='grc'>66116</span> <span class='ocrx_word' id='word_1_38' title='bbox 287 520 434 594; x_wconf 76' lang='lat' dir='ltr'><strong>pernicies.</strong></span> <span class='ocrx_word' id='word_1_39' title='bbox 1060 523 1167 597; x_wconf 87' lang='grc'>616666</span> <span class='ocrx_word' id='word_1_40' title='bbox 1177 526 1351 582; x_wconf 89' lang='lat' dir='ltr'><strong>sanctissima</strong></span> <span class='ocrx_word' id='word_1_41' title='bbox 1360 526 1493 600; x_wconf 89' lang='lat' dir='ltr'><strong>migravit</strong></span> <span class='ocrx_word' id='word_1_42' title='bbox 1499 527 1534 584; x_wconf 92' lang='lat' dir='ltr'>de</span> <span class='ocrx_word' id='word_1_43' title='bbox 1545 530 1658 602; x_wconf 78' lang='grc'>666616,</span> <span class='ocrx_word' id='word_1_44' title='bbox 1670 532 1741 588; x_wconf 94' lang='lat' dir='ltr'><strong>dum</strong></span> <span class='ocrx_word' id='word_1_45' title='bbox 1753 536 1876 606; x_wconf 72' lang='lat' dir='ltr'><strong>gravitm</strong></span> 
     </span>
    </p>

    <p class='ocr_par' dir='ltr' id='par_1_3' title="bbox 194 613 1876 1915">
     <span class='ocr_line' id='line_1_5' title="bbox 232 613 1876 702; baseline 0.008 -30"><span class='ocrx_word' id='word_1_46' title='bbox 232 619 277 672; x_wconf 83' lang='lat'>36.</span> <span class='ocrx_word' id='word_1_47' title='bbox 302 614 464 671; x_wconf 84' lang='lat' dir='ltr'><strong>Proteretur</strong></span> <span class='ocrx_word' id='word_1_48' title='bbox 488 613 518 668; x_wconf 93' lang='lat' dir='ltr'>in</span> <span class='ocrx_word' id='word_1_49' title='bbox 542 613 636 669; x_wconf 91' lang='lat' dir='ltr'><strong>medio</strong></span> <span class='ocrx_word' id='word_1_50' title='bbox 657 629 715 686; x_wconf 91' lang='grc'>666</span> <span class='ocrx_word' id='word_1_51' title='bbox 737 615 895 687; x_wconf 74' lang='lat' dir='ltr'><strong>gratuletur</strong></span> <span class='ocrx_word' id='word_1_52' title='bbox 920 615 1008 688; x_wconf 89' lang='lat' dir='ltr'><strong>regio.</strong></span> <span class='ocrx_word' id='word_1_53' title='bbox 1060 618 1250 675; x_wconf 80' lang='lat' dir='ltr'><strong>suffocationis</strong></span> <span class='ocrx_word' id='word_1_54' title='bbox 1261 621 1399 693; x_wconf 88' lang='lat' dir='ltr'><strong>languore</strong></span> <span class='ocrx_word' id='word_1_55' title='bbox 1412 624 1489 677; x_wconf 91' lang='grc'>16166</span> <span class='ocrx_word' id='word_1_56' title='bbox 1499 622 1640 693; x_wconf 76' lang='lat' dir='ltr'><strong>deficeret,</strong></span> <span class='ocrx_word' id='word_1_57' title='bbox 1654 625 1804 684; x_wconf 89' lang='lat' dir='ltr'><strong>videbatur</strong></span> <span class='ocrx_word' id='word_1_58' title='bbox 1816 629 1876 702; x_wconf 87' lang='lat' dir='ltr'><strong>ipse</strong></span> 
     </span>
     <span class='ocr_line' id='line_1_6' title="bbox 197 707 1874 791; baseline 0.008 -25"><span class='ocrx_word' id='word_1_59' title='bbox 197 709 324 776; x_wconf 84' lang='lat' dir='ltr'><strong>Quadem</strong></span> <span class='ocrx_word' id='word_1_60' title='bbox 346 709 405 764; x_wconf 91' lang='lat' dir='ltr'><strong>viee</strong></span> <span class='ocrx_word' id='word_1_61' title='bbox 427 707 615 765; x_wconf 83' lang='lat' dir='ltr'><strong>obumbrante</strong></span> <span class='ocrx_word' id='word_1_62' title='bbox 635 708 695 780; x_wconf 88' lang='lat' dir='ltr'>jam</span> <span class='ocrx_word' id='word_1_63' title='bbox 722 710 813 765; x_wconf 89' lang='lat' dir='ltr'><strong>noctis</strong></span> <span class='ocrx_word' id='word_1_64' title='bbox 833 709 1008 783; x_wconf 89' lang='lat' dir='ltr'><strong>crepusculo,</strong></span> <span class='ocrx_word' id='word_1_65' title='bbox 1060 713 1135 784; x_wconf 89' lang='grc'>6666</span> <span class='ocrx_word' id='word_1_66' title='bbox 1149 718 1246 769; x_wconf 87' lang='lat' dir='ltr'><strong>sancta</strong></span> <span class='ocrx_word' id='word_1_67' title='bbox 1261 714 1291 769; x_wconf 91' lang='lat' dir='ltr'>in</span> <span class='ocrx_word' id='word_1_68' title='bbox 1311 714 1405 770; x_wconf 90' lang='lat' dir='ltr'><strong>vicum</strong></span> <span class='ocrx_word' id='word_1_69' title='bbox 1427 716 1488 788; x_wconf 87' lang='lat' dir='ltr'><strong>ejus</strong></span> <span class='ocrx_word' id='word_1_70' title='bbox 1503 719 1688 791; x_wconf 81' lang='lat' dir='ltr'><strong>dignabiliter</strong></span> <span class='ocrx_word' id='word_1_71' title='bbox 1701 721 1874 780; x_wconf 85' lang='lat' dir='ltr'><strong>accessisset.</strong></span> 
     </span>
     <span class='ocr_line' id='line_1_7' title="bbox 197 802 1876 887; baseline 0.008 -27"><span class='ocrx_word' id='word_1_72' title='bbox 197 805 271 860; x_wconf 88' lang='lat' dir='ltr'><strong>inter</strong></span> <span class='ocrx_word' id='word_1_73' title='bbox 288 803 433 858; x_wconf 90' lang='grc'>6166666166</span> <span class='ocrx_word' id='word_1_74' title='bbox 450 802 669 873; x_wconf 81' lang='grc'>(616161166666</span> <span class='ocrx_word' id='word_1_75' title='bbox 687 804 755 859; x_wconf 92' lang='lat' dir='ltr'><strong>dum</strong></span> <span class='ocrx_word' id='word_1_76' title='bbox 775 803 848 859; x_wconf 89' lang='grc'>61666</span> <span class='ocrx_word' id='word_1_77' title='bbox 865 809 1008 860; x_wconf 86' lang='lat' dir='ltr'><strong>monaste·</strong></span> <span class='ocrx_word' id='word_1_78' title='bbox 1060 805 1162 878; x_wconf 85' lang='lat' dir='ltr'><strong>Currit,</strong></span> <span class='ocrx_word' id='word_1_79' title='bbox 1175 807 1287 872; x_wconf 87' lang='grc'>6616161,</span> <span class='ocrx_word' id='word_1_80' title='bbox 1296 809 1612 884; x_wconf 85' lang='lat' dir='ltr'><strong>interrogat&#39;quidbeata</strong></span> <span class='ocrx_word' id='word_1_81' title='bbox 1621 814 1876 887; x_wconf 83' lang='lat' dir='ltr'><strong>requireret‘lunc</strong></span> 
     </span>
     <span class='ocr_line' id='line_1_8' title="bbox 196 897 1873 979; baseline 0.008 -25"><span class='ocrx_word' id='word_1_82' title='bbox 196 898 272 954; x_wconf 90' lang='lat' dir='ltr'><strong>rium</strong></span> <span class='ocrx_word' id='word_1_83' title='bbox 302 897 769 954; x_wconf 79' lang='grc'>66666166116666611616666116</span> <span class='ocrx_word' id='word_1_84' title='bbox 789 902 960 969; x_wconf 84' lang='lat' dir='ltr'><strong>cantaretur,</strong></span> <span class='ocrx_word' id='word_1_85' title='bbox 983 902 1011 954; x_wconf 90' lang='lat' dir='ltr'>et</span> <span class='ocrx_word' id='word_1_86' title='bbox 1059 899 1120 972; x_wconf 90' lang='lat' dir='ltr'><strong>ipsa</strong></span> <span class='ocrx_word' id='word_1_87' title='bbox 1134 901 1201 957; x_wconf 92' lang='lat' dir='ltr'><strong>dicit</strong></span> <span class='ocrx_word' id='word_1_88' title='bbox 1215 902 1291 974; x_wconf 90' lang='lat' dir='ltr'><strong>quod</strong></span> <span class='ocrx_word' id='word_1_89' title='bbox 1305 903 1341 958; x_wconf 89' lang='grc'>66</span> <span class='ocrx_word' id='word_1_90' title='bbox 1350 920 1416 960; x_wconf 92' lang='lat' dir='ltr'>eum</span> <span class='ocrx_word' id='word_1_91' title='bbox 1426 903 1481 960; x_wconf 91' lang='lat' dir='ltr'><strong>illic</strong></span> <span class='ocrx_word' id='word_1_92' title='bbox 1491 905 1645 962; x_wconf 85' lang='lat' dir='ltr'><strong>videndum</strong></span> <span class='ocrx_word' id='word_1_93' title='bbox 1655 907 1828 979; x_wconf 88' lang='lat' dir='ltr'><strong>pervenerit.</strong></span> <span class='ocrx_word' id='word_1_94' title='bbox 1840 912 1873 967; x_wconf 84' lang='lat' dir='ltr'>lit</span> 
     </span>
     <span class='ocr_line' id='line_1_9' title="bbox 196 991 1874 1067; baseline 0.006 -18"><span class='ocrx_word' id='word_1_95' title='bbox 196 991 296 1049; x_wconf 88' lang='lat' dir='ltr'><strong>Sancta</strong></span> <span class='ocrx_word' id='word_1_96' title='bbox 309 991 418 1047; x_wconf 89' lang='lat' dir='ltr'><strong>duabus</strong></span> <span class='ocrx_word' id='word_1_97' title='bbox 429 991 547 1048; x_wconf 90' lang='lat' dir='ltr'><strong>testibus</strong></span> <span class='ocrx_word' id='word_1_98' title='bbox 557 995 713 1064; x_wconf 85' lang='lat' dir='ltr'><strong>perorasset</strong></span> <span class='ocrx_word' id='word_1_99' title='bbox 723 991 840 1061; x_wconf 88' lang='lat' dir='ltr'><strong>diutius,</strong></span> <span class='ocrx_word' id='word_1_100' title='bbox 851 991 921 1048; x_wconf 87' lang='lat' dir='ltr'><strong>dicit</strong></span> <span class='ocrx_word' id='word_1_101' title='bbox 929 1009 1008 1064; x_wconf 79' lang='grc'>6666-</span> <span class='ocrx_word' id='word_1_102' title='bbox 1059 994 1126 1067; x_wconf 89' lang='lat' dir='ltr'><strong>quia</strong></span> <span class='ocrx_word' id='word_1_103' title='bbox 1139 998 1236 1051; x_wconf 90' lang='lat' dir='ltr'><strong>votum</strong></span> <span class='ocrx_word' id='word_1_104' title='bbox 1255 995 1344 1067; x_wconf 89' lang='lat' dir='ltr'><strong>plebis</strong></span> <span class='ocrx_word' id='word_1_105' title='bbox 1363 1001 1471 1053; x_wconf 92' lang='grc'>666161</span> <span class='ocrx_word' id='word_1_106' title='bbox 1491 997 1566 1054; x_wconf 86' lang='lat' dir='ltr'><strong>beati</strong></span> <span class='ocrx_word' id='word_1_107' title='bbox 1587 1000 1699 1057; x_wconf 84' lang='grc'>11661161</span> <span class='ocrx_word' id='word_1_108' title='bbox 1721 1002 1874 1060; x_wconf 85' lang='grc'>6661661666</span> 
     </span>
     <span class='ocr_line' id='line_1_10' title="bbox 195 1085 1874 1161; baseline 0.007 -20"><span class='ocrx_word' id='word_1_109' title='bbox 195 1086 262 1141; x_wconf 86' lang='lat' dir='ltr'>dem</span> <span class='ocrx_word' id='word_1_110' title='bbox 276 1086 415 1142; x_wconf 87' lang='lat' dir='ltr'><strong>monacha</strong></span> <span class='ocrx_word' id='word_1_111' title='bbox 424 1101 554 1142; x_wconf 84' lang='lat' dir='ltr'><strong>sermone</strong></span> <span class='ocrx_word' id='word_1_112' title='bbox 560 1086 699 1159; x_wconf 84' lang='lat' dir='ltr'><strong>joculari:</strong></span> <span class='ocrx_word' id='word_1_113' title='bbox 716 1085 845 1154; x_wconf 87' lang='lat' dir='ltr'><strong>Domina,</strong></span> <span class='ocrx_word' id='word_1_114' title='bbox 858 1086 1009 1160; x_wconf 79' lang='lat' dir='ltr'><strong>recognovi</strong></span> <span class='ocrx_word' id='word_1_115' title='bbox 1059 1088 1228 1157; x_wconf 83' lang='lat' dir='ltr'><strong>conderent3</strong></span> <span class='ocrx_word' id='word_1_116' title='bbox 1244 1090 1432 1161; x_wconf 81' lang='lat' dir='ltr'><strong>apprehendit</strong></span> <span class='ocrx_word' id='word_1_117' title='bbox 1447 1092 1556 1148; x_wconf 89' lang='lat' dir='ltr'><strong>tribuni</strong></span> <span class='ocrx_word' id='word_1_118' title='bbox 1574 1109 1692 1150; x_wconf 86' lang='lat' dir='ltr'><strong>menum</strong></span> <span class='ocrx_word' id='word_1_119' title='bbox 1713 1094 1874 1152; x_wconf 86' lang='lat' dir='ltr'><strong>beatissima</strong></span> 
     </span>
     <span class='ocr_line' id='line_1_11' title="bbox 195 1179 1871 1262; baseline 0.007 -27"><span class='ocrx_word' id='word_1_120' title='bbox 195 1194 284 1235; x_wconf 87' lang='lat' dir='ltr'><strong>unam</strong></span> <span class='ocrx_word' id='word_1_121' title='bbox 309 1180 343 1235; x_wconf 90' lang='lat' dir='ltr'>de</span> <span class='ocrx_word' id='word_1_122' title='bbox 367 1179 437 1236; x_wconf 90' lang='lat' dir='ltr'><strong>meis</strong></span> <span class='ocrx_word' id='word_1_123' title='bbox 457 1179 572 1235; x_wconf 88' lang='lat' dir='ltr'><strong>canticis</strong></span> <span class='ocrx_word' id='word_1_124' title='bbox 591 1179 757 1235; x_wconf 80' lang='lat' dir='ltr'><strong>saltantibus</strong></span> <span class='ocrx_word' id='word_1_125' title='bbox 779 1179 937 1251; x_wconf 68' lang='lat' dir='ltr'><strong>praedicari.</strong></span> <span class='ocrx_word' id='word_1_126' title='bbox 959 1179 1010 1236; x_wconf 88' lang='lat' dir='ltr'>Cui</span> <span class='ocrx_word' id='word_1_127' title='bbox 1059 1181 1230 1239; x_wconf 74' lang='grc'>6166666666</span> <span class='ocrx_word' id='word_1_128' title='bbox 1239 1182 1300 1238; x_wconf 88' lang='grc'>1666</span> <span class='ocrx_word' id='word_1_129' title='bbox 1310 1183 1366 1240; x_wconf 88' lang='grc'>6161</span> <span class='ocrx_word' id='word_1_130' title='bbox 1374 1184 1540 1242; x_wconf 83' lang='lat' dir='ltr'><strong>contessoris</strong></span> <span class='ocrx_word' id='word_1_131' title='bbox 1549 1189 1871 1262; x_wconf 78' lang='lat' dir='ltr'><strong>venerandaereliqnite;</strong></span> 
     </span>
     <span class='ocr_line' id='line_1_12' title="bbox 196 1273 1875 1355; baseline 0.005 -25"><span class='ocrx_word' id='word_1_132' title='bbox 196 1273 359 1347; x_wconf 89' lang='lat' dir='ltr'><strong>respondit:</strong></span> <span class='ocrx_word' id='word_1_133' title='bbox 384 1274 495 1330; x_wconf 87' lang='lat' dir='ltr'><strong>Grande</strong></span> <span class='ocrx_word' id='word_1_134' title='bbox 516 1276 560 1330; x_wconf 89' lang='lat' dir='ltr'>est</span> <span class='ocrx_word' id='word_1_135' title='bbox 583 1274 605 1329; x_wconf 91' lang='lat' dir='ltr'>si</span> <span class='ocrx_word' id='word_1_136' title='bbox 633 1277 661 1330; x_wconf 90' lang='lat' dir='ltr'>te</span> <span class='ocrx_word' id='word_1_137' title='bbox 685 1274 803 1329; x_wconf 91' lang='lat' dir='ltr'><strong>delectat</strong></span> <span class='ocrx_word' id='word_1_138' title='bbox 830 1273 1010 1345; x_wconf 85' lang='lat' dir='ltr'><strong>conjunctam</strong></span> <span class='ocrx_word' id='word_1_139' title='bbox 1060 1275 1177 1346; x_wconf 90' lang='lat' dir='ltr'><strong>perhoc</strong></span> <span class='ocrx_word' id='word_1_140' title='bbox 1193 1275 1875 1355; x_wconf 73' lang='grc'>6616661616661666666611616166161661661-</span> 
     </span>
     <span class='ocr_line' id='line_1_13' title="bbox 195 1367 1874 1449; baseline 0.004 -24"><span class='ocrx_word' id='word_1_141' title='bbox 195 1367 328 1441; x_wconf 92' lang='lat' dir='ltr'><strong>religioni</strong></span> <span class='ocrx_word' id='word_1_142' title='bbox 336 1367 433 1423; x_wconf 88' lang='grc'>666166</span> <span class='ocrx_word' id='word_1_143' title='bbox 441 1369 556 1424; x_wconf 90' lang='lat' dir='ltr'><strong>odorem</strong></span> <span class='ocrx_word' id='word_1_144' title='bbox 567 1367 672 1424; x_wconf 77' lang='grc'>6666611.</span> <span class='ocrx_word' id='word_1_145' title='bbox 683 1368 783 1423; x_wconf 78' lang='lat' dir='ltr'><strong>Adhuc</strong></span> <span class='ocrx_word' id='word_1_146' title='bbox 793 1384 875 1423; x_wconf 90' lang='lat' dir='ltr'><strong>soror</strong></span> <span class='ocrx_word' id='word_1_147' title='bbox 886 1383 1010 1438; x_wconf 92' lang='lat' dir='ltr'><strong>pronun·</strong></span> <span class='ocrx_word' id='word_1_148' title='bbox 1059 1384 1151 1425; x_wconf 90' lang='lat' dir='ltr'><strong>mum.</strong></span> <span class='ocrx_word' id='word_1_149' title='bbox 1166 1370 1253 1434; x_wconf 82' lang='lat' dir='ltr'><strong>Quale</strong></span> <span class='ocrx_word' id='word_1_150' title='bbox 1269 1370 1510 1442; x_wconf 81' lang='grc'>1161666616616661</span> <span class='ocrx_word' id='word_1_151' title='bbox 1526 1373 1789 1431; x_wconf 87' lang='grc'>166666666166661</span> <span class='ocrx_word' id='word_1_152' title='bbox 1801 1377 1874 1449; x_wconf 78' lang='lat' dir='ltr'><strong>pavi·</strong></span> 
     </span>
     <span class='ocr_line' id='line_1_14' title="bbox 195 1461 1873 1537; baseline 0.004 -18"><span class='ocrx_word' id='word_1_153' title='bbox 195 1463 263 1520; x_wconf 88' lang='lat' dir='ltr'><strong>tiat:</strong></span> <span class='ocrx_word' id='word_1_154' title='bbox 280 1463 369 1533; x_wconf 87' lang='lat' dir='ltr'><strong>Vere,</strong></span> <span class='ocrx_word' id='word_1_155' title='bbox 393 1461 530 1532; x_wconf 84' lang='lat' dir='ltr'><strong>Domina,</strong></span> <span class='ocrx_word' id='word_1_156' title='bbox 552 1462 621 1517; x_wconf 88' lang='grc'>6666</span> <span class='ocrx_word' id='word_1_157' title='bbox 643 1466 743 1518; x_wconf 89' lang='grc'>611666</span> <span class='ocrx_word' id='word_1_158' title='bbox 762 1461 808 1517; x_wconf 88' lang='grc'>1616</span> <span class='ocrx_word' id='word_1_159' title='bbox 829 1462 913 1517; x_wconf 90' lang='lat' dir='ltr'><strong>modo</strong></span> <span class='ocrx_word' id='word_1_160' title='bbox 932 1478 1010 1517; x_wconf 88' lang='lat' dir='ltr'><strong>meas</strong></span> <span class='ocrx_word' id='word_1_161' title='bbox 1059 1466 1188 1518; x_wconf 89' lang='lat' dir='ltr'><strong>mentum</strong></span> <span class='ocrx_word' id='word_1_162' title='bbox 1201 1468 1347 1535; x_wconf 90' lang='lat' dir='ltr'><strong>repertum</strong></span> <span class='ocrx_word' id='word_1_163' title='bbox 1360 1468 1412 1534; x_wconf 89' lang='lat' dir='ltr'><strong>est,</strong></span> <span class='ocrx_word' id='word_1_164' title='bbox 1423 1481 1480 1537; x_wconf 91' lang='grc'>666</span> <span class='ocrx_word' id='word_1_165' title='bbox 1495 1465 1608 1522; x_wconf 85' lang='lat' dir='ltr'><strong>basilica</strong></span> <span class='ocrx_word' id='word_1_166' title='bbox 1621 1467 1694 1523; x_wconf 84' lang='grc'>16616</span> <span class='ocrx_word' id='word_1_167' title='bbox 1710 1471 1763 1524; x_wconf 90' lang='lat' dir='ltr'><strong>est.</strong></span> <span class='ocrx_word' id='word_1_168' title='bbox 1774 1468 1873 1526; x_wconf 78' lang='lat' dir='ltr'><strong>Adhuc</strong></span> 
     </span>
     <span class='ocr_line' id='line_1_15' title="bbox 196 1555 1875 1635; baseline 0.004 -23"><span class='ocrx_word' id='word_1_169' title='bbox 196 1557 318 1613; x_wconf 88' lang='lat' dir='ltr'><strong>canticas</strong></span> <span class='ocrx_word' id='word_1_170' title='bbox 335 1555 513 1628; x_wconf 86' lang='lat' dir='ltr'><strong>audiviquas</strong></span> <span class='ocrx_word' id='word_1_171' title='bbox 528 1556 615 1611; x_wconf 90' lang='grc'>16661.</span> <span class='ocrx_word' id='word_1_172' title='bbox 633 1556 735 1612; x_wconf 81' lang='lat' dir='ltr'><strong>Sancta</strong></span> <span class='ocrx_word' id='word_1_173' title='bbox 750 1555 913 1627; x_wconf 88' lang='lat' dir='ltr'><strong>respondit:</strong></span> <span class='ocrx_word' id='word_1_174' title='bbox 930 1556 1009 1610; x_wconf 90' lang='lat' dir='ltr'><strong>Teste</strong></span> <span class='ocrx_word' id='word_1_175' title='bbox 1059 1556 1089 1611; x_wconf 93' lang='lat' dir='ltr'>in</span> <span class='ocrx_word' id='word_1_176' title='bbox 1110 1556 1171 1628; x_wconf 91' lang='lat' dir='ltr'><strong>ipso</strong></span> <span class='ocrx_word' id='word_1_177' title='bbox 1193 1572 1293 1629; x_wconf 89' lang='grc'>666666</span> <span class='ocrx_word' id='word_1_178' title='bbox 1314 1574 1432 1614; x_wconf 91' lang='lat' dir='ltr'><strong>manum</strong></span> <span class='ocrx_word' id='word_1_179' title='bbox 1456 1559 1544 1616; x_wconf 87' lang='lat' dir='ltr'><strong>trahit</strong></span> <span class='ocrx_word' id='word_1_180' title='bbox 1562 1577 1614 1633; x_wconf 93' lang='lat' dir='ltr'>per</span> <span class='ocrx_word' id='word_1_181' title='bbox 1634 1561 1730 1618; x_wconf 83' lang='lat' dir='ltr'><strong>fauces</strong></span> <span class='ocrx_word' id='word_1_182' title='bbox 1751 1562 1824 1635; x_wconf 85' lang='lat' dir='ltr'><strong>ejus,</strong></span> <span class='ocrx_word' id='word_1_183' title='bbox 1848 1567 1875 1620; x_wconf 89' lang='grc'>61</span> 
     </span>
     <span class='ocr_line' id='line_1_16' title="bbox 195 1648 1876 1726; baseline 0.004 -20"><span class='ocrx_word' id='word_1_184' title='bbox 195 1651 252 1707; x_wconf 89' lang='grc'>1166</span> <span class='ocrx_word' id='word_1_185' title='bbox 271 1649 313 1722; x_wconf 82' lang='lat' dir='ltr'><strong>[ld</strong></span> <span class='ocrx_word' id='word_1_186' title='bbox 324 1655 379 1714; x_wconf 83' lang='grc'>661,</span> <span class='ocrx_word' id='word_1_187' title='bbox 399 1654 486 1726; x_wconf 77' lang='lat' dir='ltr'><strong>testor</strong></span> <span class='ocrx_word' id='word_1_188' title='bbox 504 1649 623 1723; x_wconf 77' lang='grc'>1166661,</span> <span class='ocrx_word' id='word_1_189' title='bbox 641 1665 688 1704; x_wconf 93' lang='lat' dir='ltr'>me</span> <span class='ocrx_word' id='word_1_190' title='bbox 708 1649 779 1704; x_wconf 91' lang='lat' dir='ltr'><strong>nihil</strong></span> <span class='ocrx_word' id='word_1_191' title='bbox 795 1648 906 1704; x_wconf 82' lang='lat' dir='ltr'><strong>audisse</strong></span> <span class='ocrx_word' id='word_1_192' title='bbox 926 1648 1009 1703; x_wconf 89' lang='lat' dir='ltr'><strong>modo</strong></span> <span class='ocrx_word' id='word_1_193' title='bbox 1060 1650 1156 1723; x_wconf 87' lang='lat' dir='ltr'><strong>gulam</strong></span> <span class='ocrx_word' id='word_1_194' title='bbox 1171 1651 1220 1706; x_wconf 93' lang='grc'>616</span> <span class='ocrx_word' id='word_1_195' title='bbox 1236 1651 1384 1721; x_wconf 90' lang='lat' dir='ltr'><strong>deliniens,</strong></span> <span class='ocrx_word' id='word_1_196' title='bbox 1399 1651 1744 1725; x_wconf 81' lang='grc'>16666666116666166666</span> <span class='ocrx_word' id='word_1_197' title='bbox 1759 1657 1832 1712; x_wconf 84' lang='lat' dir='ltr'><strong>Veni</strong></span> <span class='ocrx_word' id='word_1_198' title='bbox 1845 1660 1876 1713; x_wconf 92' lang='grc'>61</span> 
     </span>
     <span class='ocr_line' id='line_1_17' title="bbox 196 1716 1876 1814; baseline 0.001 -10"><span class='ocrx_word' id='word_1_199' title='bbox 196 1744 324 1804; x_wconf 75' lang='lat' dir='ltr'><strong>seculari</strong></span> <span class='ocrx_word' id='word_1_200' title='bbox 338 1749 371 1804; x_wconf 86' lang='lat' dir='ltr'>de</span> <span class='ocrx_word' id='word_1_201' title='bbox 387 1746 508 1803; x_wconf 88' lang='grc'>6661166.</span> <span class='ocrx_word' id='word_1_202' title='bbox 520 1747 598 1803; x_wconf 91' lang='lat' dir='ltr'><strong>Unde</strong></span> <span class='ocrx_word' id='word_1_203' title='bbox 609 1746 793 1802; x_wconf 83' lang='lat' dir='ltr'><strong>manifestum</strong></span> <span class='ocrx_word' id='word_1_204' title='bbox 809 1749 862 1814; x_wconf 90' lang='lat' dir='ltr'><strong>est,</strong></span> <span class='ocrx_word' id='word_1_205' title='bbox 879 1751 911 1802; x_wconf 92' lang='grc'>61</span> <span class='ocrx_word' id='word_1_206' title='bbox 925 1716 1047 1803; x_wconf 85' lang='lat' dir='ltr'>carneB</span> <span class='ocrx_word' id='word_1_207' title='bbox 1059 1744 1109 1799; x_wconf 89' lang='lat' dir='ltr'><strong>tibi</strong></span> <span class='ocrx_word' id='word_1_208' title='bbox 1132 1745 1232 1799; x_wconf 90' lang='lat' dir='ltr'><strong>melior</strong></span> <span class='ocrx_word' id='word_1_209' title='bbox 1251 1761 1267 1799; x_wconf 90' lang='lat' dir='ltr'>e</span> <span class='ocrx_word' id='word_1_210' title='bbox 1285 1746 1342 1800; x_wconf 92' lang='grc'>1166</span> <span class='ocrx_word' id='word_1_211' title='bbox 1363 1745 1468 1802; x_wconf 88' lang='lat' dir='ltr'><strong>sanitas</strong></span> <span class='ocrx_word' id='word_1_212' title='bbox 1485 1747 1655 1804; x_wconf 87' lang='lat' dir='ltr'><strong>conferatur.</strong></span> <span class='ocrx_word' id='word_1_213' title='bbox 1674 1750 1710 1804; x_wconf 86' lang='lat' dir='ltr'>Et</span> <span class='ocrx_word' id='word_1_214' title='bbox 1727 1749 1876 1807; x_wconf 84' lang='lat' dir='ltr'><strong>videbatur</strong></span> 
     </span>
     <span class='ocr_line' id='line_1_18' title="bbox 194 1839 1875 1915; baseline 0.002 -17"><span class='ocrx_word' id='word_1_215' title='bbox 194 1842 261 1898; x_wconf 87' lang='lat' dir='ltr'><strong>licet</strong></span> <span class='ocrx_word' id='word_1_216' title='bbox 275 1842 304 1897; x_wconf 91' lang='lat' dir='ltr'>in</span> <span class='ocrx_word' id='word_1_217' title='bbox 319 1842 434 1911; x_wconf 87' lang='lat' dir='ltr'><strong>saeculo,</strong></span> <span class='ocrx_word' id='word_1_218' title='bbox 451 1844 546 1897; x_wconf 90' lang='lat' dir='ltr'><strong>mente</strong></span> <span class='ocrx_word' id='word_1_219' title='bbox 560 1843 655 1896; x_wconf 86' lang='grc'>166666</span> <span class='ocrx_word' id='word_1_220' title='bbox 672 1841 789 1896; x_wconf 88' lang='grc'>6666116</span> <span class='ocrx_word' id='word_1_221' title='bbox 805 1841 882 1895; x_wconf 79' lang='grc'>6616.</span> <span class='ocrx_word' id='word_1_222' title='bbox 1060 1839 1098 1893; x_wconf 91' lang='grc'>616</span> <span class='ocrx_word' id='word_1_223' title='bbox 1114 1854 1234 1911; x_wconf 88' lang='lat' dir='ltr'><strong>rogere:</strong></span> <span class='ocrx_word' id='word_1_224' title='bbox 1249 1839 1303 1894; x_wconf 87' lang='lat' dir='ltr'>Per</span> <span class='ocrx_word' id='word_1_225' title='bbox 1317 1855 1412 1895; x_wconf 89' lang='lat' dir='ltr'><strong>meam</strong></span> <span class='ocrx_word' id='word_1_226' title='bbox 1427 1840 1514 1896; x_wconf 86' lang='lat' dir='ltr'><strong>vitam</strong></span> <span class='ocrx_word' id='word_1_227' title='bbox 1532 1844 1563 1896; x_wconf 92' lang='grc'>61</span> <span class='ocrx_word' id='word_1_228' title='bbox 1575 1844 1693 1915; x_wconf 91' lang='lat' dir='ltr'><strong>propter</strong></span> <span class='ocrx_word' id='word_1_229' title='bbox 1707 1859 1755 1899; x_wconf 90' lang='lat' dir='ltr'>me</span> <span class='ocrx_word' id='word_1_230' title='bbox 1768 1843 1875 1901; x_wconf 87' lang='lat' dir='ltr'><strong>relaxes</strong></span> 
     </span>
    </p>

    <p class='ocr_par' dir='ltr' id='par_1_4' title="bbox 194 1931 1875 2476">
     <span class='ocr_line' id='line_1_19' title="bbox 230 1931 1875 2009; baseline 0.001 -17"><span class='ocrx_word' id='word_1_231' title='bbox 230 1939 274 1993; x_wconf 84' lang='grc'>37.</span> <span class='ocrx_word' id='word_1_232' title='bbox 290 1934 460 1990; x_wconf 81' lang='lat' dir='ltr'><strong>Praedicetur</strong></span> <span class='ocrx_word' id='word_1_233' title='bbox 473 1934 503 1989; x_wconf 90' lang='lat' dir='ltr'>in</span> <span class='ocrx_word' id='word_1_234' title='bbox 518 1934 602 1990; x_wconf 92' lang='grc'>16666</span> <span class='ocrx_word' id='word_1_235' title='bbox 621 1933 734 2003; x_wconf 87' lang='lat' dir='ltr'><strong>Christi,</strong></span> <span class='ocrx_word' id='word_1_236' title='bbox 749 1951 828 1990; x_wconf 89' lang='lat' dir='ltr'><strong>more</strong></span> <span class='ocrx_word' id='word_1_237' title='bbox 847 1934 921 1990; x_wconf 88' lang='lat' dir='ltr'><strong>beati</strong></span> <span class='ocrx_word' id='word_1_238' title='bbox 936 1935 1007 1989; x_wconf 87' lang='lat' dir='ltr'><strong>llar-</strong></span> <span class='ocrx_word' id='word_1_239' title='bbox 1059 1931 1119 1987; x_wconf 90' lang='grc'>11166</span> <span class='ocrx_word' id='word_1_240' title='bbox 1145 1948 1216 2004; x_wconf 90' lang='grc'>6666</span> <span class='ocrx_word' id='word_1_241' title='bbox 1239 1932 1325 1988; x_wconf 88' lang='lat' dir='ltr'><strong>habes</strong></span> <span class='ocrx_word' id='word_1_242' title='bbox 1353 1933 1382 1988; x_wconf 94' lang='lat' dir='ltr'>in</span> <span class='ocrx_word' id='word_1_243' title='bbox 1415 1950 1538 1991; x_wconf 89' lang='grc'>6666666.</span> <span class='ocrx_word' id='word_1_244' title='bbox 1566 1934 1709 2009; x_wconf 85' lang='lat' dir='ltr'><strong>Evigilans</strong></span> <span class='ocrx_word' id='word_1_245' title='bbox 1735 1937 1875 1994; x_wconf 78' lang='lat' dir='ltr'><strong>Tribunus</strong></span> 
     </span>
     <span class='ocr_line' id='line_1_20' title="bbox 194 2025 1874 2104; baseline 0 -17"><span class='ocrx_word' id='word_1_246' title='bbox 194 2027 258 2101; x_wconf 91' lang='lat' dir='ltr'><strong>tini,</strong></span> <span class='ocrx_word' id='word_1_247' title='bbox 266 2034 393 2101; x_wconf 89' lang='lat' dir='ltr'><strong>tempore</strong></span> <span class='ocrx_word' id='word_1_248' title='bbox 403 2028 547 2100; x_wconf 74' lang='lat' dir='ltr'><strong>praesenti,</strong></span> <span class='ocrx_word' id='word_1_249' title='bbox 559 2027 668 2101; x_wconf 88' lang='lat' dir='ltr'><strong>antiqui</strong></span> <span class='ocrx_word' id='word_1_250' title='bbox 678 2045 779 2083; x_wconf 90' lang='lat' dir='ltr'><strong>norma</strong></span> <span class='ocrx_word' id='word_1_251' title='bbox 787 2028 927 2083; x_wconf 86' lang='lat' dir='ltr'><strong>miraculi.</strong></span> <span class='ocrx_word' id='word_1_252' title='bbox 938 2028 1009 2083; x_wconf 88' lang='lat' dir='ltr'>Cum</span> <span class='ocrx_word' id='word_1_253' title='bbox 1059 2025 1145 2081; x_wconf 90' lang='grc'>661661</span> <span class='ocrx_word' id='word_1_254' title='bbox 1156 2026 1232 2098; x_wconf 89' lang='lat' dir='ltr'><strong>quod</strong></span> <span class='ocrx_word' id='word_1_255' title='bbox 1243 2026 1352 2082; x_wconf 88' lang='grc'>6166661</span> <span class='ocrx_word' id='word_1_256' title='bbox 1366 2027 1480 2099; x_wconf 89' lang='lat' dir='ltr'><strong>conjugi</strong></span> <span class='ocrx_word' id='word_1_257' title='bbox 1492 2027 1605 2084; x_wconf 91' lang='lat' dir='ltr'><strong>dicens:</strong></span> <span class='ocrx_word' id='word_1_258' title='bbox 1623 2030 1694 2085; x_wconf 88' lang='lat' dir='ltr'><strong>llere</strong></span> <span class='ocrx_word' id='word_1_259' title='bbox 1705 2030 1792 2086; x_wconf 92' lang='lat' dir='ltr'><strong>credo</strong></span> <span class='ocrx_word' id='word_1_260' title='bbox 1801 2032 1874 2104; x_wconf 91' lang='grc'>6666</span> 
     </span>
     <span class='ocr_line' id='line_1_21' title="bbox 194 2119 1872 2195; baseline -0.001 -14"><span class='ocrx_word' id='word_1_261' title='bbox 194 2123 353 2181; x_wconf 84' lang='lat' dir='ltr'><strong>beatissima</strong></span> <span class='ocrx_word' id='word_1_262' title='bbox 374 2122 481 2178; x_wconf 84' lang='lat' dir='ltr'><strong>femina</strong></span> <span class='ocrx_word' id='word_1_263' title='bbox 499 2123 608 2178; x_wconf 87' lang='grc'>6661666</span> <span class='ocrx_word' id='word_1_264' title='bbox 628 2126 701 2178; x_wconf 87' lang='grc'>66661</span> <span class='ocrx_word' id='word_1_265' title='bbox 719 2122 749 2176; x_wconf 89' lang='grc'>16</span> <span class='ocrx_word' id='word_1_266' title='bbox 770 2122 886 2191; x_wconf 91' lang='grc'>6611616,</span> <span class='ocrx_word' id='word_1_267' title='bbox 903 2121 1010 2178; x_wconf 88' lang='grc'>6661611</span> <span class='ocrx_word' id='word_1_268' title='bbox 1059 2119 1112 2174; x_wconf 88' lang='grc'>1666</span> <span class='ocrx_word' id='word_1_269' title='bbox 1124 2120 1195 2175; x_wconf 88' lang='grc'>16666</span> <span class='ocrx_word' id='word_1_270' title='bbox 1207 2119 1276 2176; x_wconf 89' lang='lat' dir='ltr'><strong>exiit</strong></span> <span class='ocrx_word' id='word_1_271' title='bbox 1284 2121 1421 2176; x_wconf 83' lang='lat' dir='ltr'><strong>sanciade</strong></span> <span class='ocrx_word' id='word_1_272' title='bbox 1434 2122 1547 2176; x_wconf 82' lang='lat' dir='ltr'><strong>saeculo.</strong></span> <span class='ocrx_word' id='word_1_273' title='bbox 1564 2120 1666 2195; x_wconf 84' lang='lat' dir='ltr'><strong>Dirigit</strong></span> <span class='ocrx_word' id='word_1_274' title='bbox 1678 2123 1715 2178; x_wconf 89' lang='grc'>66</span> <span class='ocrx_word' id='word_1_275' title='bbox 1730 2123 1872 2180; x_wconf 87' lang='lat' dir='ltr'><strong>civitatem</strong></span> 
     </span>
     <span class='ocr_line' id='line_1_22' title="bbox 195 2213 1872 2288; baseline -0.002 -13"><span class='ocrx_word' id='word_1_276' title='bbox 195 2217 294 2276; x_wconf 83' lang='lat' dir='ltr'><strong>fletum</strong></span> <span class='ocrx_word' id='word_1_277' title='bbox 309 2217 344 2273; x_wconf 93' lang='lat' dir='ltr'>de</span> <span class='ocrx_word' id='word_1_278' title='bbox 359 2217 514 2286; x_wconf 87' lang='lat' dir='ltr'><strong>monacha,</strong></span> <span class='ocrx_word' id='word_1_279' title='bbox 532 2220 560 2272; x_wconf 91' lang='lat' dir='ltr'>et</span> <span class='ocrx_word' id='word_1_280' title='bbox 574 2215 648 2288; x_wconf 90' lang='lat' dir='ltr'><strong>signi</strong></span> <span class='ocrx_word' id='word_1_281' title='bbox 669 2219 744 2271; x_wconf 90' lang='grc'>16616</span> <span class='ocrx_word' id='word_1_282' title='bbox 765 2215 925 2271; x_wconf 87' lang='lat' dir='ltr'><strong>venientem</strong></span> <span class='ocrx_word' id='word_1_283' title='bbox 940 2215 1009 2288; x_wconf 89' lang='grc'>6616</span> <span class='ocrx_word' id='word_1_284' title='bbox 1058 2217 1091 2269; x_wconf 89' lang='grc'>61</span> <span class='ocrx_word' id='word_1_285' title='bbox 1105 2213 1224 2284; x_wconf 90' lang='lat' dir='ltr'><strong>perhoc</strong></span> <span class='ocrx_word' id='word_1_286' title='bbox 1244 2229 1309 2268; x_wconf 88' lang='lat' dir='ltr'><strong>vera</strong></span> <span class='ocrx_word' id='word_1_287' title='bbox 1324 2218 1525 2285; x_wconf 90' lang='lat' dir='ltr'><strong>cognosceret:</strong></span> <span class='ocrx_word' id='word_1_288' title='bbox 1541 2214 1709 2271; x_wconf 83' lang='lat' dir='ltr'><strong>transmittit</strong></span> <span class='ocrx_word' id='word_1_289' title='bbox 1728 2215 1766 2271; x_wconf 90' lang='grc'>66</span> <span class='ocrx_word' id='word_1_290' title='bbox 1781 2233 1872 2272; x_wconf 87' lang='grc'>66666-</span> 
     </span>
     <span class='ocr_line' id='line_1_23' title="bbox 195 2306 1873 2383; baseline -0.002 -14"><span class='ocrx_word' id='word_1_291' title='bbox 195 2312 265 2369; x_wconf 90' lang='grc'>11166</span> <span class='ocrx_word' id='word_1_292' title='bbox 279 2315 352 2368; x_wconf 88' lang='grc'>66661</span> <span class='ocrx_word' id='word_1_293' title='bbox 366 2311 532 2383; x_wconf 86' lang='lat' dir='ltr'><strong>interroget.</strong></span> <span class='ocrx_word' id='word_1_294' title='bbox 552 2311 620 2374; x_wconf 83' lang='lat' dir='ltr'><strong>Quae</strong></span> <span class='ocrx_word' id='word_1_295' title='bbox 634 2314 777 2365; x_wconf 90' lang='lat' dir='ltr'><strong>mortuam</strong></span> <span class='ocrx_word' id='word_1_296' title='bbox 792 2325 917 2365; x_wconf 90' lang='lat' dir='ltr'><strong>sororem</strong></span> <span class='ocrx_word' id='word_1_297' title='bbox 931 2326 1008 2364; x_wconf 90' lang='lat' dir='ltr'><strong>nun·</strong></span> <span class='ocrx_word' id='word_1_298' title='bbox 1058 2323 1130 2375; x_wconf 91' lang='lat' dir='ltr'><strong>rern,</strong></span> <span class='ocrx_word' id='word_1_299' title='bbox 1145 2307 1195 2379; x_wconf 86' lang='lat' dir='ltr'>qni</span> <span class='ocrx_word' id='word_1_300' title='bbox 1204 2310 1312 2379; x_wconf 86' lang='lat' dir='ltr'><strong>septem</strong></span> <span class='ocrx_word' id='word_1_301' title='bbox 1323 2323 1386 2362; x_wconf 90' lang='grc'>6666</span> <span class='ocrx_word' id='word_1_302' title='bbox 1395 2306 1435 2362; x_wconf 93' lang='lat' dir='ltr'>ibi</span> <span class='ocrx_word' id='word_1_303' title='bbox 1445 2307 1572 2363; x_wconf 89' lang='lat' dir='ltr'><strong>detentos</strong></span> <span class='ocrx_word' id='word_1_304' title='bbox 1581 2307 1754 2380; x_wconf 90' lang='lat' dir='ltr'><strong>admonitus,</strong></span> <span class='ocrx_word' id='word_1_305' title='bbox 1770 2309 1873 2365; x_wconf 87' lang='lat' dir='ltr'><strong>relaxa·</strong></span> 
     </span>
     <span class='ocr_line' id='line_1_24' title="bbox 195 2399 1872 2476; baseline -0.002 -15"><span class='ocrx_word' id='word_1_306' title='bbox 195 2403 861 2476; x_wconf 85' lang='lat' dir='ltr'><strong>tiavitiniantulam‚etlrigidamquelavaretur,</strong></span> <span class='ocrx_word' id='word_1_307' title='bbox 868 2407 1007 2475; x_wconf 85' lang='lat' dir='ltr'><strong>paratam,</strong></span> <span class='ocrx_word' id='word_1_308' title='bbox 1058 2404 1121 2470; x_wconf 90' lang='lat' dir='ltr'><strong>ret;</strong></span> <span class='ocrx_word' id='word_1_309' title='bbox 1145 2399 1281 2456; x_wconf 86' lang='lat' dir='ltr'><strong>redeunte</strong></span> <span class='ocrx_word' id='word_1_310' title='bbox 1298 2400 1463 2457; x_wconf 89' lang='lat' dir='ltr'><strong>transmisso</strong></span> <span class='ocrx_word' id='word_1_311' title='bbox 1484 2402 1572 2457; x_wconf 89' lang='grc'>661661</span> <span class='ocrx_word' id='word_1_312' title='bbox 1593 2419 1627 2458; x_wconf 90' lang='grc'>66</span> <span class='ocrx_word' id='word_1_313' title='bbox 1647 2402 1719 2457; x_wconf 81' lang='lat' dir='ltr'><strong>hore</strong></span> <span class='ocrx_word' id='word_1_314' title='bbox 1737 2404 1872 2476; x_wconf 81' lang='lat' dir='ltr'><strong>migrasse</strong></span> 
     </span>
    </p>
   </div>
   <div class='ocr_carea' id='block_1_3' title="bbox 77 2493 1870 2572">
    <p class='ocr_par' dir='ltr' id='par_1_5' title="bbox 77 2493 1870 2572">
     <span class='ocr_line' id='line_1_25' title="bbox 77 2493 1870 2572; baseline -0.002 -16"><span class='ocrx_word' id='word_1_315' title='bbox 77 2501 80 2507; x_wconf 83' lang='lat'>&#39;</span> <span class='ocrx_word' id='word_1_316' title='bbox 196 2516 256 2557; x_wconf 90' lang='grc'>6666</span> <span class='ocrx_word' id='word_1_317' title='bbox 267 2500 328 2572; x_wconf 89' lang='lat' dir='ltr'>jam</span> <span class='ocrx_word' id='word_1_318' title='bbox 344 2497 641 2554; x_wconf 89' lang='lat' dir='ltr'><strong>calidam.Ccndolens</strong></span> <span class='ocrx_word' id='word_1_319' title='bbox 652 2501 827 2553; x_wconf 87' lang='grc'>6666161666</span> <span class='ocrx_word' id='word_1_320' title='bbox 843 2496 965 2568; x_wconf 90' lang='lat' dir='ltr'><strong>imperat</strong></span> <span class='ocrx_word' id='word_1_321' title='bbox 979 2500 1010 2552; x_wconf 92' lang='lat' dir='ltr'>ut</span> <span class='ocrx_word' id='word_1_322' title='bbox 1055 2494 1162 2566; x_wconf 86' lang='lat' dir='ltr'><strong>justam</strong></span> <span class='ocrx_word' id='word_1_323' title='bbox 1181 2494 1216 2549; x_wconf 92' lang='grc'>66</span> <span class='ocrx_word' id='word_1_324' title='bbox 1232 2494 1349 2563; x_wconf 81' lang='lat' dir='ltr'><strong>saeculo;</strong></span> <span class='ocrx_word' id='word_1_325' title='bbox 1373 2498 1401 2550; x_wconf 91' lang='grc'>61</span> <span class='ocrx_word' id='word_1_326' title='bbox 1422 2493 1525 2566; x_wconf 86' lang='grc'>16161161</span> <span class='ocrx_word' id='word_1_327' title='bbox 1547 2495 1681 2568; x_wconf 82' lang='lat' dir='ltr'><strong>mysterio</strong></span> <span class='ocrx_word' id='word_1_328' title='bbox 1695 2512 1812 2553; x_wconf 88' lang='lat' dir='ltr'><strong>carcere</strong></span> <span class='ocrx_word' id='word_1_329' title='bbox 1829 2513 1870 2553; x_wconf 89' lang='lat' dir='ltr'>re-</span> 
     </span>
    </p>
   </div>
   <div class='ocr_carea' id='block_1_4' title="bbox 193 2587 1873 3041">
    <p class='ocr_par' dir='ltr' id='par_1_6' title="bbox 194 2587 1871 2760">
     <span class='ocr_line' id='line_1_26' title="bbox 195 2587 1871 2664; baseline -0.002 -14"><span class='ocrx_word' id='word_1_330' title='bbox 195 2591 510 2664; x_wconf 86' lang='lat' dir='ltr'><strong>cadaveripsinssuam</strong></span> <span class='ocrx_word' id='word_1_331' title='bbox 533 2590 860 2646; x_wconf 86' lang='grc'>6616666116661161666.</span> <span class='ocrx_word' id='word_1_332' title='bbox 881 2590 1009 2655; x_wconf 81' lang='grc'>06661161</span> <span class='ocrx_word' id='word_1_333' title='bbox 1058 2589 1169 2657; x_wconf 86' lang='lat' dir='ltr'><strong>laxato,</strong></span> <span class='ocrx_word' id='word_1_334' title='bbox 1199 2588 1314 2644; x_wconf 90' lang='lat' dir='ltr'><strong>tribuno</strong></span> <span class='ocrx_word' id='word_1_335' title='bbox 1336 2604 1404 2642; x_wconf 87' lang='lat' dir='ltr'><strong>sano</strong></span> <span class='ocrx_word' id='word_1_336' title='bbox 1431 2587 1725 2661; x_wconf 85' lang='lat' dir='ltr'><strong>redditc,&#39;aedificato</strong></span> <span class='ocrx_word' id='word_1_337' title='bbox 1748 2591 1871 2664; x_wconf 90' lang='lat' dir='ltr'><strong>templo,</strong></span> 
     </span>
     <span class='ocr_line' id='line_1_27' title="bbox 194 2681 1472 2760; baseline -0.005 -16"><span class='ocrx_word' id='word_1_338' title='bbox 194 2689 358 2760; x_wconf 89' lang='lat' dir='ltr'><strong>deportato,</strong></span> <span class='ocrx_word' id='word_1_339' title='bbox 376 2685 487 2757; x_wconf 81' lang='lat' dir='ltr'><strong>excepit</strong></span> <span class='ocrx_word' id='word_1_340' title='bbox 507 2701 593 2740; x_wconf 89' lang='lat' dir='ltr'><strong>manu</strong></span> <span class='ocrx_word' id='word_1_341' title='bbox 612 2683 742 2756; x_wconf 89' lang='grc'>6666616,</span> <span class='ocrx_word' id='word_1_342' title='bbox 760 2685 883 2740; x_wconf 89' lang='lat' dir='ltr'><strong>reclausa</strong></span> <span class='ocrx_word' id='word_1_343' title='bbox 902 2688 966 2755; x_wconf 90' lang='grc'>6661</span> <span class='ocrx_word' id='word_1_344' title='bbox 980 2699 1009 2739; x_wconf 88' lang='grc'>66</span> <span class='ocrx_word' id='word_1_345' title='bbox 1059 2686 1161 2738; x_wconf 79' lang='lat' dir='ltr'><strong>sunctae</strong></span> <span class='ocrx_word' id='word_1_346' title='bbox 1174 2682 1304 2754; x_wconf 88' lang='lat' dir='ltr'><strong>probavit</strong></span> <span class='ocrx_word' id='word_1_347' title='bbox 1317 2681 1472 2737; x_wconf 89' lang='lat' dir='ltr'><strong>oraculum.</strong></span> 
     </span>
    </p>

    <p class='ocr_par' dir='ltr' id='par_1_7' title="bbox 193 2774 1873 3041">
     <span class='ocr_line' id='line_1_28' title="bbox 194 2774 1872 2853; baseline -0.002 -14"><span class='ocrx_word' id='word_1_348' title='bbox 194 2799 261 2839; x_wconf 92' lang='lat' dir='ltr'>mox</span> <span class='ocrx_word' id='word_1_349' title='bbox 272 2782 371 2853; x_wconf 84' lang='lat' dir='ltr'><strong>janua,</strong></span> <span class='ocrx_word' id='word_1_350' title='bbox 384 2780 488 2852; x_wconf 88' lang='lat' dir='ltr'><strong>jubens</strong></span> <span class='ocrx_word' id='word_1_351' title='bbox 497 2779 584 2852; x_wconf 90' lang='lat' dir='ltr'><strong>longe</strong></span> <span class='ocrx_word' id='word_1_352' title='bbox 599 2778 751 2848; x_wconf 87' lang='lat' dir='ltr'><strong>discedere,</strong></span> <span class='ocrx_word' id='word_1_353' title='bbox 770 2778 879 2850; x_wconf 88' lang='lat' dir='ltr'><strong>nequis</strong></span> <span class='ocrx_word' id='word_1_354' title='bbox 893 2777 1010 2835; x_wconf 87' lang='lat' dir='ltr'><strong>sentiret</strong></span> <span class='ocrx_word' id='word_1_355' title='bbox 1094 2780 1138 2832; x_wconf 85' lang='grc'>311.</span> <span class='ocrx_word' id='word_1_356' title='bbox 1154 2774 1209 2832; x_wconf 86' lang='lat' dir='ltr'>Sed</span> <span class='ocrx_word' id='word_1_357' title='bbox 1221 2775 1254 2831; x_wconf 91' lang='lat' dir='ltr'>de</span> <span class='ocrx_word' id='word_1_358' title='bbox 1266 2776 1356 2832; x_wconf 76' lang='lat' dir='ltr'><strong>beatae</strong></span> <span class='ocrx_word' id='word_1_359' title='bbox 1370 2775 1522 2831; x_wconf 89' lang='lat' dir='ltr'><strong>virtutibus</strong></span> <span class='ocrx_word' id='word_1_360' title='bbox 1537 2775 1658 2833; x_wconf 88' lang='lat' dir='ltr'><strong>sufficiat</strong></span> <span class='ocrx_word' id='word_1_361' title='bbox 1670 2777 1823 2851; x_wconf 76' lang='lat' dir='ltr'><strong>exiguitas,</strong></span> <span class='ocrx_word' id='word_1_362' title='bbox 1838 2795 1872 2836; x_wconf 87' lang='grc'>66</span> 
     </span>
     <span class='ocr_line' id='line_1_29' title="bbox 193 2869 1872 2950; baseline -0.002 -18"><span class='ocrx_word' id='word_1_363' title='bbox 193 2877 262 2950; x_wconf 90' lang='grc'>6616</span> <span class='ocrx_word' id='word_1_364' title='bbox 276 2878 390 2948; x_wconf 87' lang='lat' dir='ltr'><strong>ageret:</strong></span> <span class='ocrx_word' id='word_1_365' title='bbox 407 2874 456 2930; x_wconf 91' lang='grc'>666</span> <span class='ocrx_word' id='word_1_366' title='bbox 471 2872 547 2945; x_wconf 91' lang='grc'>6666</span> <span class='ocrx_word' id='word_1_367' title='bbox 557 2874 665 2928; x_wconf 86' lang='lat' dir='ltr'><strong>occulte</strong></span> <span class='ocrx_word' id='word_1_368' title='bbox 682 2871 776 2944; x_wconf 89' lang='lat' dir='ltr'><strong>gessit,</strong></span> <span class='ocrx_word' id='word_1_369' title='bbox 792 2871 876 2927; x_wconf 89' lang='lat' dir='ltr'><strong>celari</strong></span> <span class='ocrx_word' id='word_1_370' title='bbox 886 2871 935 2927; x_wconf 91' lang='grc'>616</span> <span class='ocrx_word' id='word_1_371' title='bbox 951 2887 1008 2926; x_wconf 91' lang='grc'>666</span> <span class='ocrx_word' id='word_1_372' title='bbox 1058 2869 1217 2926; x_wconf 85' lang='lat' dir='ltr'><strong>fastidiatur</strong></span> <span class='ocrx_word' id='word_1_373' title='bbox 1229 2869 1356 2940; x_wconf 81' lang='lat' dir='ltr'><strong>ubertas3</strong></span> <span class='ocrx_word' id='word_1_374' title='bbox 1372 2873 1583 2942; x_wconf 91' lang='lat' dir='ltr'><strong>necreputetur</strong></span> <span class='ocrx_word' id='word_1_375' title='bbox 1596 2871 1810 2943; x_wconf 86' lang='lat' dir='ltr'><strong>brevissimum,</strong></span> <span class='ocrx_word' id='word_1_376' title='bbox 1824 2873 1872 2928; x_wconf 90' lang='lat' dir='ltr'>ubi</span> 
     </span>
     <span class='ocr_line' id='line_1_30' title="bbox 195 2963 1873 3041; baseline -0.001 -18"><span class='ocrx_word' id='word_1_377' title='bbox 195 2968 298 3041; x_wconf 89' lang='grc'>661611.</span> <span class='ocrx_word' id='word_1_378' title='bbox 310 2968 453 3023; x_wconf 82' lang='lat' dir='ltr'><strong>luterhaec</strong></span> <span class='ocrx_word' id='word_1_379' title='bbox 464 2967 683 3022; x_wconf 86' lang='lat' dir='ltr'><strong>dumdelunctae</strong></span> <span class='ocrx_word' id='word_1_380' title='bbox 695 2964 834 3037; x_wconf 77' lang='lat' dir='ltr'><strong>exsequiae</strong></span> <span class='ocrx_word' id='word_1_381' title='bbox 849 2982 1011 3038; x_wconf 80' lang='lat' dir='ltr'><strong>praeparan-</strong></span> <span class='ocrx_word' id='word_1_382' title='bbox 1058 2964 1093 3020; x_wconf 90' lang='lat' dir='ltr'>de</span> <span class='ocrx_word' id='word_1_383' title='bbox 1115 2963 1211 3036; x_wconf 85' lang='lat' dir='ltr'><strong>paucis</strong></span> <span class='ocrx_word' id='word_1_384' title='bbox 1229 2963 1392 3036; x_wconf 89' lang='lat' dir='ltr'><strong>agnoscitur</strong></span> <span class='ocrx_word' id='word_1_385' title='bbox 1412 2963 1442 3018; x_wconf 92' lang='lat' dir='ltr'>iu</span> <span class='ocrx_word' id='word_1_386' title='bbox 1462 2963 1605 3020; x_wconf 89' lang='lat' dir='ltr'><strong>miraculis</strong></span> <span class='ocrx_word' id='word_1_387' title='bbox 1623 2965 1793 3038; x_wconf 88' lang='lat' dir='ltr'><strong>amplitudo.</strong></span> <span class='ocrx_word' id='word_1_388' title='bbox 1815 2967 1873 3033; x_wconf 84' lang='grc'>066</span> 
     </span>
    </p>
   </div>
   <div class='ocr_carea' id='block_1_5' title="bbox 194 3057 1873 3601">
    <p class='ocr_par' dir='ltr' id='par_1_8' title="bbox 194 3057 1873 3601">
     <span class='ocr_line' id='line_1_31' title="bbox 194 3057 1871 3163; baseline -0.001 -45"><span class='ocrx_word' id='word_1_389' title='bbox 194 3067 251 3130; x_wconf 89' lang='grc'>166,</span> <span class='ocrx_word' id='word_1_390' title='bbox 268 3062 325 3117; x_wconf 90' lang='grc'>1666</span> <span class='ocrx_word' id='word_1_391' title='bbox 341 3061 484 3132; x_wconf 88' lang='lat' dir='ltr'><strong>perhoras</strong></span> <span class='ocrx_word' id='word_1_392' title='bbox 496 3063 604 3130; x_wconf 89' lang='lat' dir='ltr'><strong>septem</strong></span> <span class='ocrx_word' id='word_1_393' title='bbox 613 3062 734 3114; x_wconf 83' lang='grc'>66661666</span> <span class='ocrx_word' id='word_1_394' title='bbox 747 3063 847 3114; x_wconf 87' lang='grc'>1666161</span> <span class='ocrx_word' id='word_1_395' title='bbox 856 3074 1007 3129; x_wconf 89' lang='grc'>66666666-</span> <span class='ocrx_word' id='word_1_396' title='bbox 1019 3087 1047 3163; x_wconf 74' lang='lat' dir='ltr'>C</span> <span class='ocrx_word' id='word_1_397' title='bbox 1058 3059 1173 3131; x_wconf 88' lang='lat' dir='ltr'><strong>pietate,</strong></span> <span class='ocrx_word' id='word_1_398' title='bbox 1187 3057 1332 3129; x_wconf 87' lang='lat' dir='ltr'><strong>parcitate,</strong></span> <span class='ocrx_word' id='word_1_399' title='bbox 1351 3057 1511 3127; x_wconf 88' lang='lat' dir='ltr'><strong>dilectione,</strong></span> <span class='ocrx_word' id='word_1_400' title='bbox 1528 3058 1687 3130; x_wconf 88' lang='lat' dir='ltr'><strong>dulcedine,</strong></span> <span class='ocrx_word' id='word_1_401' title='bbox 1703 3059 1871 3131; x_wconf 87' lang='lat' dir='ltr'><strong>humilitate,</strong></span> 
     </span>
     <span class='ocr_line' id='line_1_32' title="bbox 194 3150 1873 3227; baseline -0.001 -15"><span class='ocrx_word' id='word_1_402' title='bbox 194 3157 266 3212; x_wconf 89' lang='lat' dir='ltr'><strong>lum.</strong></span> <span class='ocrx_word' id='word_1_403' title='bbox 291 3155 346 3211; x_wconf 91' lang='lat' dir='ltr'>Sed</span> <span class='ocrx_word' id='word_1_404' title='bbox 368 3152 478 3212; x_wconf 83' lang='lat' dir='ltr'><strong>Christo</strong></span> <span class='ocrx_word' id='word_1_405' title='bbox 501 3152 613 3208; x_wconf 89' lang='lat' dir='ltr'><strong>vidente</strong></span> <span class='ocrx_word' id='word_1_406' title='bbox 634 3152 738 3221; x_wconf 87' lang='lat' dir='ltr'><strong>fidem,</strong></span> <span class='ocrx_word' id='word_1_407' title='bbox 759 3150 806 3206; x_wconf 91' lang='lat' dir='ltr'>cui</span> <span class='ocrx_word' id='word_1_408' title='bbox 827 3168 931 3225; x_wconf 87' lang='lat' dir='ltr'><strong>negare</strong></span> <span class='ocrx_word' id='word_1_409' title='bbox 951 3170 1009 3210; x_wconf 90' lang='lat' dir='ltr'>non</span> <span class='ocrx_word' id='word_1_410' title='bbox 1059 3154 1214 3222; x_wconf 89' lang='lat' dir='ltr'><strong>honestate,</strong></span> <span class='ocrx_word' id='word_1_411' title='bbox 1228 3152 1295 3221; x_wconf 90' lang='lat' dir='ltr'><strong>tide,</strong></span> <span class='ocrx_word' id='word_1_412' title='bbox 1309 3151 1418 3207; x_wconf 86' lang='grc'>1666666</span> <span class='ocrx_word' id='word_1_413' title='bbox 1436 3151 1474 3207; x_wconf 88' lang='grc'>616</span> <span class='ocrx_word' id='word_1_414' title='bbox 1492 3152 1605 3223; x_wconf 88' lang='lat' dir='ltr'><strong>vixerit,</strong></span> <span class='ocrx_word' id='word_1_415' title='bbox 1620 3155 1652 3208; x_wconf 91' lang='lat' dir='ltr'>ut</span> <span class='ocrx_word' id='word_1_416' title='bbox 1664 3156 1694 3208; x_wconf 93' lang='lat' dir='ltr'>et</span> <span class='ocrx_word' id='word_1_417' title='bbox 1706 3153 1799 3225; x_wconf 86' lang='lat' dir='ltr'><strong>ipsam</strong></span> <span class='ocrx_word' id='word_1_418' title='bbox 1812 3160 1873 3227; x_wconf 89' lang='lat' dir='ltr'><strong>post</strong></span> 
     </span>
     <span class='ocr_line' id='line_1_33' title="bbox 195 3243 1869 3323; baseline -0.002 -18"><span class='ocrx_word' id='word_1_419' title='bbox 195 3250 296 3323; x_wconf 88' lang='grc'>661611,</span> <span class='ocrx_word' id='word_1_420' title='bbox 307 3248 416 3304; x_wconf 89' lang='lat' dir='ltr'><strong>reddita</strong></span> <span class='ocrx_word' id='word_1_421' title='bbox 425 3262 540 3319; x_wconf 89' lang='lat' dir='ltr'><strong>prorsus</strong></span> <span class='ocrx_word' id='word_1_422' title='bbox 549 3246 648 3314; x_wconf 88' lang='lat' dir='ltr'><strong>salute,</strong></span> <span class='ocrx_word' id='word_1_423' title='bbox 658 3245 749 3318; x_wconf 90' lang='lat' dir='ltr'><strong>surgit</strong></span> <span class='ocrx_word' id='word_1_424' title='bbox 758 3246 860 3301; x_wconf 82' lang='grc'>1666616</span> <span class='ocrx_word' id='word_1_425' title='bbox 871 3246 1006 3317; x_wconf 86' lang='lat' dir='ltr'><strong>oratione,</strong></span> <span class='ocrx_word' id='word_1_426' title='bbox 1058 3246 1166 3302; x_wconf 91' lang='lat' dir='ltr'><strong>obitum</strong></span> <span class='ocrx_word' id='word_1_427' title='bbox 1190 3243 1303 3317; x_wconf 87' lang='lat' dir='ltr'><strong>gloriosi</strong></span> <span class='ocrx_word' id='word_1_428' title='bbox 1322 3245 1468 3314; x_wconf 85' lang='lat' dir='ltr'><strong>transitus,</strong></span> <span class='ocrx_word' id='word_1_429' title='bbox 1494 3244 1634 3300; x_wconf 86' lang='lat' dir='ltr'><strong>mirabilia</strong></span> <span class='ocrx_word' id='word_1_430' title='bbox 1652 3250 1869 3319; x_wconf 87' lang='lat' dir='ltr'><strong>prosequantur,</strong></span> 
     </span>
     <span class='ocr_line' id='line_1_34' title="bbox 195 3338 1871 3416; baseline -0.002 -17"><span class='ocrx_word' id='word_1_431' title='bbox 195 3343 319 3416; x_wconf 88' lang='lat' dir='ltr'><strong>resurgit</strong></span> <span class='ocrx_word' id='word_1_432' title='bbox 332 3342 381 3397; x_wconf 89' lang='lat' dir='ltr'><strong>illa</strong></span> <span class='ocrx_word' id='word_1_433' title='bbox 395 3342 430 3396; x_wconf 91' lang='grc'>66</span> <span class='ocrx_word' id='word_1_434' title='bbox 445 3341 562 3396; x_wconf 84' lang='lat' dir='ltr'><strong>funere:</strong></span> <span class='ocrx_word' id='word_1_435' title='bbox 581 3342 652 3395; x_wconf 89' lang='lat' dir='ltr'><strong>etse</strong></span> <span class='ocrx_word' id='word_1_436' title='bbox 674 3342 741 3394; x_wconf 91' lang='grc'>1666</span> <span class='ocrx_word' id='word_1_437' title='bbox 762 3339 888 3395; x_wconf 89' lang='lat' dir='ltr'><strong>sublevat</strong></span> <span class='ocrx_word' id='word_1_438' title='bbox 904 3340 1006 3411; x_wconf 88' lang='lat' dir='ltr'><strong>vetula,</strong></span> <span class='ocrx_word' id='word_1_439' title='bbox 1057 3342 1191 3396; x_wconf 76' lang='lat' dir='ltr'><strong>humanae</strong></span> <span class='ocrx_word' id='word_1_440' title='bbox 1200 3338 1370 3410; x_wconf 77' lang='lat' dir='ltr'><strong>eloquentiae</strong></span> <span class='ocrx_word' id='word_1_441' title='bbox 1381 3339 1655 3394; x_wconf 89' lang='lat' dir='ltr'><strong>modusadmirando</strong></span> <span class='ocrx_word' id='word_1_442' title='bbox 1664 3340 1803 3396; x_wconf 89' lang='lat' dir='ltr'><strong>attonitus</strong></span> <span class='ocrx_word' id='word_1_443' title='bbox 1812 3340 1871 3396; x_wconf 87' lang='lat' dir='ltr'><strong>viri-</strong></span> 
     </span>
     <span class='ocr_line' id='line_1_35' title="bbox 195 3431 1869 3507; baseline -0.003 -12"><span class='ocrx_word' id='word_1_444' title='bbox 195 3455 261 3496; x_wconf 91' lang='lat' dir='ltr'><strong>cum</strong></span> <span class='ocrx_word' id='word_1_445' title='bbox 275 3436 422 3494; x_wconf 81' lang='lat' dir='ltr'><strong>revixisset</strong></span> <span class='ocrx_word' id='word_1_446' title='bbox 436 3434 586 3490; x_wconf 80' lang='lat' dir='ltr'><strong>infantula.</strong></span> <span class='ocrx_word' id='word_1_447' title='bbox 602 3433 693 3498; x_wconf 84' lang='lat' dir='ltr'><strong>Quem</strong></span> <span class='ocrx_word' id='word_1_448' title='bbox 706 3437 784 3489; x_wconf 88' lang='grc'>16616</span> <span class='ocrx_word' id='word_1_449' title='bbox 799 3433 904 3488; x_wconf 87' lang='lat' dir='ltr'><strong>iterum</strong></span> <span class='ocrx_word' id='word_1_450' title='bbox 920 3434 1006 3506; x_wconf 90' lang='lat' dir='ltr'><strong>signi,</strong></span> <span class='ocrx_word' id='word_1_451' title='bbox 1057 3435 1110 3489; x_wconf 89' lang='lat' dir='ltr'>bns</span> <span class='ocrx_word' id='word_1_452' title='bbox 1130 3433 1271 3505; x_wconf 87' lang='lat' dir='ltr'><strong>explicare</strong></span> <span class='ocrx_word' id='word_1_453' title='bbox 1288 3431 1405 3487; x_wconf 90' lang='lat' dir='ltr'><strong>minime</strong></span> <span class='ocrx_word' id='word_1_454' title='bbox 1424 3433 1507 3488; x_wconf 89' lang='lat' dir='ltr'><strong>valet.</strong></span> <span class='ocrx_word' id='word_1_455' title='bbox 1528 3433 1569 3489; x_wconf 91' lang='lat' dir='ltr'>Sit</span> <span class='ocrx_word' id='word_1_456' title='bbox 1587 3435 1683 3488; x_wconf 88' lang='lat' dir='ltr'><strong>tamen</strong></span> <span class='ocrx_word' id='word_1_457' title='bbox 1703 3433 1745 3489; x_wconf 91' lang='lat' dir='ltr'><strong>illi</strong></span> <span class='ocrx_word' id='word_1_458' title='bbox 1764 3434 1869 3507; x_wconf 91' lang='grc'>66166-</span> 
     </span>
     <span class='ocr_line' id='line_1_36' title="bbox 195 3525 1869 3601; baseline -0.003 -11"><span class='ocrx_word' id='word_1_459' title='bbox 195 3533 338 3590; x_wconf 77' lang='lat' dir='ltr'><strong>laetificata</strong></span> <span class='ocrx_word' id='word_1_460' title='bbox 352 3530 445 3588; x_wconf 86' lang='lat' dir='ltr'><strong>reddit</strong></span> <span class='ocrx_word' id='word_1_461' title='bbox 459 3529 551 3584; x_wconf 87' lang='lat' dir='ltr'><strong>vivam</strong></span> <span class='ocrx_word' id='word_1_462' title='bbox 574 3544 663 3600; x_wconf 89' lang='lat' dir='ltr'><strong>quam</strong></span> <span class='ocrx_word' id='word_1_463' title='bbox 677 3526 748 3583; x_wconf 88' lang='grc'>11666</span> <span class='ocrx_word' id='word_1_464' title='bbox 769 3532 915 3599; x_wconf 89' lang='grc'>666666661</span> <span class='ocrx_word' id='word_1_465' title='bbox 929 3545 1006 3583; x_wconf 91' lang='lat' dir='ltr'><strong>mor·</strong></span> <span class='ocrx_word' id='word_1_466' title='bbox 1057 3529 1108 3599; x_wconf 88' lang='lat' dir='ltr'><strong>dit,</strong></span> <span class='ocrx_word' id='word_1_467' title='bbox 1127 3527 1224 3601; x_wconf 91' lang='lat' dir='ltr'><strong>gloria,</strong></span> <span class='ocrx_word' id='word_1_468' title='bbox 1239 3527 1299 3581; x_wconf 88' lang='grc'>1666</span> <span class='ocrx_word' id='word_1_469' title='bbox 1317 3529 1346 3581; x_wconf 87' lang='grc'>61</span> <span class='ocrx_word' id='word_1_470' title='bbox 1357 3525 1511 3597; x_wconf 89' lang='lat' dir='ltr'><strong>imperium</strong></span> <span class='ocrx_word' id='word_1_471' title='bbox 1529 3526 1560 3582; x_wconf 94' lang='lat' dir='ltr'>in</span> <span class='ocrx_word' id='word_1_472' title='bbox 1575 3527 1679 3582; x_wconf 84' lang='lat' dir='ltr'><strong>saeeula</strong></span> <span class='ocrx_word' id='word_1_473' title='bbox 1691 3527 1869 3584; x_wconf 72' lang='lat' dir='ltr'><strong>seculorum.</strong></span> 
     </span>
    </p>
   </div>
   <div class='ocr_carea' id='block_1_6' title="bbox 194 3625 1158 3684">
    <p class='ocr_par' dir='ltr' id='par_1_9' title="bbox 194 3625 1158 3684">
     <span class='ocr_line' id='line_1_37' title="bbox 194 3625 1158 3684; baseline -0.007 0"><span class='ocrx_word' id='word_1_474' title='bbox 194 3631 283 3684; x_wconf 88' lang='grc'>16666.</span> <span class='ocrx_word' id='word_1_475' title='bbox 902 3652 907 3656; x_wconf 94' lang='grc'>-</span> <span class='ocrx_word' id='word_1_476' title='bbox 1057 3625 1158 3678; x_wconf 77' lang='lat' dir='ltr'><strong>tmen.</strong></span> 
     </span>
    </p>
   </div>
   <div class='ocr_carea' id='block_1_7' title="bbox 195 3744 1869 3945">
    <p class='ocr_par' dir='ltr' id='par_1_10' title="bbox 195 3744 1869 3945">
     <span class='ocr_line' id='line_1_38' title="bbox 232 3744 1869 3824; baseline -0.004 -16"><span class='ocrx_word' id='word_1_477' title='bbox 232 3752 268 3824; x_wconf 81' lang='lat' dir='ltr'>(a)</span> <span class='ocrx_word' id='word_1_478' title='bbox 284 3750 446 3819; x_wconf 80' lang='lat' dir='ltr'><strong>Charentes,</strong></span> <span class='ocrx_word' id='word_1_479' title='bbox 467 3747 670 3820; x_wconf 89' lang='lat' dir='ltr'><strong>symphoniaci,</strong></span> <span class='ocrx_word' id='word_1_480' title='bbox 692 3753 720 3803; x_wconf 89' lang='lat' dir='ltr'>et</span> <span class='ocrx_word' id='word_1_481' title='bbox 740 3748 762 3802; x_wconf 93' lang='lat' dir='ltr'>si</span> <span class='ocrx_word' id='word_1_482' title='bbox 777 3748 891 3803; x_wconf 86' lang='lat' dir='ltr'><strong>Vossius</strong></span> <span class='ocrx_word' id='word_1_483' title='bbox 911 3750 945 3804; x_wconf 91' lang='lat' dir='ltr'>de</span> <span class='ocrx_word' id='word_1_484' title='bbox 961 3749 1007 3805; x_wconf 87' lang='lat' dir='ltr'>Vi·</span> <span class='ocrx_word' id='word_1_485' title='bbox 1057 3747 1158 3820; x_wconf 90' lang='lat' dir='ltr'><strong>prohat</strong></span> <span class='ocrx_word' id='word_1_486' title='bbox 1188 3746 1241 3800; x_wconf 91' lang='lat' dir='ltr'><strong>hoc</strong></span> <span class='ocrx_word' id='word_1_487' title='bbox 1272 3744 1439 3817; x_wconf 87' lang='lat' dir='ltr'><strong>proverbio:</strong></span> <span class='ocrx_word' id='word_1_488' title='bbox 1466 3745 1553 3801; x_wconf 88' lang='grc'>116166</span> <span class='ocrx_word' id='word_1_489' title='bbox 1587 3745 1754 3817; x_wconf 87' lang='grc'>6166666166,</span> <span class='ocrx_word' id='word_1_490' title='bbox 1786 3747 1869 3804; x_wconf 89' lang='lat' dir='ltr'><strong>bonus</strong></span> 
     </span>
     <span class='ocr_line' id='line_1_39' title="bbox 195 3817 1287 3945; baseline -0.005 -68"><span class='ocrx_word' id='word_1_491' title='bbox 195 3823 242 3879; x_wconf 89' lang='lat' dir='ltr'><strong>tiis</strong></span> <span class='ocrx_word' id='word_1_492' title='bbox 256 3839 358 3888; x_wconf 77' lang='lat' dir='ltr'><strong>serm,</strong></span> <span class='ocrx_word' id='word_1_493' title='bbox 375 3822 448 3876; x_wconf 88' lang='grc'>16666</span> <span class='ocrx_word' id='word_1_494' title='bbox 461 3835 557 3874; x_wconf 89' lang='lat' dir='ltr'><strong>vocem</strong></span> <span class='ocrx_word' id='word_1_495' title='bbox 573 3835 630 3873; x_wconf 88' lang='lat' dir='ltr'>non</span> <span class='ocrx_word' id='word_1_496' title='bbox 650 3835 702 3945; x_wconf 68' lang='lat' dir='ltr'>pra</span> <span class='ocrx_word' id='word_1_497' title='bbox 717 3820 942 3891; x_wconf 78' lang='lat' dir='ltr'><strong>symphoniacis,</strong></span> <span class='ocrx_word' id='word_1_498' title='bbox 960 3821 1009 3876; x_wconf 91' lang='lat' dir='ltr'>sed</span> <span class='ocrx_word' id='word_1_499' title='bbox 1059 3817 1287 3891; x_wconf 87' lang='lat' dir='ltr'><strong>symphoniacus.</strong></span> 
     </span>
    </p>
   </div>
   <div class='ocr_carea' id='block_1_8' title="bbox 98 3889 1008 3965">
    <p class='ocr_par' dir='ltr' id='par_1_11' title="bbox 98 3889 1008 3965">
     <span class='ocr_line' id='line_1_40' title="bbox 98 3889 1008 3965; baseline 0 -17"><span class='ocrx_word' id='word_1_500' title='bbox 98 3889 100 3892; x_wconf 64' lang='grc'>’</span> <span class='ocrx_word' id='word_1_501' title='bbox 195 3910 247 3965; x_wconf 89' lang='grc'>666</span> <span class='ocrx_word' id='word_1_502' title='bbox 262 3894 296 3948; x_wconf 90' lang='grc'>116</span> <span class='ocrx_word' id='word_1_503' title='bbox 310 3893 360 3965; x_wconf 89' lang='grc'>661</span> <span class='ocrx_word' id='word_1_504' title='bbox 369 3891 468 3947; x_wconf 88' lang='lat' dir='ltr'><strong>tibiam</strong></span> <span class='ocrx_word' id='word_1_505' title='bbox 478 3890 579 3945; x_wconf 88' lang='lat' dir='ltr'><strong>inflent</strong></span> <span class='ocrx_word' id='word_1_506' title='bbox 594 3907 625 3945; x_wconf 91' lang='grc'>66</span> <span class='ocrx_word' id='word_1_507' title='bbox 639 3907 654 3944; x_wconf 94' lang='grc'>6</span> <span class='ocrx_word' id='word_1_508' title='bbox 676 3906 725 3944; x_wconf 90' lang='grc'>666</span> <span class='ocrx_word' id='word_1_509' title='bbox 734 3894 864 3961; x_wconf 86' lang='lat' dir='ltr'><strong>praeeunt</strong></span> <span class='ocrx_word' id='word_1_510' title='bbox 878 3892 1008 3964; x_wconf 89' lang='lat' dir='ltr'><strong>usurpari</strong></span> 
     </span>
    </p>
   </div>
   <div class='ocr_carea' id='block_1_9' title="bbox 657 4100 1404 4208">
    <p class='ocr_par' dir='ltr' id='par_1_12' title="bbox 657 4100 1404 4208">
     <span class='ocr_line' id='line_1_41' title="bbox 657 4100 1404 4208; baseline -0.001 -4"><span class='ocrx_word' id='word_1_511' title='bbox 657 4103 905 4204; x_wconf 81' lang='lat' dir='ltr'><em>LIBER</em></span> <span class='ocrx_word' id='word_1_512' title='bbox 975 4100 1404 4208; x_wconf 81' lang='lat' dir='ltr'><strong><em>SECUNDUS.</em></strong></span> 
     </span>
    </p>
   </div>
   <div class='ocr_carea' id='block_1_10' title="bbox 214 4281 1850 4442">
    <p class='ocr_par' dir='ltr' id='par_1_13' title="bbox 214 4281 1850 4442">
     <span class='ocr_line' id='line_1_42' title="bbox 705 4281 1358 4336; baseline -0.002 -10"><span class='ocrx_word' id='word_1_513' title='bbox 705 4281 845 4327; x_wconf 84' lang='grc'>6666666</span> <span class='ocrx_word' id='word_1_514' title='bbox 866 4282 1055 4331; x_wconf 81' lang='grc'>6666666666</span> <span class='ocrx_word' id='word_1_515' title='bbox 1077 4283 1207 4329; x_wconf 76' lang='lat' dir='ltr'><strong>nannai</strong></span> <span class='ocrx_word' id='word_1_516' title='bbox 1228 4281 1358 4336; x_wconf 80' lang='grc'>666666.</span> 
     </span>
     <span class='ocr_line' id='line_1_43' title="bbox 214 4369 1850 4442; baseline -0.004 -1"><span class='ocrx_word' id='word_1_517' title='bbox 214 4377 269 4441; x_wconf 78' lang='lat' dir='ltr'><strong>Ad</strong></span> <span class='ocrx_word' id='word_1_518' title='bbox 283 4394 358 4441; x_wconf 90' lang='lat' dir='ltr'><strong>mss.</strong></span> <span class='ocrx_word' id='word_1_519' title='bbox 378 4373 457 4442; x_wconf 82' lang='lat' dir='ltr'><strong>Coa.</strong></span> <span class='ocrx_word' id='word_1_520' title='bbox 476 4371 593 4438; x_wconf 81' lang='lat' dir='ltr'><strong>Sancti</strong></span> <span class='ocrx_word' id='word_1_521' title='bbox 607 4369 767 4438; x_wconf 81' lang='lat' dir='ltr'><strong>Germani</strong></span> <span class='ocrx_word' id='word_1_522' title='bbox 778 4371 945 4436; x_wconf 84' lang='lat' dir='ltr'><strong>Pratensis</strong></span> <span class='ocrx_word' id='word_1_523' title='bbox 959 4381 990 4437; x_wconf 89' lang='lat' dir='ltr'>et</span> <span class='ocrx_word' id='word_1_524' title='bbox 1004 4374 1121 4439; x_wconf 79' lang='lat' dir='ltr'><strong>Sancti</strong></span> <span class='ocrx_word' id='word_1_525' title='bbox 1136 4371 1326 4437; x_wconf 83' lang='lat' dir='ltr'><strong>Theoderici</strong></span> <span class='ocrx_word' id='word_1_526' title='bbox 1338 4369 1526 4436; x_wconf 74' lang='lat' dir='ltr'><strong>libamentis</strong></span> <span class='ocrx_word' id='word_1_527' title='bbox 1540 4377 1570 4434; x_wconf 91' lang='grc'>61</span> <span class='ocrx_word' id='word_1_528' title='bbox 1584 4370 1624 4436; x_wconf 89' lang='lat' dir='ltr'>D.</span> <span class='ocrx_word' id='word_1_529' title='bbox 1640 4370 1850 4437; x_wconf 84' lang='lat' dir='ltr'><strong>d’Heroaoal.</strong></span> 
     </span>
    </p>
   </div>
   <div class='ocr_carea' id='block_1_11' title="bbox 481 4587 1585 4670">
    <p class='ocr_par' dir='ltr' id='par_1_14' title="bbox 481 4587 1585 4670">
     <span class='ocr_line' id='line_1_44' title="bbox 481 4587 1585 4670; baseline -0.005 -2"><span class='ocrx_word' id='word_1_530' title='bbox 481 4591 764 4670; x_wconf 83' lang='lat' dir='ltr'>PROLOGUS</span> <span class='ocrx_word' id='word_1_531' title='bbox 806 4587 880 4669; x_wconf 79' lang='lat' dir='ltr'>al)</span> <span class='ocrx_word' id='word_1_532' title='bbox 921 4595 1192 4669; x_wconf 76' lang='lat' dir='ltr'><strong>nnnlhtlhat</strong></span> <span class='ocrx_word' id='word_1_533' title='bbox 1234 4590 1585 4666; x_wconf 76' lang='lat' dir='ltr'><strong>aassarrssart.</strong></span> 
     </span>
    </p>
   </div>
   <div class='ocr_carea' id='block_1_12' title="bbox 187 4724 1874 5703">
    <p class='ocr_par' dir='ltr' id='par_1_15' title="bbox 190 4724 1874 4894">
     <span class='ocr_line' id='line_1_45' title="bbox 230 4724 1874 4800; baseline -0.005 -11"><span class='ocrx_word' id='word_1_534' title='bbox 230 4728 738 4790; x_wconf 82' lang='grc'>1.116661661666666611666661166666</span> <span class='ocrx_word' id='word_1_535' title='bbox 752 4729 842 4800; x_wconf 85' lang='lat' dir='ltr'><strong>gratia</strong></span> <span class='ocrx_word' id='word_1_536' title='bbox 862 4729 999 4785; x_wconf 90' lang='lat' dir='ltr'><strong>decoratis</strong></span> <span class='ocrx_word' id='word_1_537' title='bbox 1018 4729 1154 4785; x_wconf 84' lang='lat' dir='ltr'><strong>Dedimiae</strong></span> <span class='ocrx_word' id='word_1_538' title='bbox 1173 4727 1333 4796; x_wconf 88' lang='lat' dir='ltr'><strong>abbatissae,</strong></span> <span class='ocrx_word' id='word_1_539' title='bbox 1353 4726 1396 4782; x_wconf 92' lang='lat' dir='ltr'>vel</span> <span class='ocrx_word' id='word_1_540' title='bbox 1416 4725 1495 4781; x_wconf 89' lang='lat' dir='ltr'><strong>omni</strong></span> <span class='ocrx_word' id='word_1_541' title='bbox 1514 4724 1730 4798; x_wconf 87' lang='lat' dir='ltr'><strong>congregationi</strong></span> <span class='ocrx_word' id='word_1_542' title='bbox 1747 4725 1874 4799; x_wconf 73' lang='lat' dir='ltr'><strong>gloriosa</strong></span> 
     </span>
     <span class='ocr_line' id='line_1_46' title="bbox 190 4817 1465 4894; baseline -0.007 -13"><span class='ocrx_word' id='word_1_543' title='bbox 190 4824 315 4881; x_wconf 85' lang='lat' dir='ltr'><strong>dominae</strong></span> <span class='ocrx_word' id='word_1_544' title='bbox 330 4818 511 4894; x_wconf 83' lang='lat' dir='ltr'><strong>lladegundis</strong></span> <span class='ocrx_word' id='word_1_545' title='bbox 526 4818 777 4891; x_wconf 66' lang='lat' dir='ltr'><strong>Baudcnivia&#39;lhl,</strong></span> <span class='ocrx_word' id='word_1_546' title='bbox 794 4820 975 4891; x_wconf 83' lang='lat' dir='ltr'><strong>bandonivia,</strong></span> <span class='ocrx_word' id='word_1_547' title='bbox 992 4818 1176 4892; x_wconf 84' lang='lat' dir='ltr'><strong>bandomina]</strong></span> <span class='ocrx_word' id='word_1_548' title='bbox 1194 4818 1310 4874; x_wconf 87' lang='lat' dir='ltr'><strong>humilis</strong></span> <span class='ocrx_word' id='word_1_549' title='bbox 1325 4817 1465 4873; x_wconf 89' lang='lat' dir='ltr'><strong>omnium.</strong></span> 
     </span>
    </p>

    <p class='ocr_par' dir='ltr' id='par_1_16' title="bbox 187 4905 1873 5703">
     <span class='ocr_line' id='line_1_47' title="bbox 227 4905 1872 4986; baseline -0.005 -17"><span class='ocrx_word' id='word_1_550' title='bbox 227 4912 378 4986; x_wconf 85' lang='lat' dir='ltr'><strong>lnjungitis</strong></span> <span class='ocrx_word' id='word_1_551' title='bbox 388 4909 461 4966; x_wconf 91' lang='lat' dir='ltr'><strong>mihi</strong></span> <span class='ocrx_word' id='word_1_552' title='bbox 471 4924 542 4980; x_wconf 92' lang='lat' dir='ltr'><strong>opus</strong></span> <span class='ocrx_word' id='word_1_553' title='bbox 552 4924 637 4980; x_wconf 89' lang='lat' dir='ltr'><strong>agere</strong></span> <span class='ocrx_word' id='word_1_554' title='bbox 646 4924 704 4963; x_wconf 93' lang='lat' dir='ltr'>non</span> <span class='ocrx_word' id='word_1_555' title='bbox 718 4908 813 4964; x_wconf 90' lang='lat' dir='ltr'><strong>minus</strong></span> <span class='ocrx_word' id='word_1_556' title='bbox 827 4909 1011 4982; x_wconf 86' lang='lat' dir='ltr'><strong>impossihile,</strong></span> <span class='ocrx_word' id='word_1_557' title='bbox 1026 4909 1159 4984; x_wconf 85' lang='lat' dir='ltr'><strong>quamsit</strong></span> <span class='ocrx_word' id='word_1_558' title='bbox 1171 4909 1260 4982; x_wconf 82' lang='lat' dir='ltr'><strong>digito</strong></span> <span class='ocrx_word' id='word_1_559' title='bbox 1273 4908 1375 4965; x_wconf 88' lang='lat' dir='ltr'><strong>coelum</strong></span> <span class='ocrx_word' id='word_1_560' title='bbox 1388 4913 1515 4979; x_wconf 89' lang='lat' dir='ltr'><strong>tangere,</strong></span> <span class='ocrx_word' id='word_1_561' title='bbox 1524 4906 1670 4962; x_wconf 89' lang='lat' dir='ltr'><strong>scilicetut</strong></span> <span class='ocrx_word' id='word_1_562' title='bbox 1682 4906 1717 4962; x_wconf 93' lang='grc'>66</span> <span class='ocrx_word' id='word_1_563' title='bbox 1727 4905 1786 4962; x_wconf 87' lang='grc'>6116</span> <span class='ocrx_word' id='word_1_564' title='bbox 1794 4923 1872 4962; x_wconf 87' lang='grc'>6666-</span> 
     </span>
     <span class='ocr_line' id='line_1_48' title="bbox 189 4999 1871 5076; baseline -0.005 -14"><span class='ocrx_word' id='word_1_565' title='bbox 189 5005 359 5062; x_wconf 79' lang='grc'>1666661666</span> <span class='ocrx_word' id='word_1_566' title='bbox 372 5000 563 5075; x_wconf 82' lang='lat' dir='ltr'><strong>Radegundis,</strong></span> <span class='ocrx_word' id='word_1_567' title='bbox 575 5015 662 5071; x_wconf 89' lang='lat' dir='ltr'><strong>quem</strong></span> <span class='ocrx_word' id='word_1_568' title='bbox 674 4999 781 5073; x_wconf 90' lang='lat' dir='ltr'><strong>optime</strong></span> <span class='ocrx_word' id='word_1_569' title='bbox 795 5004 892 5074; x_wconf 90' lang='lat' dir='ltr'><strong>nostis,</strong></span> <span class='ocrx_word' id='word_1_570' title='bbox 904 5004 1011 5076; x_wconf 88' lang='lat' dir='ltr'><strong>aliquid</strong></span> <span class='ocrx_word' id='word_1_571' title='bbox 1025 5003 1118 5060; x_wconf 90' lang='lat' dir='ltr'><strong>dicere</strong></span> <span class='ocrx_word' id='word_1_572' title='bbox 1130 5019 1346 5076; x_wconf 77' lang='lat' dir='ltr'><strong>prasumamus.</strong></span> <span class='ocrx_word' id='word_1_573' title='bbox 1357 5002 1410 5058; x_wconf 92' lang='lat' dir='ltr'>Sed</span> <span class='ocrx_word' id='word_1_574' title='bbox 1423 5002 1498 5057; x_wconf 91' lang='lat' dir='ltr'><strong>istud</strong></span> <span class='ocrx_word' id='word_1_575' title='bbox 1513 5001 1568 5056; x_wconf 92' lang='lat' dir='ltr'><strong>illis</strong></span> <span class='ocrx_word' id='word_1_576' title='bbox 1583 5001 1666 5057; x_wconf 92' lang='lat' dir='ltr'><strong>debet</strong></span> <span class='ocrx_word' id='word_1_577' title='bbox 1680 5001 1806 5075; x_wconf 72' lang='lat' dir='ltr'><strong>injungi,</strong></span> <span class='ocrx_word' id='word_1_578' title='bbox 1824 5001 1871 5074; x_wconf 88' lang='grc'>661</span> 
     </span>
     <span class='ocr_line' id='line_1_49' title="bbox 190 5089 1870 5166; baseline -0.002 -18"><span class='ocrx_word' id='word_1_579' title='bbox 190 5094 325 5148; x_wconf 84' lang='lat' dir='ltr'><strong>habentes</strong></span> <span class='ocrx_word' id='word_1_580' title='bbox 337 5093 411 5148; x_wconf 89' lang='lat' dir='ltr'><strong>intra</strong></span> <span class='ocrx_word' id='word_1_581' title='bbox 423 5109 453 5149; x_wconf 91' lang='grc'>66</span> <span class='ocrx_word' id='word_1_582' title='bbox 464 5093 573 5148; x_wconf 87' lang='lat' dir='ltr'><strong>iontem</strong></span> <span class='ocrx_word' id='word_1_583' title='bbox 588 5089 768 5162; x_wconf 80' lang='grc'>6166666116,</span> <span class='ocrx_word' id='word_1_584' title='bbox 781 5090 847 5147; x_wconf 91' lang='grc'>1666</span> <span class='ocrx_word' id='word_1_585' title='bbox 862 5093 873 5115; x_wconf 74' lang='lat'>⁸</span> <span class='ocrx_word' id='word_1_586' title='bbox 886 5093 1022 5166; x_wconf 85' lang='lat' dir='ltr'><strong>quidquid</strong></span> <span class='ocrx_word' id='word_1_587' title='bbox 1037 5093 1091 5149; x_wconf 90' lang='lat' dir='ltr'><strong>illis</strong></span> <span class='ocrx_word' id='word_1_588' title='bbox 1106 5093 1276 5165; x_wconf 85' lang='lat' dir='ltr'><strong>injungitur,</strong></span> <span class='ocrx_word' id='word_1_589' title='bbox 1294 5092 1418 5148; x_wconf 90' lang='lat' dir='ltr'><strong>carmine</strong></span> <span class='ocrx_word' id='word_1_590' title='bbox 1429 5090 1538 5163; x_wconf 89' lang='lat' dir='ltr'><strong>irriguo</strong></span> <span class='ocrx_word' id='word_1_591' title='bbox 1551 5090 1689 5163; x_wconf 89' lang='lat' dir='ltr'><strong>copiosius</strong></span> <span class='ocrx_word' id='word_1_592' title='bbox 1703 5091 1870 5164; x_wconf 84' lang='lat' dir='ltr'><strong>explicatur.</strong></span> 
     </span>
     <span class='ocr_line' id='line_1_50' title="bbox 190 5179 1873 5255; baseline 0.001 -20"><span class='ocrx_word' id='word_1_593' title='bbox 190 5183 294 5237; x_wconf 88' lang='lat' dir='ltr'><strong>Verum</strong></span> <span class='ocrx_word' id='word_1_594' title='bbox 311 5186 424 5237; x_wconf 90' lang='lat' dir='ltr'><strong>econtra</strong></span> <span class='ocrx_word' id='word_1_595' title='bbox 438 5181 602 5255; x_wconf 89' lang='grc'>661666666</span> <span class='ocrx_word' id='word_1_596' title='bbox 616 5183 743 5253; x_wconf 82' lang='lat' dir='ltr'><strong>angustae</strong></span> <span class='ocrx_word' id='word_1_597' title='bbox 758 5179 955 5254; x_wconf 84' lang='lat' dir='ltr'><strong>intelligentiae</strong></span> <span class='ocrx_word' id='word_1_598' title='bbox 969 5186 1045 5254; x_wconf 90' lang='grc'>6661,</span> <span class='ocrx_word' id='word_1_599' title='bbox 1059 5199 1111 5239; x_wconf 91' lang='grc'>666</span> <span class='ocrx_word' id='word_1_600' title='bbox 1124 5183 1230 5238; x_wconf 87' lang='lat' dir='ltr'><strong>habent</strong></span> <span class='ocrx_word' id='word_1_601' title='bbox 1245 5182 1421 5239; x_wconf 82' lang='lat' dir='ltr'><strong>affluentiam</strong></span> <span class='ocrx_word' id='word_1_602' title='bbox 1440 5181 1555 5253; x_wconf 85' lang='lat' dir='ltr'><strong>eloquii,</strong></span> <span class='ocrx_word' id='word_1_603' title='bbox 1577 5196 1629 5252; x_wconf 92' lang='grc'>666</span> <span class='ocrx_word' id='word_1_604' title='bbox 1643 5197 1730 5253; x_wconf 89' lang='lat' dir='ltr'><strong>quam</strong></span> <span class='ocrx_word' id='word_1_605' title='bbox 1746 5181 1790 5237; x_wconf 89' lang='lat' dir='ltr'>vel</span> <span class='ocrx_word' id='word_1_606' title='bbox 1804 5182 1873 5236; x_wconf 86' lang='lat' dir='ltr'><strong>alios</strong></span> 
     </span>
     <span class='ocr_line' id='line_1_51' title="bbox 190 5269 1870 5345; baseline 0 -19"><span class='ocrx_word' id='word_1_607' title='bbox 190 5270 306 5327; x_wconf 88' lang='lat' dir='ltr'><strong>relicere</strong></span> <span class='ocrx_word' id='word_1_608' title='bbox 320 5270 435 5326; x_wconf 81' lang='grc'>661666</span> <span class='ocrx_word' id='word_1_609' title='bbox 449 5271 580 5326; x_wconf 88' lang='lat' dir='ltr'><strong>siccitatis</strong></span> <span class='ocrx_word' id='word_1_610' title='bbox 599 5270 708 5343; x_wconf 91' lang='lat' dir='ltr'><strong>possint</strong></span> <span class='ocrx_word' id='word_1_611' title='bbox 725 5270 854 5343; x_wconf 86' lang='lat' dir='ltr'><strong>inopiam</strong></span> <span class='ocrx_word' id='word_1_612' title='bbox 870 5276 1037 5344; x_wconf 88' lang='lat' dir='ltr'><strong>temperare,</strong></span> <span class='ocrx_word' id='word_1_613' title='bbox 1052 5274 1193 5329; x_wconf 88' lang='grc'>16166666</span> <span class='ocrx_word' id='word_1_614' title='bbox 1209 5273 1301 5329; x_wconf 90' lang='lat' dir='ltr'><strong>solum</strong></span> <span class='ocrx_word' id='word_1_615' title='bbox 1317 5287 1409 5345; x_wconf 89' lang='grc'>66666</span> <span class='ocrx_word' id='word_1_616' title='bbox 1424 5270 1530 5342; x_wconf 88' lang='grc'>6116616</span> <span class='ocrx_word' id='word_1_617' title='bbox 1545 5269 1637 5326; x_wconf 90' lang='grc'>616666</span> <span class='ocrx_word' id='word_1_618' title='bbox 1652 5286 1711 5325; x_wconf 90' lang='grc'>666</span> <span class='ocrx_word' id='word_1_619' title='bbox 1723 5275 1870 5343; x_wconf 87' lang='grc'>66661661,</span> 
     </span>
     <span class='ocr_line' id='line_1_52' title="bbox 188 5359 1869 5434; baseline -0.001 -18"><span class='ocrx_word' id='word_1_620' title='bbox 188 5376 288 5416; x_wconf 90' lang='lat' dir='ltr'><strong>verum</strong></span> <span class='ocrx_word' id='word_1_621' title='bbox 301 5359 397 5425; x_wconf 88' lang='lat' dir='ltr'><strong>etiam,</strong></span> <span class='ocrx_word' id='word_1_622' title='bbox 413 5360 436 5414; x_wconf 90' lang='lat' dir='ltr'>si</span> <span class='ocrx_word' id='word_1_623' title='bbox 450 5360 518 5431; x_wconf 94' lang='grc'>6616</span> <span class='ocrx_word' id='word_1_624' title='bbox 530 5360 570 5415; x_wconf 88' lang='grc'>616</span> <span class='ocrx_word' id='word_1_625' title='bbox 579 5360 739 5432; x_wconf 81' lang='lat' dir='ltr'><strong>injunctum</strong></span> <span class='ocrx_word' id='word_1_626' title='bbox 748 5360 843 5429; x_wconf 84' lang='lat' dir='ltr'><strong>fuerit,</strong></span> <span class='ocrx_word' id='word_1_627' title='bbox 859 5362 1072 5433; x_wconf 89' lang='lat' dir='ltr'><strong>pertimescunt.</strong></span> <span class='ocrx_word' id='word_1_628' title='bbox 1086 5363 1166 5428; x_wconf 82' lang='lat' dir='ltr'><strong>Quod</strong></span> <span class='ocrx_word' id='word_1_629' title='bbox 1179 5363 1210 5418; x_wconf 94' lang='lat' dir='ltr'>in</span> <span class='ocrx_word' id='word_1_630' title='bbox 1222 5378 1270 5417; x_wconf 93' lang='lat' dir='ltr'>me</span> <span class='ocrx_word' id='word_1_631' title='bbox 1279 5377 1510 5434; x_wconf 90' lang='lat' dir='ltr'><strong>egorecognosco</strong></span> <span class='ocrx_word' id='word_1_632' title='bbox 1522 5375 1586 5430; x_wconf 78' lang='grc'>666</span> <span class='ocrx_word' id='word_1_633' title='bbox 1596 5376 1660 5414; x_wconf 90' lang='lat' dir='ltr'>sum</span> <span class='ocrx_word' id='word_1_634' title='bbox 1670 5360 1869 5431; x_wconf 87' lang='lat' dir='ltr'><strong>pusillanimis,</strong></span> 
     </span>
     <span class='ocr_line' id='line_1_53' title="bbox 188 5447 1868 5525; baseline -0.001 -19"><span class='ocrx_word' id='word_1_635' title='bbox 188 5466 308 5524; x_wconf 89' lang='lat' dir='ltr'><strong>pervum</strong></span> <span class='ocrx_word' id='word_1_636' title='bbox 323 5447 429 5503; x_wconf 90' lang='lat' dir='ltr'><strong>habens</strong></span> <span class='ocrx_word' id='word_1_637' title='bbox 442 5448 638 5519; x_wconf 81' lang='lat' dir='ltr'><strong>intelligentiae</strong></span> <span class='ocrx_word' id='word_1_638' title='bbox 653 5450 809 5523; x_wconf 89' lang='lat' dir='ltr'><strong>eloquium,</strong></span> <span class='ocrx_word' id='word_1_639' title='bbox 823 5452 959 5523; x_wconf 89' lang='lat' dir='ltr'><strong>quoniam</strong></span> <span class='ocrx_word' id='word_1_640' title='bbox 974 5455 1114 5523; x_wconf 88' lang='lat' dir='ltr'><strong>quantum</strong></span> <span class='ocrx_word' id='word_1_641' title='bbox 1128 5453 1217 5508; x_wconf 88' lang='lat' dir='ltr'><strong>doctis</strong></span> <span class='ocrx_word' id='word_1_642' title='bbox 1231 5452 1372 5525; x_wconf 89' lang='lat' dir='ltr'><strong>proloqui,</strong></span> <span class='ocrx_word' id='word_1_643' title='bbox 1382 5455 1495 5506; x_wconf 88' lang='lat' dir='ltr'><strong>tantum</strong></span> <span class='ocrx_word' id='word_1_644' title='bbox 1505 5449 1625 5505; x_wconf 91' lang='lat' dir='ltr'><strong>indoctis</strong></span> <span class='ocrx_word' id='word_1_645' title='bbox 1639 5448 1708 5505; x_wconf 91' lang='lat' dir='ltr'><strong>utile</strong></span> <span class='ocrx_word' id='word_1_646' title='bbox 1723 5449 1758 5503; x_wconf 89' lang='lat' dir='ltr'>tit</span> <span class='ocrx_word' id='word_1_647' title='bbox 1768 5453 1868 5504; x_wconf 87' lang='lat' dir='ltr'><strong>tacere.</strong></span> 
     </span>
     <span class='ocr_line' id='line_1_54' title="bbox 188 5537 1869 5615; baseline -0.003 -19"><span class='ocrx_word' id='word_1_648' title='bbox 188 5542 259 5597; x_wconf 89' lang='lat' dir='ltr'>Nam</span> <span class='ocrx_word' id='word_1_649' title='bbox 274 5539 315 5595; x_wconf 91' lang='lat' dir='ltr'><strong>illi</strong></span> <span class='ocrx_word' id='word_1_650' title='bbox 330 5538 365 5595; x_wconf 94' lang='lat' dir='ltr'>de</span> <span class='ocrx_word' id='word_1_651' title='bbox 379 5537 472 5611; x_wconf 85' lang='lat' dir='ltr'><strong>parvis</strong></span> <span class='ocrx_word' id='word_1_652' title='bbox 486 5537 580 5592; x_wconf 88' lang='lat' dir='ltr'><strong>sciunt</strong></span> <span class='ocrx_word' id='word_1_653' title='bbox 597 5555 702 5611; x_wconf 85' lang='lat' dir='ltr'><strong>magna</strong></span> <span class='ocrx_word' id='word_1_654' title='bbox 720 5541 871 5609; x_wconf 90' lang='lat' dir='ltr'><strong>disserere,</strong></span> <span class='ocrx_word' id='word_1_655' title='bbox 886 5540 931 5597; x_wconf 90' lang='lat' dir='ltr'><strong>isti</strong></span> <span class='ocrx_word' id='word_1_656' title='bbox 947 5541 981 5597; x_wconf 91' lang='grc'>66</span> <span class='ocrx_word' id='word_1_657' title='bbox 1001 5558 1106 5614; x_wconf 87' lang='lat' dir='ltr'><strong>magna</strong></span> <span class='ocrx_word' id='word_1_658' title='bbox 1122 5544 1252 5599; x_wconf 89' lang='grc'>66661661</span> <span class='ocrx_word' id='word_1_659' title='bbox 1271 5559 1356 5615; x_wconf 88' lang='grc'>66666</span> <span class='ocrx_word' id='word_1_660' title='bbox 1374 5541 1500 5613; x_wconf 88' lang='grc'>66616666</span> <span class='ocrx_word' id='word_1_661' title='bbox 1515 5556 1521 5595; x_wconf 94' lang='lat'><strong>:</strong></span> <span class='ocrx_word' id='word_1_662' title='bbox 1539 5541 1568 5594; x_wconf 91' lang='lat' dir='ltr'>et</span> <span class='ocrx_word' id='word_1_663' title='bbox 1586 5538 1649 5596; x_wconf 91' lang='grc'>1666</span> <span class='ocrx_word' id='word_1_664' title='bbox 1669 5538 1747 5612; x_wconf 88' lang='lat' dir='ltr'><strong>quod</strong></span> <span class='ocrx_word' id='word_1_665' title='bbox 1762 5538 1797 5595; x_wconf 84' lang='lat' dir='ltr'>ab</span> <span class='ocrx_word' id='word_1_666' title='bbox 1811 5537 1869 5593; x_wconf 88' lang='grc'>61116</span> 
     </span>
     <span class='ocr_line' id='line_1_55' title="bbox 187 5625 655 5703; baseline -0.009 -18"><span class='ocrx_word' id='word_1_667' title='bbox 187 5631 336 5703; x_wconf 80' lang='lat' dir='ltr'><strong>quaeritur,</strong></span> <span class='ocrx_word' id='word_1_668' title='bbox 352 5628 387 5685; x_wconf 91' lang='lat' dir='ltr'>eb</span> <span class='ocrx_word' id='word_1_669' title='bbox 401 5626 463 5683; x_wconf 87' lang='lat' dir='ltr'><strong>aliis</strong></span> <span class='ocrx_word' id='word_1_670' title='bbox 478 5625 655 5683; x_wconf 85' lang='lat' dir='ltr'><strong>formidetur.</strong></span> 
     </span>
    </p>
   </div>
   <div class='ocr_carea' id='block_1_13' title="bbox 219 5771 1135 5843">
    <p class='ocr_par' dir='ltr' id='par_1_17' title="bbox 219 5771 1135 5843">
     <span class='ocr_line' id='line_1_56' title="bbox 219 5771 1135 5843; baseline 0.003 -19"><span class='ocrx_word' id='word_1_671' title='bbox 219 5775 230 5801; x_wconf 73' lang='lat'>⁸</span> <span class='ocrx_word' id='word_1_672' title='bbox 243 5775 318 5827; x_wconf 76' lang='lat' dir='ltr'><strong>Forte</strong></span> <span class='ocrx_word' id='word_1_673' title='bbox 331 5773 483 5842; x_wconf 86' lang='lat' dir='ltr'><strong>legendum,</strong></span> <span class='ocrx_word' id='word_1_674' title='bbox 496 5773 545 5841; x_wconf 84' lang='grc'>661</span> <span class='ocrx_word' id='word_1_675' title='bbox 557 5771 683 5827; x_wconf 82' lang='lat' dir='ltr'><strong>tabent...</strong></span> <span class='ocrx_word' id='word_1_676' title='bbox 697 5773 795 5838; x_wconf 74' lang='lat' dir='ltr'><strong>sontem</strong></span> <span class='ocrx_word' id='word_1_677' title='bbox 807 5775 960 5843; x_wconf 80' lang='grc'>6166666116</span> <span class='ocrx_word' id='word_1_678' title='bbox 973 5777 1050 5830; x_wconf 85' lang='grc'>6666.</span> <span class='ocrx_word' id='word_1_679' title='bbox 1064 5777 1135 5832; x_wconf 76' lang='lat' dir='ltr'><strong>Eois.</strong></span> 
     </span>
    </p>
   </div>
   <div class='ocr_carea' id='block_1_14' title="bbox 0 0 1946 6150">
    <p class='ocr_par' dir='ltr' id='par_1_18' title="bbox 0 0 1946 6150">
     <span class='ocr_line' id='line_1_57' title="bbox 0 0 1946 6150; baseline 0 0"><span class='ocrx_word' id='word_1_680' title='bbox 0 0 1946 6150; x_wconf 95' lang='lat' dir='ltr'> </span> 
     </span>
    </p>
   </div>
  </div>
 </body>
</html>
