3884 6150
123 338 171 410 tei
520 323 1011 398 irremnaoorsmsnvcrv
1030 294 1413 387 omnirvrsmsrmsts.

161 462 295 518 Constans
310 455 339 512 in
354 455 402 513 Dei
415 455 515 511 timore

123 554 158 610 Et
169 551 224 607 fide
237 547 381 604 inmobilis

125 642 214 713 Super
226 655 290 711 quae
305 636 468 707 aediiicatur,

124 733 159 786 Dt
170 731 286 785 Petrum
299 725 421 782 Ecclesia

124 819 265 893 Cujusque
274 816 464 889 apostolatum

123 914 144 966 A
159 911 215 965 Deo
227 909 344 964 sortitus
357 914 409 977 cst,

123 1002 155 1054 ln
168 1000 248 1070 cujus
260 1003 349 1071 portae
363 997 512 1053 adversum

125 1088 230 1144 Inferni
243 1104 301 1155 non
314 1087 478 1159 praevalent.

158 1206 296 1262 Dominus
308 1205 390 1259 illum
403 1203 488 1275 elegit

124 1297 160 1354 ut
171 1298 284 1352 doceret
292 1295 428 1351 barbaras

123 1388 265 1456 Nationes,
282 1391 311 1441 et
321 1386 442 1459 piscaret

42 1477 47 1486 “
124 1482 177 1537 Per
191 1475 326 1534 doctrine
341 1476 421 1546 retia,

125 1573 160 1627 Et
172 1570 207 1625 de
220 1568 322 1624 saeculo
336 1567 483 1623 credentes

124 1660 260 1717 Traheret
270 1659 307 1715 ad
318 1658 438 1731 gratiam

123 1751 278 1807 Dominum
292 1748 341 1822 qui
355 1749 541 1820 sequerentur

124 1841 225 1898 Sedem
239 1839 274 1895 ad
287 1838 451 1894 aetheream.

159 1958 253 2013 Electa
264 1954 367 2012 Christi
376 1954 482 2010 talenta

40 2057 43 2063 '
123 2046 225 2103 Vendit
236 2044 411 2117 euangelica,

124 2138 193 2202 Qua
206 2136 342 2192 Hibernas
359 2135 434 2190 inter
447 2135 545 2206 gentes

124 2227 196 2282 Cum
209 2225 303 2280 usuris
316 2224 414 2296 exigit,

124 2314 247 2386 Navigiis
259 2314 344 2385 hvijue
357 2314 460 2371 laboris

124 2407 197 2463 Tum
209 2421 302 2479 operae
316 2403 439 2478 pretium

124 2500 196 2554 Cum
209 2497 321 2553 Christo
335 2498 418 2569 regni
431 2495 548 2553 coelestis

124 2589 304 2644 Possessurus
316 2587 462 2659 gaudium.

161 2704 263 2761 Fidelis
276 2703 326 2761 Dei
337 2703 479 2773 minister,

125 2795 304 2868 hisignisque
316 2795 434 2851 nundus

125 2884 322 2956 Apostolioum
334 2884 511 2955 exemplum,

126 2973 315 3046 Formamque
327 2973 436 3046 praebet
448 2972 541 3040 honis,

127 3062 180 3126 Qui
195 3067 254 3118 tam
268 3062 360 3118 verbis
374 3080 461 3135 qnam
473 3067 502 3119 et
513 3062 593 3119 lactis

127 3152 206 3208 Plebi
220 3153 357 3225 praedicat
370 3154 431 3222 Dei,

33 3296 36 3301 .
128 3245 163 3300 Ut
175 3260 262 3316 quem
276 3243 357 3300 dictis
366 3261 425 3300 non
439 3244 576 3300 convertit

128 3333 232 3389 Fracto
244 3339 379 3407 provocet
389 3335 473 3391 bono.

163 3451 287 3507 Gloriam
301 3450 389 3509 habet
399 3469 465 3509 com
477 3451 599 3521 Christo,

130 3544 274 3600 Honorem
287 3544 317 3599 in
329 3545 431 3601 soeculo

130 3633 184 3697 Qui
197 3633 231 3688 ab
244 3633 386 3702 omnihus,
402 3639 435 3689 ut
448 3635 497 3689 Dei

132 3723 291 3778 veneratur
304 3724 422 3795 angelus

133 3813 223 3878 Quem
235 3813 308 3867 Deus
320 3813 398 3868 misit
408 3817 441 3870 ut
454 3813 573 3869 Paulum

132 3903 176 3959 rtd
190 3908 287 3975 gentes
300 3905 468 3975 apostolum,

134 3993 169 4049 Ut
183 3992 348 4049 hominibus
361 3994 495 4050 ducatum

135 4083 278 4140 Preberet
291 4098 380 4156 regno
394 4084 455 4140 Dei.

171 4205 290 4263 Humilis
304 4207 354 4262 Dei
367 4207 402 4262 ob
420 4211 529 4265 metum

136 4297 243 4371 Spiritu
255 4302 284 4354 et
292 4313 421 4371 corpore,

136 4389 228 4462 Super
240 4406 327 4461 quem
340 4390 449 4446 bonum
461 4388 498 4446 ob
507 4393 602 4446 actum

137 4480 298 4552 Requiescit
312 4481 459 4552 Dominus,

140 4569 282 4641 Cujusque
293 4571 371 4642 J‘usta
385 4572 415 4626 in
430 4588 513 4628 carne

141 4656 243 4714 Christi
257 4665 351 4730 portat
361 4661 503 4734 stigmata,

164 4764 176 4814 t
188 4755 268 4827 cuius
282 4751 340 4807 sola
352 4756 513 4808 sustentans

143 4849 283 4906 Gloriatur
295 4843 327 4898 in
339 4857 431 4898 cruce.

178 4966 303 5040 impiger
315 4961 460 5018 credentes
473 4960 562 5032 pascit

144 5055 268 5131 Dspibus
278 5051 436 5109 caelestibus

143 5149 183 5203 Ne
197 5146 247 5219 qui
259 5143 391 5199 videntur
403 5159 469 5198 cum
481 5141 590 5198 Christo

145 5241 177 5296 ln
188 5237 234 5295 via
246 5235 386 5305 deficiant,

146 5327 252 5394 Quibus
266 5329 364 5397 erogat
377 5328 409 5379 ut
421 5339 508 5396 panes

145 5418 237 5476 Verba
249 5414 421 5486 euangelica,

145 5513 180 5568 Et
192 5509 273 5581 cujus
284 5504 509 5578 multiplicantur

47 5650 56 5672 ,
148 5605 183 5659 Ut
195 5615 299 5657 manna
312 5596 341 5651 in
357 5595 496 5652 manibus.

185 5727 296 5780 liastam
310 5721 357 5793 qui
371 5719 493 5775 custodit
505 5731 619 5773 carnem

149 5817 191 5873 Db
203 5828 329 5869 amorem
344 5811 466 5880 Domini,

709 450 866 517 Sancteque
878 439 1005 515 Spiritui,

707 543 729 595 Α
743 554 799 610 quo
814 535 974 590 constanter
988 544 1053 583 cum
1067 525 1182 582 mundis

709 626 869 685 Possidetur
878 621 996 687 actibus,

707 720 797 784 Quam
807 719 836 771 et
845 712 966 769 hostiam
978 709 1136 783 placentem

707 807 804 863 Vivam
818 803 900 860 oiiert
913 800 1042 856 Domino.

743 928 908 996 lumenque
921 922 1021 977 mundi
1034 934 1184 975 accensum

709 1020 811 1089 lugens
823 1014 1031 1087 euangelicum,

710 1108 742 1162 ln
756 1104 921 1161 candelabro
932 1106 1056 1159 levatum

710 1198 779 1251 Toto
791 1196 904 1268 fsrlgens
916 1195 1029 1267 seculo,

709 1286 782 1342 Civis
793 1285 869 1357 regis
880 1282 991 1341 munita

710 1376 800 1447 Supra
812 1378 939 1431 montem
953 1373 1054 1447 posita,

710 1465 794 1535 Copia
806 1465 836 1519 in
850 1481 906 1537 qua
919 1469 962 1520 est
975 1463 1074 1533 multa,

709 1554 800 1617 Quam
812 1553 948 1609 Dominus
961 1553 1093 1626 possidet.

745 1675 881 1731 Maximus
894 1691 1018 1749 namque
1030 1677 1060 1731 in
1074 1691 1163 1748 regno

710 1764 852 1821 Celerum
863 1765 1017 1836 vocabitur,

710 1855 763 1920 Qui
775 1856 850 1927 quod
862 1855 954 1911 verbis
968 1855 1049 1912 docet
1061 1855 1155 1924 sacris,

711 1946 802 2002 Factis
814 1947 952 2018 adimplet
962 1946 1056 2016 bonis,

711 2038 788 2093 Bono
801 2037 937 2110 praecedit
949 2038 1091 2111 exemplo,

711 2129 898 2201 Formamque
909 2126 1037 2185 fidelium

710 2218 869 2290 blandoque
878 2217 910 2273 in
922 2218 1005 2274 corde
1019 2218 1105 2274 habet

711 2308 752 2363 Ad
764 2309 854 2364 Deum
862 2306 1006 2365 fiduciam.

747 2429 856 2484 Nomen
867 2428 916 2484 Dei
928 2430 1066 2486 audenter

711 2518 866 2574 Adnuntiat
880 2519 1022 2591 gentibus,

710 2608 817 2674 Quibus
828 2609 945 2664 lavacris
956 2610 1053 2665 salutis

712 2701 854 2755 AEtemam
872 2700 921 2755 dat
936 2700 1068 2771 gratiam,

712 2792 765 2845 Pro
777 2806 899 2863 quorum
913 2795 977 2847 orat
989 2791 1099 2847 delictis

712 2880 753 2936 Ad
767 2881 856 2936 Deum
870 2881 984 2951 cotidie,

712 2972 766 3027 Pro
778 2971 881 3042 quibus
892 2975 924 3026 ut
937 2972 994 3026 Deo
1007 2971 1106 3044 dignas

715 3061 901 3134 immolatque
912 3060 1029 3117 hostias.

749 3183 869 3238 Omnem
881 3200 932 3255 pro
946 3183 1041 3239 divina
1055 3184 1118 3257 lege

714 3272 809 3330 Mundi
822 3273 930 3344 spernit
943 3274 1073 3346 gloriam,

714 3363 768 3428 Qui
779 3367 880 3418 cuncta
893 3364 930 3419 ad
943 3364 1024 3436 cujus
1043 3379 1172 3420 mensam

716 3453 844 3510 AEstimat
852 3454 1012 3527 quisquilia,

715 3545 771 3599 Nec
782 3544 929 3616 ingruenti
941 3548 1072 3600 movetur

716 3634 810 3691 llundi
822 3634 906 3706 hujus
918 3635 1048 3705 fulmine,

718 3724 771 3782 Sed
786 3725 816 3780 in
828 3725 952 3781 adversis
963 3725 1085 3794 laetatur,

718 3814 789 3871 Cum
800 3830 852 3886 pro
866 3814 976 3872 Christo
988 3815 1105 3888 patitur.

754 3939 850 3993 Pastor
861 3936 954 3992 bonus
969 3941 997 3993 et
1009 3935 1099 3992 tidelis

719 4027 816 4098 Gregis
829 4025 998 4100 euangelici,

720 4120 810 4184 Quem
822 4118 895 4174 Deus
912 4118 961 4174 Dei
976 4117 1061 4189 elegit

720 4207 867 4265 Custodiro
881 4207 1030 4281 populum,

721 4300 862 4372 suamque
875 4314 988 4372 pascere
1003 4295 1118 4370 plebem

722 4389 827 4447 Divinis
838 4389 1026 4463 dogmatibus.

722 4483 776 4538 Pro
790 4496 846 4553 qua
857 4481 893 4536 ad
907 4479 1012 4537 Christi
1023 4476 1186 4548 exemplum

724 4572 809 4630 Suam
821 4571 907 4627 tradit
918 4570 1055 4626 animam.

760 4695 850 4759 Quem
862 4709 914 4766 pro
928 4692 1036 4748 meritis
1050 4690 1177 4748 Salvator

725 4784 855 4842 Proverit
866 4783 1039 4856 pontificem,

727 4878 762 4933 Ut
773 4875 804 4931 in
817 4873 925 4931 coelesti
936 4878 1065 4930 moneret

727 4966 847 5022 Clericm
861 4964 973 5035 militia,

728 5057 876 5113 Caelestem
889 5056 993 5129 quibus
1006 5070 1148 5112 annonam

729 5149 832 5220 Erogat
844 5163 910 5202 cum
920 5147 1051 5215 restibus,

729 5238 809 5303 Quod
821 5236 851 5292 in
864 5236 967 5293 divinis
979 5237 1126 5310 impletur,

731 5328 878 5400 Sacrisque
891 5327 1032 5384 sitatibus.

766 5452 850 5525 Regis
862 5451 978 5508 nuntius
992 5450 1115 5507 invitans

731 5543 881 5600 Credentes
892 5542 927 5598 ad
941 5541 1052 5613 nuptias

731 5635 783 5700 Qui
795 5638 913 5690 ornatur
925 5632 1092 5688 vestimento

732 5724 853 5797 Nuptiali
865 5723 999 5792 indutus,

732 5814 785 5878 Qui
797 5814 909 5870 coeleste
921 5813 1017 5869 haurit
1029 5812 1128 5869 vinum

139 5908 231 5983 piram
244 5919 361 5961 carriem
374 5900 516 5976 templum
529 5900 637 5975 paravit
733 5903 764 5959 ln
779 5903 853 5961 vasis
865 5903 1032 5979 coelestibus,

1275 424 1489 496 Propinansque
1502 416 1554 474 Dei
1566 413 1682 489 plebem

1275 512 1405 588 Spiritale
1421 509 1566 582 poculum.

1311 641 1426 696 Sacrum
1440 635 1549 692 invenit
1563 632 1732 688 thesaurum

1277 731 1365 786 Sacro
1378 730 1409 784 in
1420 725 1574 792 volumine,

1277 818 1482 890 salvatorisque
1496 816 1526 870 in
1539 827 1625 868 carne
1641 877 1644 883 ¹

1276 910 1414 966 Deitatem
1427 905 1564 979 pervidet,

1276 1003 1365 1067 Quem
1377 1001 1546 1056 thesaurum
1562 991 1634 1050 emit
1646 988 1747 1046 sanctis

1276 1092 1465 1164 Perfectisque
1475 1086 1594 1155 meritis,

1278 1183 1382 1240 Israhel
1396 1183 1513 1236 vocatur
1524 1176 1612 1248 hujus

1277 1275 1378 1332 anima
1390 1272 1487 1328 videns
1499 1269 1600 1324 Deum.

1313 1413 1401 1469 Testis
1411 1406 1523 1467 Domini
1534 1402 1628 1460 tidelis

1278 1504 1386 1576 lnlege
1399 1498 1547 1561 catholica,

1279 1596 1365 1666 Cujus
1380 1591 1466 1648 verba
1478 1591 1545 1644 sunt
1558 1581 1661 1640 divinis

1279 1683 1405 1743 Candida
1416 1677 1547 1746 oraculis,

1280 1779 1319 1833 Ne
1332 1776 1465 1831 humanae
1480 1769 1582 1842 putent
1593 1776 1692 1820 cemes

1279 1870 1410 1940 AEsseque
1420 1881 1437 1918 a
1446 1859 1604 1923 vermibus,

1280 1959 1335 2017 Sed
1348 1954 1453 2013 caelesti
1466 1953 1607 2008 alleantur

1280 2052 1385 2124 Sapore
1399 2047 1434 2103 ad
1448 2043 1604 2101 victimam.

1316 2178 1404 2232 Verus
1416 2171 1507 2227 cultor
1520 2171 1548 2224 et
1561 2161 1681 2235 insignis

1279 2265 1349 2338 Agri
1361 2258 1532 2333 euangelici,

1280 2358 1367 2429 Cujus
1378 2352 1485 2411 semina
1497 2348 1633 2405 videntur

1281 2447 1387 2506 Christi
1399 2440 1559 2514 euangelia,

1280 2542 1349 2605 Quae
1362 2536 1457 2594 divino
1470 2532 1539 2588 serit
1552 2543 1603 2584 ore

1281 2635 1312 2687 ln
1325 2645 1408 2686 aures
1421 2620 1624 2698 pmdentium‚

1281 2724 1409 2788 Quorum
1422 2730 1536 2788 quoque
1548 2709 1634 2768 corda
1647 2721 1677 2762 ac
1688 2702 1767 2760 mente

1282 2815 1382 2870 Sancto
1393 2812 1455 2865 arat
1469 2804 1588 2879 Spiritu.

1318 2950 1445 3007 Christus
1458 2944 1538 3000 illum
1552 2939 1606 2996 sibi
1619 2935 1696 3007 elegit

1282 3044 1314 3099 ln
1331 3037 1413 3097 terris
1425 3033 1574 3102 vicarium,
1660 3053 1663 3058 ·

1282 3132 1336 3197 Qui
1351 3129 1385 3186 de
1399 3125 1513 3201 gemino
1527 3119 1651 3194 captivos

1282 3221 1398 3277 Liberat
1413 3213 1536 3283 servitio,

1283 3311 1436 3381 Plerosque
1448 3307 1482 3362 de
1497 3301 1633 3359 servitute

1282 3407 1358 3470 Quos
1376 3400 1497 3458 redemit
1508 3395 1667 3462 hominum,

1284 3498 1452 3551 Innumeros
1464 3490 1499 3545 de
1511 3485 1609 3542 Zabuli

1285 3583 1409 3642 Absolvit
1419 3577 1554 3637 dominio.

1319 3721 1447 3792 Hymnos
1459 3729 1525 3770 cum
1540 3703 1699 3784 Apocalypsi

1286 3811 1466 3881 Psalmosque
1480 3807 1574 3861 motat
1586 3801 1645 3871 Dei,

1286 3906 1416 3972 Quosque
1429 3897 1466 3953 ad
1478 3892 1674 3951 edificandum

1287 3993 1337 4048 Dei
1346 3992 1449 4045 tractat
1461 3986 1611 4060 populum,

1286 4083 1378 4148 Quam
1390 4079 1484 4150 legem
1498 4075 1529 4130 in
1543 4072 1674 4130 Trinitate

1288 4172 1364 4229 Sacri
1376 4165 1611 4233 creditnominis,

1288 4261 1444 4331 tribusque
1457 4255 1587 4328 personis
1597 4268 1680 4309 unam

1289 4353 1429 4422 Docetque
1442 4344 1641 4403 substantiam.

1325 4490 1399 4543 Zona
1411 4483 1525 4541 Domini
1538 4480 1699 4554 preclaros

1290 4577 1394 4635 Diebus
1406 4592 1438 4632 ac
1452 4573 1593 4643 noctibus,

1292 4669 1358 4726 Sine
1370 4664 1581 4723 intermissione

1292 4761 1382 4816 Deum
1394 4760 1456 4813 orat
1469 4753 1635 4824 Dominum,

1293 4850 1380 4922 Cujus
1391 4846 1517 4920 ingentis
1531 4843 1636 4899 laboris

1293 4943 1480 5013 Percepturus
1493 4935 1647 5008 premium

1295 5033 1367 5088 Cum
1378 5027 1511 5101 apostolis
1524 5023 1656 5097 regnabit

1295 5122 1415 5180 Sanctus
1427 5133 1514 5191 super
1527 5114 1644 5172 lsrahel.

1331 5262 1465 5321 Patricius
1478 5259 1627 5332 episcopus

1297 5357 1364 5413 Oret
1376 5369 1428 5426 pro
1439 5348 1522 5406 nobis
1535 5345 1675 5412 omnibus,

1297 5447 1332 5502 ut
1344 5443 1490 5500 deleantur
1501 5437 1632 5511 protinus

1296 5538 1412 5594 Peccata
1424 5548 1488 5605 quse
1501 5526 1698 5586 commisimus.

1297 5622 1517 5683 Patriciilaudes

1298 5718 1415 5788 Semper
1428 5713 1564 5782 dicamus,

1297 5810 1332 5864 Dt
1344 5822 1395 5862 nos
1405 5819 1471 5861 cum
1483 5801 1533 5859 illo

1297 5898 1414 5971 Semper
1424 5894 1563 5955 vivamus.
