3878 6150
134 254 183 308 hbl
626 257 753 313 SANCTA
772 256 993 327 RADEGUNDIS,
1013 258 1143 318 REGINA
1162 252 1326 316 FRANCIAE.
1589 210 1596 223 Ι
1686 288 1697 309 ·
1766 268 1817 322 652

133 381 221 436 quam
234 366 393 420 hunulfum
405 365 557 421 diaconum
571 366 707 438 perticere
718 369 894 425 unanimiter
906 387 948 425 ro
959 382 989 455 Α
999 370 1108 442 psalmo
1120 371 1272 427 centesimo
1289 375 1385 427 octavo
1404 372 1482 428 tude
1501 373 1635 444 mutavit3
1650 378 1679 430 et
1689 391 1817 447 praeseus

134 458 262 530 gerimus
276 459 515 527 conscribendam,
530 465 623 516 vestro
633 479 797 534 quaesumus
810 469 841 519 ut
854 465 948 520 sume·
998 464 1101 536 pagina
1120 470 1234 522 maneat
1251 464 1425 537 inconvulsa,
1449 484 1536 540 quem
1555 485 1607 541 pro
1626 468 1668 524 rei
1680 467 1815 525 firmitate

132 558 181 608 tur
191 552 293 608 robore
308 571 315 607 :
331 558 361 607 ut
379 551 535 626 [quidquid
547 570 599 611 nos
613 555 621 626 ]
635 573 686 627 per
698 556 772 611 hanc
784 557 947 628 paginolam
997 575 1085 613 mauu
1105 560 1219 631 propria
1242 559 1410 631 subscripsi,
1431 563 1459 616 et
1486 562 1607 617 dominis
1627 566 1656 617 et
1680 562 1815 618 fratribus

132 646 291 702 donationis
305 650 413 701 constat
426 647 578 719 delegasse,
593 655 753 721 noncupata
770 650 883 706 basilica
896 651 947 705 ba·
995 652 1066 707 meis
1079 652 1265 708 muniendam
1279 653 1385 726 rogavi.
1400 656 1501 709 Actum
1519 655 1549 710 in
1572 655 1762 711 cenomanica
1772 657 1812 712 ci·

131 741 205 807 beat,
219 744 322 807 teneat,
341 741 493 812 possideat,
511 741 598 816 [nec]
614 744 775 815 quicunque
790 743 845 798 loci
862 745 947 815 hujus
995 745 1089 815 vitate,
1104 763 1179 802 anno
1199 746 1350 802 undecimo
1363 747 1445 820 regni
1457 748 1554 804 domni
1562 749 1651 806 nostri
1663 749 1814 822 Chilpcrici

133 833 299 906 dignitatem
323 835 490 907 perceperit,
509 835 575 907 jure
596 836 777 892 hereditario
798 842 948 909 perpetue·
995 840 1080 912 regis,
1096 840 1188 911 pridie
1206 841 1298 896 Nonas
1310 841 1410 896 Martii.

132 928 319 983 litersibimet
338 928 461 984 vindicet
482 930 693 1001 possidendum.
704 930 732 987 Si
744 931 802 985 ullo
819 948 946 1003 nuquam
1031 934 1187 988 llomnolns
1206 934 1353 1006 episcopus
1371 934 1545 1006 subscripsit.
1566 935 1724 992 Germanus
1738 940 1810 1010 epis·

132 1028 271 1094 tempore,
292 1028 342 1077 aut
361 1023 488 1094 pontifex
509 1023 635 1094 civitatis,
657 1028 706 1080 aut
726 1025 858 1096 quaelibet
878 1042 944 1098 per·
995 1043 1081 1098 copus
1099 1032 1216 1098 rogante
1234 1028 1308 1084 clero
1327 1027 1499 1100 subscripsit.
1516 1029 1664 1086 lodoveus
1682 1031 1808 1104 audega-

132 1132 210 1187 sona,
224 1133 241 1171 a
254 1116 334 1171 nobis
348 1115 450 1172 donata
462 1119 506 1172 vel
517 1118 621 1173 tradita
636 1119 670 1174 de
690 1118 882 1175 dominatione
893 1118 944 1174 ba·
995 1136 1095 1176 vorum
1116 1120 1265 1192 episcopus
1283 1125 1401 1193 rogante
1420 1122 1556 1177 Domnulo
1576 1124 1727 1197 episcopus
1745 1126 1808 1181 sub-

131 1210 214 1266 sihcae
234 1211 320 1281 hujus
339 1211 501 1267 abstrahere
523 1211 652 1282 voluerit,
678 1213 805 1269 incurrat
827 1214 944 1280 maledi·
995 1214 1114 1285 scripsit.
1136 1214 1284 1269 leodulfus
1304 1214 1451 1286 presbyter
1474 1215 1648 1288 subscripsit.
1673 1218 1810 1273 hunulfus

130 1304 237 1359 tionem
268 1321 321 1375 pro
349 1304 555 1373 benedictione,
580 1310 609 1360 et
631 1307 743 1361 Domini
767 1308 857 1363 nostri
880 1309 946 1363 lesu
994 1307 1141 1379 presbyter
1167 1306 1340 1380 subscripsit.
1371 1307 1539 1364 leodericus
1570 1309 1722 1382 presbyter
1745 1311 1808 1366 sub·

85 1411 86 1414 ’
131 1398 243 1468 Christi,
258 1402 286 1453 et
298 1403 400 1454 sauctae
411 1399 504 1455 blariae
518 1416 630 1471 semper
646 1399 773 1472 virginis,
789 1405 818 1456 et
834 1405 944 1457 saneto·
994 1400 1115 1471 scripsit.
1129 1399 1265 1456 Dinanius
1293 1400 1441 1473 presbyter
1471 1401 1647 1474 subscripsit.
1680 1403 1809 1460 Drsntius

129 1507 196 1546 rum
221 1493 429 1564 apostolorum,
455 1494 499 1549 vel
528 1494 657 1549 omnium
681 1499 844 1550 sanctorum
868 1511 944 1549 mar·
994 1493 1140 1566 presbyter
1176 1494 1350 1567 subscripsit.
1381 1493 1537 1566 lnjuriosus
1562 1496 1715 1568 presbyter
1749 1498 1808 1553 sub

130 1592 237 1659 tyrum,
263 1587 457 1642 confessorum
482 1591 565 1659 atque
586 1587 741 1659 virginum,
758 1588 884 1644 incurrat
901 1589 943 1644 of·
994 1587 1112 1659 scripsit.
1140 1587 1270 1644 Meterius
1297 1587 1444 1660 presbyter
1475 1588 1652 1660 subscripsit.
1689 1590 1808 1646 Cennius

130 1681 257 1751 feusam3
283 1686 312 1737 et
337 1681 466 1736 voluntas
492 1687 589 1738 nostra
613 1682 767 1754 perpetim,
793 1683 944 1739 anxihante
994 1681 1128 1737 diaconus
1142 1681 1317 1753 subscripsit.
1331 1681 1616 1737 ltomulusdiacouus
1634 1682 1806 1756 subscripsit.

131 1775 261 1844 Domino,
284 1775 374 1847 capiat
397 1775 570 1831 firmitatem.
596 1777 652 1830 lloc
672 1762 748 1848 ergo⁴
761 1754 983 1833 inserendumB
995 1774 1116 1830 Ilatdeus
1137 1774 1273 1830 diaconus
1287 1774 1463 1847 subscripsit.
1483 1775 1665 1832 Seunouteus
1677 1776 1807 1833 diaconus

129 1868 237 1940 rogavi,
253 1874 284 1925 ut
307 1869 357 1942 qui
378 1869 516 1925 voluntati
535 1886 607 1926 meae
624 1869 721 1925 obvius
738 1886 797 1926 esse
814 1870 943 1939 voluerit,
995 1868 1169 1941 subscripsit.
1184 1870 1256 1925 Noso
1266 1868 1400 1925 diaconus
1411 1869 1587 1942 subscripsit.

129 1963 357 2020 maledictionem
375 1962 452 2018 illam
472 1968 633 2032 concrurat,
654 1980 739 2038 quam
761 1963 945 2037 prophetain

769 2285 852 2331 Anno
874 2285 982 2332 DOMINI
1005 2285 1172 2332 ntxxxvu.

301 2403 755 2611 SANCTA
848 2402 1635 2608 RADEGUNDIS

654 2681 911 2794 REGINA
947 2680 1279 2792 FRANCIAE.

260 2983 630 3115 SANCTAE
661 2981 1261 3115 RADEGUNDIS
1317 2979 1676 3109 REGINAE

603 3356 793 3439 DUOBUS
842 3356 999 3437 LIBRIS
1044 3357 1320 3440 COMPOSITA.

747 3486 1195 3525 ...ψ-

385 3786 568 3856 AUCTORE
589 3789 790 3856 VENANTIO
811 3788 1048 3856 FORTUNATO
1071 3788 1259 3857 EPISCOPO
1280 3788 1541 3856 PICTAVIENSI.

225 3919 280 3982 Ad
291 3936 368 3982 nass.
386 3917 466 3984 Cod.
484 3918 521 3982 S.
541 3917 701 3992 Genuam
712 3918 881 3983 Pratcnsis
903 3924 934 3980 et
953 3917 1147 3984 (tenolienses
1160 3919 1361 3983 monasterii.
1378 3925 1409 3981 et
1428 3918 1469 3983 D.
1486 3916 1693 3984 d'Herouuat.

816 4148 1044 4278 prologos.

160 4322 185 4374 l.
201 4315 398 4389 Redemptoris
410 4314 501 4371 nostri
512 4317 625 4370 tantum
647 4312 723 4369 dives
736 4318 778 4370 est
790 4315 915 4388 largitas,
935 4320 968 4372 ut
982 4316 1013 4371 in
1031 4331 1100 4372 sexu
1111 4312 1244 4370 muliebri
1256 4313 1379 4369 celebret
1390 4312 1476 4368 fortes
1489 4308 1629 4381 victorias,
1641 4312 1669 4367 st
1680 4320 1759 4378 urpon
1820 4293 1840 4346 ἕ

124 4416 280 4489 fragiliores
293 4416 367 4488 ipsas
385 4415 484 4471 reddet
502 4414 621 4470 reminas
634 4413 738 4470 rirtme
752 4414 857 4470 mensis
867 4415 979 4487 inclytae
1001 4415 1145 4487 gloriosas.
1165 4413 1240 4478 Quas
1258 4411 1396 4469 habentes
1414 4410 1556 4467 nascendo
1569 4409 1702 4467 mollitiem
1715 4403 1758 4458 istil
1818 4386 1840 4436 ἓ

124 4517 251 4572 Christus
261 4516 390 4572 robustas
402 4532 437 4571 ex
448 4516 504 4570 fide
520 4533 527 4570 z
540 4518 573 4571 ut
585 4531 650 4587 quae
663 4514 795 4570 videntur
806 4515 968 4586 Imbecilles,
981 4517 1050 4572 dum
1070 4519 1241 4571 coronantur
1250 4530 1285 4569 ex
1298 4512 1417 4584 meritis,
1433 4528 1517 4585 aquo
1533 4506 1757 4568 efficiunturorta.

124 4615 238 4671 laudem
249 4615 293 4670 sui
307 4614 454 4670 cumulent
473 4613 620 4681 Creatoris,
634 4612 765 4668 habendo
783 4613 898 4669 invasis
910 4613 1042 4670 fictilibus
1056 4614 1202 4668 thesauros
1215 4611 1277 4667 coeli
1292 4611 1451 4668 reconditos
1472 4611 1527 4666 :in
1549 4625 1669 4682 quarum
1686 4597 1758 4660 rucei
1819 4649 1821 4659 .

123 4714 177 4769 bus
189 4729 254 4768 cnm
267 4712 324 4767 suis
338 4712 440 4768 divitiis
457 4712 518 4783 ipse
538 4713 599 4767 Rex
617 4712 760 4768 habitator
779 4715 821 4767 est
833 4711 969 4769 Christus.
986 4713 1053 4777 Quas
1072 4709 1274 4767 mortificantes
1287 4726 1316 4765 se
1329 4710 1441 4780 saeculo,
1456 4708 1589 4780 despecto
1602 4710 1758 4765 terroetttttl·

124 4814 173 4882 tio,
187 4812 322 4869 delaecato
338 4813 393 4885 till.
408 4811 526 4885 deserto]
543 4813 644 4867 mundi
653 4812 794 4885 contagio,
808 4829 866 4869 non
884 4810 1056 4869 confidentes
1070 4812 1231 4883 inlubrico,
1245 4827 1305 4867 non
1317 4814 1422 4867 stantes
1439 4809 1574 4883 inlapsu,
1591 4795 1757 4882 qraererttssl·

126 4927 189 4968 vere
202 4912 269 4982 Deo,
285 4911 321 4966 sd
335 4911 453 4982 gloriam
467 4910 663 4982 Redemptoris
676 4917 743 4968 sunt
755 4914 892 4986 copulatae
905 4911 1045 4986 paradiso.
1060 4913 1093 4967 lu
1105 4928 1162 4984 quo
1175 4916 1216 4967 est
1228 4911 1333 4984 pariter
1348 4925 1479 4980 numero,
1491 4909 1574 4981 cnjus
1585 4893 1758 4981 despicienti
1815 4921 1816 4926 ¹
1836 4890 1840 4897 ’

124 5027 248 5083 cursum,
263 5011 328 5067 licet
341 5027 470 5066 sermone
483 5011 602 5084 privato,
616 5011 690 5068 ferre
702 5014 872 5070 tentaumus
884 5012 915 5069 in
927 5011 1076 5085 publicum
1091 5029 1098 5067 t
1114 5016 1147 5068 ut
1169 5011 1250 5082 cnjus
1262 5014 1305 5067 est
1316 5010 1372 5065 rita
1385 5025 1451 5065 cum
1461 5008 1574 5066 Christo
1585 5008 1615 5064 in
1628 5003 1709 5080 gloria,
1718 5005 1757 5051 ma·

125 5113 215 5168 moria
226 5112 313 5167 relata
325 5111 482 5167 celebretur
494 5112 525 5167 in
537 5111 656 5168 mundo.

752 5206 897 5304 VITA
935 5207 1181 5306 INCIPIT.

159 5350 187 5402 2.
208 5343 370 5401 Beatissimo
386 5344 477 5417 igitur
488 5344 679 5418 Radegundis,
690 5345 805 5401 ustione
816 5348 936 5403 barbara
947 5358 974 5434 C
986 5344 1141 5414 barbarica,
1157 5345 1333 5398 Francorum
1352 5340 1466 5396 victoria
1486 5339 1604 5413 regione
1616 5339 1714 5402 vasuh,
1723 5325 1761 5383 ricc
1822 5352 1833 5358 ·

124 5443 158 5499 de
172 5439 288 5513 regione
300 5439 454 5512 Thoringe,
469 5456 521 5495 avo
540 5457 608 5512 rege
623 5441 746 5511 Bessino,
761 5445 862 5515 patruo
872 5443 937 5499 ller
986 5439 1136 5496 israelitica
1150 5437 1208 5494 exit
1221 5441 1249 5492 et
1262 5436 1367 5508 migrat
1378 5435 1413 5491 de
1423 5435 1525 5506 patria.
1545 5435 1625 5491 Tunc
1639 5426 1763 5498 interiit⁰⁵
1821 5419 1840 5455 ⁴¹

123 5534 273 5605 mentrido‚
287 5537 369 5606 patre
382 5550 449 5606 rege
463 5534 636 5591 berethario.
659 5537 690 5590 ln
712 5541 851 5609 quantum
870 5536 935 5592 alti·
985 5535 1104 5591 victores
1115 5533 1196 5606 cujus
1210 5536 1283 5588 esset
1299 5530 1330 5585 in
1349 5528 1445 5602 preda
1456 5528 1560 5601 regslh
1570 5523 1764 5601 poemator-

120 5632 190 5688 tudo
205 5629 301 5686 saeculi
312 5628 414 5701 tangit,
428 5627 507 5700 regio
519 5628 554 5683 de
567 5629 695 5700 germine
704 5635 775 5702 orta,
786 5633 859 5689 celse
870 5632 936 5689 licet
985 5629 1073 5685 tentio
1094 5629 1129 5686 ds
1147 5628 1264 5701 captiva.
1280 5628 1314 5683 Et
1335 5625 1390 5681 uisi
1412 5612 1523 5681 reddita
1542 5622 1643 5680 humet
1661 5617 1767 5679 eruut

122 5724 242 5796 origine,
263 5723 355 5779 multo
378 5720 478 5776 celsior
500 5720 618 5777 actione.
641 5723 707 5786 Quae
730 5741 797 5780 cum
817 5725 936 5782 summis
985 5728 1150 5797 certamine,
1160 5727 1189 5782 in
1203 5743 1232 5782 se
1246 5741 1329 5798 reges
1337 5739 1416 5780 arms
1428 5723 1594 5782 movissent.
1606 5724 1676 5791 Qun
1684 5718 1771 5779 reda

119 5817 178 5872 suis
189 5817 356 5890 parentibus
368 5813 448 5871 brevi
457 5814 605 5874 mansisset
617 5818 754 5890 tempore,
768 5822 935 5893 tempestate
984 5821 1015 5879 in
1029 5827 1133 5882 sortem
1145 5820 1271 5898 precelsi
1285 5819 1360 5893 segis
1371 5817 1505 5879 chlotarii
1518 5818 1551 5878 iu
1565 5816 1773 5885 veremudum
