3884 6150
131 304 182 365 387
567 302 733 359 uerutum
752 302 796 358 hl)
814 302 924 359 orum
943 303 971 358 S.
991 300 1141 358 cumtmt
1160 300 1374 359 PthSlENSlS.

167 416 199 470 ln
212 414 265 468 hoc
278 411 385 469 celitus

130 505 212 561 lubet
226 508 320 574 portas
333 499 475 574 principes

130 594 202 665 llegi
216 608 282 647 cum
297 591 377 645 sociis

131 683 271 739 Etemales
285 680 421 753 pandere.

165 782 311 835 Errantem
329 778 451 850 propriis

129 869 255 925 Erehens
268 869 453 925 certissimam

129 959 263 1031 supernis
276 975 358 1015 orem

128 1050 260 1104 Humeris
273 1051 403 1106 ovilibus.

163 1149 253 1213 Quom
267 1153 448 1220 expectamus

127 1239 299 1295 Adluturum
312 1239 438 1296 iudicem

128 1330 240 1384 lustum
253 1329 354 1401 cuique

128 1420 204 1491 Opus
217 1435 300 1473 suum
316 1419 446 1476 reddere.

164 1519 245 1589 Rogo
257 1533 345 1589 quam
358 1518 444 1574 tantis

44 1666 50 1675 ,
129 1607 300 1678 Talibusque
315 1607 437 1662 donariis

129 1696 372 1767 Vicemcondigne
426 1740 429 1745 .

130 1788 280 1841 Possumus
292 1784 470 1856 rependere?

164 1884 237 1949 Quid
249 1887 307 1938 tam
323 1884 455 1939 mortales

128 1976 309 2046 Temptamus
323 1974 470 2046 micrologi

129 2066 257 2133 Narrare,
273 2065 364 2137 quirit

129 2159 197 2223 Quoe
211 2158 305 2212 nullus
318 2157 446 2213 edicere?

166 2257 262 2312 Solum
275 2271 388 2310 oramus

749 413 791 467 Tu
802 411 890 467 Patris
903 411 1096 482 sempiternus
1107 427 1137 466 es
1151 411 1248 466 Filius.
1319 410 1486 465 Sanctorum
1497 410 1591 463 custos

713 503 755 557 Tu
767 502 802 557 ud
816 503 992 558 liberandum
1007 502 1147 558 mundum
1159 517 1251 557 susce
1282 503 1384 557 liector
1397 516 1511 573 quoque
1524 498 1663 554 Dominus

714 592 780 663 pisti
794 593 952 649 hominem.
1283 593 1351 647 vite
1361 590 1495 663 perennis

750 691 811 745 Non
825 692 960 748 horruisti
976 691 1097 764 Virginis
1122 696 1247 748 uterum.
1281 683 1412 755 Largitur
1425 680 1614 738 credentibus·

714 781 754 835 Tu
771 781 878 837 devicto
892 782 992 838 mortis
1004 783 1101 838 aculeo
1115 782 1249 856 apeniisti
1317 786 1464 842 Caelestem
1476 800 1582 857 panem

715 871 894 928 credentibus
907 887 996 944 regna
1008 872 1154 928 coelorum.
1281 884 1332 938 Dat
1344 878 1532 936 esurientibus

749 970 790 1025 Tu
812 971 847 1026 ad
869 970 1015 1027 dexteram
1034 972 1084 1026 Dei
1105 972 1203 1027 sedens
1219 970 1249 1025 in
1282 974 1321 1028 De
1334 969 1485 1027 fontevivo

716 1061 805 1132 gloria
827 1060 916 1116 Patris
934 1061 1024 1133 judex
1049 1062 1170 1118 crederis
1189 1078 1249 1119 esse
1281 1063 1389 1121 l‘roebet
1401 1059 1570 1116 sitientibus.

714 1157 859 1208 venturus·
1317 1162 1407 1234 Alphe
1420 1164 1449 1216 et
1462 1175 1564 1231 omega

750 1251 787 1306 Te
814 1268 882 1324 ergo
907 1266 1072 1323 quesumus
1093 1251 1175 1308 nohis
1194 1252 1250 1309 tuis
1281 1255 1341 1324 lpse
1354 1250 1481 1307 Christus
1494 1248 1632 1305 Dominus

715 1341 829 1396 tumulis
858 1342 995 1411 subveni,
1027 1359 1097 1416 quos
1128 1342 1250 1414 pretioso
1281 1344 1509 1400 Venitrentnrus

716 1432 853 1503 sanguine
864 1432 1020 1488 redemisti.
1281 1435 1411 1491 iudicare
1424 1435 1567 1490 homines.

750 1531 865 1585 AEtema
885 1529 928 1585 lac
950 1546 1015 1586 cum
1033 1528 1135 1585 sanctis
1160 1528 1251 1601 gloria

716 1621 870 1676 munerari.

751 1719 863 1775 Salvum
875 1718 919 1773 lac
930 1718 1070 1791 populum
1084 1723 1178 1785 tuum,
1193 1717 1248 1771 Do·
1318 1717 1394 1789 lgnis
1407 1717 1523 1771 Creator
1536 1714 1640 1785 igneus

715 1810 801 1877 mine,
816 1813 844 1865 et
852 1808 969 1866 benedic
982 1807 1134 1864 hereditati
1146 1812 1213 1876 tuas,
1222 1810 1251 1860 et
1282 1809 1390 1863 Lumen
1402 1806 1522 1860 donator
1535 1803 1664 1873 luminis,

714 1917 781 1973 rege
794 1917 852 1971 eos,
873 1902 902 1954 ot
920 1899 1021 1955 extolle
1034 1898 1096 1954 illos
1109 1912 1199 1969 usque
1220 1896 1250 1950 in
1282 1899 1401 1969 Vitaquo
1411 1895 1475 1950 rite
1487 1893 1629 1964 conditor,

714 1992 857 2048 saeculum.
1281 1990 1366 2044 Datur
1379 1985 1488 2055 salutis,
1503 1987 1533 2039 et
1544 1982 1630 2038 salus.

748 2092 801 2146 Pcr
822 2089 949 2163 singulos
974 2089 1033 2145 dies
1058 2087 1250 2144 benedicimus
1317 2089 1372 2142 Nec
1386 2084 1477 2141 noctis
1491 2083 1578 2155 hujus
1592 2083 1697 2155 gaudia

714 2187 752 2251 tc,
774 2184 803 2236 et
828 2180 977 2237 laudamus
1001 2194 1105 2235 nomen
1125 2184 1205 2234 tuum
1220 2177 1250 2231 in
1282 2177 1353 2249 Vigil
1367 2177 1483 2232 lucerna
1497 2174 1620 2240 deserat,

715 2277 863 2342 aurnum,
891 2273 921 2327 et
938 2272 968 2327 in
987 2269 1123 2326 saeculum
1142 2268 1248 2325 sarculi.
1282 2269 1333 2334 Qui
1349 2266 1495 2322 hominem
1508 2281 1567 2319 non
1577 2263 1622 2319 ris
1634 2264 1717 2336 mori,

1282 1597 1537 1671 hymnumqucndo
1546 1598 1629 1652 caric
1645 1595 1783 1651 bmedtcttt

130 2346 198 2416 Hoc,
212 2346 344 2416 idemque
353 2343 512 2400 maximum
529 2361 537 2400 ε
714 2365 813 2419 Amen,

130 2437 223 2492 Nostri
237 2441 342 2492 aeterne

105 2568 111 2578 =
130 2529 271 2599 Miserere,
284 2525 412 2583 Domine.
427 2526 556 2598 alleluja.

202 2664 344 2719 Canticum
359 2663 447 2717 suncti
464 2662 611 2719 Zachariae.
715 2645 807 2701 limus
820 2645 849 2701 ³11
862 2650 899 2702 ῐθ·

167 2773 331 2830 Benedictus
362 2771 499 2828 Dominus
531 2773 605 2828 Deus
643 2774 681 2829 ls-

130 2864 220 2935 rahel,
232 2867 285 2919 etc.

332 2950 482 3006 Canticum.

891 2888 1051 2943 sacedotes.

751 3026 843 3082 Sancti
857 3025 960 3095 venite,

714 3116 817 3173 Christi
829 3132 930 3188 corpus
942 3116 1056 3183 sumite,

714 3208 847 3264 Sanctum
860 3206 997 3271 bibentes,

166 3060 317 3115 Cantemus
331 3057 461 3128 Domino,
477 3058 596 3130 gloriose
606 3058 682 3117 enim

130 3149 342 3219 honorificatus,
357 3154 410 3205 etc.

201 3285 354 3343 Berredictio
367 3285 450 3340 trium
459 3299 615 3355 puerorum.
713 3298 773 3362 Quo
785 3295 937 3368 redempti,
952 3293 1130 3368 sanguinem.

166 3402 327 3459 benedicite
348 3400 444 3457 omnia
465 3418 550 3474 opera
571 3401 682 3457 Domini
749 3394 850 3450 Salvati
860 3393 962 3450 Christi

130 3492 292 3563 Dominum,
311 3493 452 3565 hymnum
470 3490 571 3562 dicite,
587 3496 615 3547 et
633 3509 680 3548 su·
713 3485 835 3556 Corpore
848 3486 876 3540 et
889 3482 1036 3555 sanguine,

130 3585 303 3656 perennitate
316 3600 383 3639 eum
394 3583 424 3638 in
437 3583 547 3651 sucida,
562 3587 616 3639 etc.
714 3578 736 3630 A
750 3592 807 3647 quo
819 3574 917 3631 refecti

714 3666 823 3721 laudes
836 3666 963 3722 dicamus
976 3667 1043 3722 lieo.

750 3766 805 3820 ttoc
818 3768 993 3820 sacramento

166 3830 299 3899 laudate,
321 3829 413 3902 pueri,
437 3830 598 3902 Dominum,
618 3831 680 3889 lau·
713 3853 844 3926 Corporis
858 3854 1054 3927 etsnnguinis,

131 3919 194 3976 date
207 3935 313 3975 nomen
327 3918 450 3973 Domini.
468 3920 505 3975 Te
517 3921 606 3978 Deum
618 3924 680 3980 lau·
714 3944 818 4000 omnes
832 3944 911 4001 exuti

131 4009 240 4079 damus,
254 4012 281 4065 te
292 4008 443 4064 Dominum
459 4011 635 4070 confitemur.
713 4035 754 4090 Ab
768 4035 871 4090 inferni
884 4035 1023 4093 faucibus,

165 4108 202 4164 Te
215 4110 354 4163 oetemum
374 4107 486 4163 Patrem
503 4110 594 4166 omnis
607 4115 681 4167 tona
750 4133 833 4188 flator
846 4134 944 4191 saluus

128 4200 289 4255 veneratur.
307 4197 369 4252 Tibi
386 4214 486 4255 omnes
504 4201 608 4273 angeli,
630 4203 681 4259 tibi
712 4221 839 4278 ghristus
851 4224 937 4281 pffiu,
952 4225 1000 4282 pei

129 4289 201 4360 coeli,
216 4292 245 4344 et
254 4287 394 4344 universae
407 4292 567 4361 potestates.

210 3718 346 3787 Hymnum
360 3718 390 3773 tn
400 3717 444 3773 dic
455 3719 603 3776 Dominico.

712 4313 848 4368 Mundum
860 4315 978 4372 salvarit

163 4387 225 4443 Tibi
236 4386 389 4458 cherubin,
403 4393 431 4444 et
442 4390 576 4463 semphiu
587 4391 679 4450 inces-
712 4403 765 4459 Per
777 4421 900 4477 crucem,
914 4410 943 4462 et
954 4406 1131 4479 sangiunem.

127 4477 208 4532 sabili
235 4494 302 4533 voco
327 4478 529 4550 proclamant:
551 4483 678 4558 Sanctus,
746 4505 948 4561 prouniversis

127 4571 260 4715 ξὲἓοίιίἓ,
293 4569 409 4626 Sanctus
438 4571 573 4630 Dominus
605 4576 679 4633 Deus
713 4596 874 4651 1mm012tus
888 4596 1023 4653 pominus

182 4675 216 4714 ao
253 4698 259 4714 .

711 4686 771 4758 lpse
784 4687 913 4743 sacerdos

162 4756 241 4813 Pleni
260 4759 328 4812 sunt
345 4759 408 4814 oceli
421 4764 449 4815 et
460 4762 590 4821 universa
604 4771 679 4824 terra
711 4775 811 4832 Existjt
821 4783 850 4834 et
863 4779 964 4836 hostia.

126 4847 235 4905 honore
249 4846 348 4920 gloriae
360 4852 428 4905 tuor.
746 4877 820 4948 Lege
833 4882 1008 4951 praeoepgum

162 4949 199 5003 Te
225 4946 363 5020 gloriosus
389 4950 582 5022 apostolorum
610 4955 677 5011 cho·
712 4967 853 5024 lmm0larj
867 4970 984 5039 hesaias,

128 5051 186 5104 rus,
201 5040 228 5092 tc
240 5039 446 5110 prophetarum
460 5039 611 5100 laudabilis
622 5063 677 5103 nu·
710 5060 770 5124 Qun
782 5062 988 5120 adumbrentur

128 5140 233 5182 merus.
710 5149 808 5206 Divina
817 5154 960 5225 mysteria.

161 5224 199 5278 le
221 5229 379 5297 martymm
398 5230 562 5290 candidatus
583 5235 679 5294 laudet
746 5251 826 5306 Lucis
838 5251 965 5309 indultor

127 5311 276 5369 exercitus.
298 5316 336 5370 Te
354 5335 406 5389 per
424 5321 522 5379 orbem
537 5329 678 5386 terrarum
710 5341 744 5396 Et
755 5340 879 5397 Salvator
892 5343 1021 5399 omnium

127 5407 222 5458 sancta
235 5405 385 5462 comitetur
397 5412 527 5473 Ecclesia.
710 5433 876 5488 Proeclamm
888 5434 991 5489 sanctis

160 5504 274 5559 Patrem
286 5503 432 5562 immense
445 5513 607 5582 majestatis.
624 5522 676 5577 Vo-
709 5523 838 5596 hargitus
853 5526 895 5580 est
907 5525 1038 5597 gratiam.

124 5593 284 5649 nerandum
304 5597 387 5649 tuum
410 5612 519 5673 rerum,
543 5606 676 5680 unigeni·
743 5624 994 5679 Accedantomnes

126 5685 188 5739 lum
202 5682 314 5739 Filium·
708 5714 782 5768 Pura
794 5718 891 5771 menta
904 5713 1022 5784 creduli,

160 5784 294 5842 Sanctum
306 5802 419 5861 quoque
431 5790 600 5851 paraclitum
613 5797 676 5870 Spi-
708 5801 827 5860 Sumant
839 5806 976 5863 aeternam

118 5873 217 5947 ritum,
236 5877 347 5935 Tollen
360 5880 469 5955 glorie,
484 5882 603 5943 Christe.
709 5891 811 5951 Salutis
824 5898 989 5955 custodiam.

723 2819 860 2885 Hymnum
872 2815 981 2886 mundo
996 2816 1223 2870 communicarent

1282 2362 1321 2416 Du
1340 2362 1435 2415 nostro
1447 2358 1545 2412 lumen
1558 2355 1678 2428 pectori.

751 2463 820 2530 Fiat,
840 2461 968 2528 Domine,
990 2459 1182 2517 misericordia
1201 2463 1250 2514 tuo
1318 2460 1357 2513 Ex
1373 2459 1493 2529 AEggpto
1503 2454 1695 2525 migrantibus
1749 2514 1752 2523 ¹

715 2572 801 2626 super
820 2573 881 2627 nos,
895 2554 1141 2629 quemadmodum
1153 2568 1248 2625 spera·
1282 2550 1413 2621 Indulges
1429 2546 1574 2619 geminam
1589 2544 1717 2618 gratiam,

1283 2640 1370 2697 Nubis
1382 2638 1509 2693 velamen
1523 2635 1652 2706 exhibes,

1282 2735 1457 2788 Nocturnum
1466 2728 1565 2784 lumen
1579 2726 1711 2800 porrigis.

1318 2833 1405 2890 Nubis
1418 2832 1510 2887 colum
1513 2848 1569 2903 pua
1581 2847 1635 2903 per
1646 2830 1718 2885 diem

1281 2926 1446 2983 Venientem
1460 2922 1572 2994 plebem
1591 2920 1722 2994 protegis,

1282 3017 1358 3091 lguis
1371 3013 1521 3085 columpna
1531 3011 1568 3067 ad
1581 3026 1724 3084 vesperum

1281 3111 1396 3165 Noctem
1409 3103 1528 3177 depellis
1537 3102 1658 3161 lumine.

1317 3209 1337 3263 E
1351 3206 1465 3261 tlamma
1481 3201 1623 3258 famulum
1637 3212 1758 3275 promor,

1281 3299 1396 3357 Rubum
1409 3311 1467 3350 nou
1479 3292 1589 3365 spernis
1602 3293 1720 3365 spineam

1280 3393 1391 3448 Etcum
1404 3386 1441 3441 sis
1457 3383 1532 3456 ignis
1544 3397 1719 3438 concremans

1279 3484 1340 3539 Non
1353 3477 1413 3534 uris
1424 3473 1502 3548 quod
1515 3473 1680 3530 inluminas.

1316 3583 1402 3636 Fusco
1417 3576 1532 3648 depasto
1542 3573 1642 3630 nubilo

1280 3675 1401 3742 Tempus
1414 3664 1535 3722 decoctis
1547 3663 1680 3720 sordibus

1281 3761 1417 3818 Fervente
1429 3760 1523 3812 sancto
1536 3754 1645 3827 Spiritu

1280 3855 1400 3910 Carnem
1413 3849 1507 3903 lucere
1521 3860 1643 3901 ceream.

1315 3948 1434 4008 Socratis
1444 3948 1505 4019 jam
1519 3943 1618 4001 condis
1629 3942 1683 3999 lari

1279 4042 1371 4100 Diriui
1384 4037 1475 4096 mellis
1490 4036 1585 4106 alitus,

1279 4133 1375 4190 Cordis
1388 4143 1546 4203 repurgans
1558 4124 1672 4182 intimas

1279 4225 1370 4283 Verbo
1382 4219 1496 4294 replesti
1506 4216 1632 4274 cellulas.

1315 4328 1440 4383 Examen
1452 4324 1484 4375 ut
1493 4319 1577 4374 fetus
1586 4315 1652 4372 nori

1279 4422 1333 4478 Ore
1345 4414 1520 4489 praelectum,
1534 4407 1639 4480 spiritu

1280 4511 1425 4566 lielectum
1436 4500 1540 4557 eoelum
1554 4494 1670 4554 sarcinis

1278 4601 1392 4666 Querar
1406 4591 1511 4650 securis
1522 4586 1659 4662 pinnulis.

1313 4697 1405 4756 Gloria
1420 4692 1495 4750 Petri
1507 4687 1653 4763 ingenito,

1278 4790 1374 4848 Gloria
1386 4781 1546 4857 Unigenito,

1279 4881 1368 4940 Simul
1380 4894 1445 4934 cum
1455 4877 1553 4929 sancto
1565 4867 1670 4943 Spiritu

1279 4976 1311 5031 ln
1324 4971 1493 5044 sempiterna
1505 4961 1619 5021 secula.

1368 5124 1492 5192 Hymnus
1505 5117 1603 5174 media
1610 5112 1697 5171 noctis.

1312 5243 1408 5303 lledioe
1420 5239 1510 5298 noebs
1527 5240 1642 5307 tempus
1653 5230 1698 5297 est,

1276 5333 1441 5408 Prophetica
1455 5346 1510 5385 rox
1521 5325 1671 5392 admonet,··

1277 5427 1406 5483 Dicamus
1420 5420 1519 5478 laudes
1531 5418 1590 5473 Deo

1277 5518 1353 5575 Patri
1365 5529 1489 5587 semper,
1504 5528 1537 5566 ac
1553 5505 1634 5573 Filio,

1311 5619 1411 5675 Sancto
1422 5627 1537 5686 quoque
1548 5602 1679 5681 Spiritum

1275 5709 1400 5768 Perfecta
1414 5703 1492 5762 enim
1500 5698 1634 5765 trinitas,

1276 5801 1420 5872 Uniusquo
1432 5790 1600 5851 substantie

1276 5888 1427 5951 Laudanda
1437 5884 1520 5944 nobis
1529 5894 1644 5957 sempor
1653 5877 1702 5935 cst.
