3884 6150
142 247 193 300 ast
714 239 841 294 sacnti
860 237 956 292 SEXTI
975 235 1252 292 SUPPLEMENTUM.
1614 292 1620 299 .
1775 247 1826 298 ιιι

137 350 256 406 modeim
265 349 425 421 spectabilis
434 348 588 403 Pacatianae
596 347 727 419 Phrygia
737 346 850 401 comitis
859 345 955 416 appel·
964 356 993 429 Α
1004 345 1044 398 ιιι
1056 344 1198 398 sancimus
1208 348 1240 399 ut
1249 344 1300 415 qui
1309 343 1419 416 integre
1430 361 1459 400 se
1471 346 1500 400 in
1509 345 1608 401 officiis
1619 350 1737 417 gerunt,
1749 350 1827 404 omni

139 444 276 499 lationem
290 443 406 510 obtinet,
421 442 459 495 ita
468 441 554 494 etiam
567 440 627 494 sola
640 440 681 510 (ut
694 440 886 511 prediximus)
899 440 951 494 Pa·
1004 436 1122 504 honore,
1138 438 1306 505 reverentia,
1320 439 1485 494 auctoritate
1500 440 1656 511 potiantur.

137 538 246 592 ιιιιιιι
258 536 382 607 Phrygia
393 537 542 588 contentus
557 532 602 588 sit.
617 535 673 589 lioc
688 533 781 605 ipsum
795 550 860 588 vero
882 541 911 589 ιι
922 534 954 588 ιι
1038 530 1079 585 sd
1094 545 1160 585 curn
1175 531 1269 602 imque
1282 531 1534 589 modumdiscretis
1547 548 1564 585 a
1577 532 1661 587 nobis
1677 532 1826 605 magistra-

138 631 227 686 eltero
243 628 419 694 vicariorum,
435 627 485 696 qui
502 632 568 682 ante
592 643 644 697 per
661 628 809 682 Ponticum
830 633 953 683 tractum
1004 623 1089 692 tibus,
1106 624 1239 679 convenit
1251 628 1284 678 nt
1297 624 1343 677 hic
1355 624 1428 679 tacta
1444 625 1479 679 de
1494 626 1550 679 lieo
1564 626 1713 681 montione
1729 643 1824 683 coram

141 727 222 781 erant
232 720 386 788 constituti,
401 719 562 790 definimus,
577 724 610 775 ut
623 736 682 775 non
694 720 750 775 duo
762 722 791 776 in
804 725 951 792 posterum
1003 717 1093 786 nobis,
1107 721 1156 772 ant
1170 717 1327 786 (sitantum
1340 716 1421 772 nobis
1435 717 1484 773 otii
1498 735 1557 774 non
1571 720 1717 791 suppetat)
1729 737 1822 776 coram

139 817 268 882 existant,
283 814 332 868 sed
346 829 419 868 unus
433 817 546 868 tantum
557 814 605 885 qui
621 814 736 884 quidem
751 831 845 869 comes
858 815 954 887 appel-
1004 809 1168 865 celsitudine
1181 815 1231 865 tua
1240 813 1269 865 ιι
1281 811 1316 865 iis
1327 811 1374 882 qui
1386 827 1515 883 unquam
1524 811 1714 868 sedemtuam
1727 814 1825 870 conde·

139 908 215 963 letur
226 906 339 961 Galatiae
345 906 456 977 primae,
467 906 572 962 hebeat
583 911 678 978 autem
693 908 734 976 tut
746 908 830 964 hodie
839 925 953 979 quoque
1004 903 1171 972 emanarint,
1191 920 1342 975 coramque
1358 921 1391 959 eo
1406 905 1594 977 quiunquam
1607 922 1761 961 sacrarum
1776 925 1826 963 no·

137 1000 216 1071 solet)
230 999 317 1054 eham
329 999 359 1053 in
372 999 476 1055 milites
486 1002 664 1072 potestatem,
679 1000 706 1056 ei
726 1000 874 1072 utriusque
890 1001 953 1056 ιιι-
1003 996 1315 1068 stramnrlargitionum
1323 997 1543 1068 gloriosissimus
1553 1000 1826 1072 comesfutumsest,

138 1094 174 1149 cii
192 1109 319 1148 annonas
333 1092 415 1148 ferat.
436 1094 470 1147 Ut
482 1097 578 1148 ιιιιιι
591 1098 670 1149 extra
682 1093 818 1149 Galatiam
832 1094 954 1166 primam
1003 1094 1032 1144 et
1046 1088 1245 1160 gloriosissimo
1255 1093 1396 1161 questore
1411 1091 1482 1145 sacri
1496 1092 1587 1148 nostri
1600 1093 1712 1164 palatii,
1724 1099 1753 1148 et
1767 1094 1826 1165 glo·

141 1185 256 1246 inultam
278 1185 355 1241 anim
378 1186 494 1240 omnino
510 1185 594 1240 aliam
616 1186 643 1241 ei
662 1186 863 1259 permittimus)
883 1187 953 1244 nihil
1002 1181 1270 1238 riosissimccomitc
1282 1182 1673 1255 ubicunqueconstitutamm
1681 1203 1827 1243 sacrarum

137 1279 264 1336 obtineat
276 1278 389 1351 imperii
401 1279 431 1334 in
445 1278 533 1333 ullam
546 1279 690 1335 Ponticam
703 1280 889 1351 provinciam,
904 1280 953 1336 sed
1002 1279 1162 1330 nostrarum
1181 1291 1277 1331 rerum
1302 1276 1489 1347 privatamm,
1512 1283 1656 1349 prasente
1683 1280 1755 1335 item
1778 1297 1826 1352 pro

136 1388 189 1445 par
202 1371 290 1427 solam
309 1371 447 1427 Galatiam
461 1371 583 1441 primam
597 1371 782 1428 consimiliter
797 1377 825 1428 et
838 1372 953 1429 cohorte
1003 1368 1420 1440 temporemagnitlcentissimo
1442 1371 1615 1427 chartulario
1639 1374 1714 1428 sacri
1738 1374 1825 1429 nostri

136 1465 281 1537 permista,
296 1469 324 1520 et
337 1480 389 1537 pro
402 1481 458 1519 nno
469 1464 511 1536 tut
524 1464 655 1536 diximus)
670 1465 826 1522 Comitiano
836 1466 953 1538 collegio
1004 1461 1135 1528 cubiculi,
1148 1461 1197 1533 qui
1211 1461 1321 1516 nobiae
1336 1462 1471 1518 codicilhs
1483 1468 1541 1530 est;
1558 1465 1581 1519 is
1600 1465 1651 1536 qni
1673 1466 1823 1538 magistra-

136 1574 168 1613 re
182 1562 211 1613 et
223 1573 338 1614 nomme
347 1557 489 1613 mtellects
503 1563 531 1615 et
544 1563 701 1628 numerata,
712 1560 827 1614 nemine
840 1576 875 1615 ιι
886 1577 954 1631 ipsis
1003 1558 1065 1609 tum
1079 1554 1211 1625 suscepit,
1223 1555 1427 1625 J'usJ'urandum
1441 1561 1563 1627 praestet,
1574 1558 1690 1613 nemini
1705 1575 1735 1614 se
1751 1560 1825 1630 quid·

137 1650 225 1705 ullam
239 1666 306 1722 erga
323 1650 392 1706 alios
406 1652 521 1707 omnino
537 1651 723 1707 differentiam
737 1652 890 1722 obtinente,
903 1654 952 1709 sed
1003 1647 1213 1719 quamomnino
1223 1648 1266 1702 vel
1275 1649 1401 1703 morieris
1414 1650 1455 1705 ιιι
1468 1650 1620 1721 patrocinii
1631 1651 1697 1706 loco
1709 1652 1821 1722 dedisse,

136 1760 195 1799 una
209 1744 309 1798 cohors
321 1743 387 1798 ιιι
369 1761 403 1798 ns
424 1744 472 1816 qui
490 1745 540 1798 nni
558 1744 673 1816 praesidi
696 1745 781 1801 unius
801 1746 952 1817 provinciae
962 1721 990 1793 B
1002 1740 1200 1813 promisissivo,
1217 1745 1268 1796 aut
1280 1756 1314 1796 ιι
1329 1743 1473 1812 provincia
1494 1743 1609 1800 mittere
1625 1749 1746 1815 pactum
1759 1762 1821 1815 esse,

136 1837 238 1892 rectori
252 1837 370 1907 subjecti
383 1842 458 1904 sunt,
474 1840 533 1892 tota
556 1838 641 1893 simul
665 1839 782 1894 cohorte
804 1855 864 1894 una
887 1856 952 1894 cum
1001 1833 1471 1906 sivegloriosissimipraesectisint,
1481 1836 1596 1892 sivealii
1611 1854 1680 1893 cum
1691 1844 1822 1910 potestate

137 1945 188 1984 suo
201 1929 358 2000 praesida'
335 1947 408 1985 circa
420 1930 527 1985 tributa
537 1930 722 2002 periclitante.
1001 1926 1163 1994 existentes,
1179 1927 1236 1981 ιιιι
1246 1926 1319 1982 circa
1332 1927 1394 1982 illos
1409 1929 1512 1983 versari
1528 1929 1650 1996 soliti,
1629 1947 1691 1986 ιιιι
1707 1932 1820 2003 quicun-

173 2022 245 2079 Nulli
259 2038 373 2095 qnoque
383 2023 474 2095 judici
483 2023 598 2095 penitus
611 2023 905 2095 concedimus,neqrre
916 2026 953 2081 ci·
1001 2035 1066 2091 qne,
1089 2020 1171 2074 titulo
1194 2019 1313 2091 inqnnm
1334 2020 1492 2091 patrocinii,
1511 2023 1559 2077 sed
1579 2024 1819 2094 quemadmodum

135 2115 194 2183 rili,
209 2132 303 2188 nsque
316 2117 444 2184 militari,
459 2117 571 2172 mittere
584 2132 636 2189 per
650 2116 774 2172 civitates
789 2117 950 2190 provinciae,
1003 2112 1157 2185 gratuitum
1172 2113 1372 2183 magistratum
1385 2114 1470 2185 cepit,
1487 2115 1620 2187 percipit,
1637 2122 1778 2188 praterea
1790 2134 1820 2172 ιι

136 2210 239 2282 quibus
252 2209 394 2281 praesidet,
411 2225 459 2265 eos
474 2210 522 2282 qui
537 2215 674 2266 vocantur
695 2210 747 2265 loci
774 2215 927 2265 servatores
941 2230 950 2280 ;
977 2194 981 2204 ’
1002 2204 1114 2276 publico
1128 2221 1256 2260 annonas
1273 2207 1353 2276 tquas
1367 2206 1482 2277 quidem
1498 2210 1526 2262 ιι
1541 2210 1616 2263 ιοιιι
1630 2209 1728 2280 ipsum
1740 2212 1822 2282 perci·

137 2303 298 2371 scientibus,
312 2301 388 2374 quod
403 2303 509 2375 siquid
524 2302 714 2373 talefecerint,
730 2303 782 2374 ipsi
795 2304 894 2359 cadent
906 2305 953 2360 ad·
1001 2313 1069 2369 pere
1084 2297 1225 2368 sinimus),
1238 2298 1314 2353 itaet
1328 2299 1406 2370 puris
1419 2298 1513 2370 ipsum
1529 2301 1668 2356 manibus
1682 2320 1820 2358 conserva-

137 2394 351 2465 ministratione,
367 2400 570 2467 praesumentes
588 2396 657 2451 alios
676 2397 707 2451 in
727 2412 811 2452 suum
827 2397 952 2452 officium
1000 2388 1051 2458 bit,
1066 2391 1121 2445 Deo
1133 2390 1218 2445 simul
1233 2391 1350 2446 etnobis
1363 2408 1396 2446 co
1410 2393 1526 2450 nomine
1536 2395 1684 2450 rationem
1700 2397 1819 2452 redditu·

137 2488 254 2544 elerare.
1000 2498 1058 2538 rus.
1075 2483 1148 2538 Sciat
1162 2483 1239 2537 eninr
1258 2483 1393 2539 celsitudo
1406 2489 1464 2554 tua,
1485 2491 1513 2541 et
1527 2487 1577 2558 qui
1592 2488 1729 2544 eumdem
1743 2489 1817 2544 thro·

171 2581 249 2637 ldem
259 2580 312 2636 hod
324 2580 443 2637 dicimus
458 2585 487 2637 et
499 2581 529 2635 iu
543 2581 697 2638 clarissimo
711 2581 814 2638 comita
830 2582 952 2639 Orientis
1000 2591 1071 2630 num
1081 2580 1144 2646 post
1157 2580 1184 2630 te
1196 2576 1394 2645 conscendent,
1409 2578 1484 2650 quod
1496 2579 1552 2634 sive
1565 2580 1631 2651 ipsi,
1648 2581 1708 2635 sire
1722 2581 1820 2653 hique-

136 2678 165 2731 et
178 2672 335 2730 clarissimo
351 2674 470 2746 preside
484 2674 560 2744 (nam
575 2679 604 2730 et
617 2674 674 2730 illic
687 2691 721 2731 ιι
734 2680 854 2748 utraque
863 2693 952 2732 unam
1000 2684 1067 2723 mm
1076 2685 1161 2740 opere
1173 2669 1203 2724 in
1211 2669 1363 2724 eemmieen
1369 2670 1422 2725 eibi
1430 2677 1510 2743 perte
1517 2673 1685 2746 reipublicae
1693 2678 1817 2745 utuntur,

136 2765 409 2824 administrationem
427 2767 552 2840 facimus)
568 2771 600 2824 nt
613 2770 952 2842 namanqnidamapaata.
1001 2762 1059 2816 sire
1075 2761 1177 2816 cohors
1198 2766 1256 2830 tua,
1270 2763 1366 2817 autab
1387 2761 1422 2817 iis
1448 2765 1497 2836 qui
1518 2766 1554 2820 ad
1576 2766 1713 2837 praedicta
1733 2767 1819 2822 officia

139 2859 204 2916 hilis
218 2860 328 2916 comitis
339 2860 578 2932 Orientishabeat,
589 2863 640 2918 uni
654 2879 719 2918 vcro
741 2866 852 2919 tantum
869 2880 899 2919 re
923 2867 951 2919 et
1000 2854 1226 2927 proficiscuntur,
1243 2860 1293 2910 aut
1319 2857 1418 2928 tlu⁰vi⁸
1438 2857 1502 2925 elie
1531 2859 1693 2932 quidquem
1720 2867 1819 2932 preter

136 2953 253 3008 nemine
276 2953 439 3009 Comitiemc
455 2955 564 3010 cohorti
583 2956 714 3027 imperet,
734 2960 762 3011 et
774 2957 898 3028 primam
910 2973 952 3011 so-
1000 2947 1216 3003 consuetudines
1226 2948 1293 3019 ipsis
1306 2965 1323 3003 a
1336 2950 1417 3005 nobis
1431 2950 1560 3007 delinitas
1577 2953 1660 3024 (quas
1673 2954 1762 3010 etiam
1776 2971 1815 3009 so

136 3044 282 3100 inmmodo
298 3045 409 3115 Syriam
419 3050 447 3102 et
458 3046 649 3118 cyrrhesticos
663 3053 751 3120 regat,
767 3054 795 3105 et
805 3050 988 3161 utriusqueC
1000 3040 1040 3097 las
1063 3041 1230 3097 arbitrantes
1249 3040 1389 3111 sufficere,
1409 3044 1470 3099 dari
1493 3045 1681 3119 decrevimus)
1695 3049 1818 3120 accipere

135 3137 241 3210 pariter
256 3137 340 3193 officii
350 3138 469 3193 annonis
478 3139 650 3210 perimatur.
665 3142 812 3214 AEqualem
822 3142 899 3197 enim
909 3143 949 3198 ιι-
1000 3134 1234 3207 presumpserint
1245 3151 1252 3189 ε
1264 3151 1347 3207 poena
1357 3136 1816 3214 haudquaquamlevisinssigetur.

135 3230 218 3287 coriis
231 3230 324 3302 ipsum
339 3247 452 3304 quoque
464 3232 607 3302 ponimus,
625 3237 656 3288 ιιι
678 3238 706 3290 ιι
726 3234 786 3306 ipsc
806 3251 863 3290 una
886 3251 951 3292 cum
1000 3227 1048 3282 sed
1061 3227 1166 3282 sumini
1180 3227 1298 3300 quidem
1307 3229 1719 3304 megiehntns,quialiquidab
1730 3235 1817 3307 iisqui

136 3324 251 3381 cohorte
265 3323 307 3378 illi
316 3324 522 3381 obsecundante
542 3342 594 3397 pro
612 3326 784 3384 tributorum
805 3330 950 3386 exactione
999 3321 1034 3375 ed
1050 3321 1184 3392 predicte
1198 3319 1288 3376 efficia
1308 3321 1534 3394 proficiscuntur,
1554 3326 1598 3380 vel
1619 3325 1676 3399 ipsi
1692 3328 1816 3399 accipere

135 3423 164 3474 at
176 3417 264 3473 divitia
280 3434 312 3473 aa
332 3417 453 3490 publiea
473 3418 627 3491 disciplina
645 3421 853 3478 aanaanaanana
872 3423 948 3494 pant.
999 3413 1185 3484 ausifuerint,
1201 3414 1243 3469 rel
1256 3415 1813 3493 cobortemsuamconsimilealiquidh-

135 3511 256 3567 ditetur.
998 3522 1061 3562 cere
1075 3506 1265 3579 permiserint,
1279 3508 1322 3565 ιιι
1335 3510 1371 3565 ad
1385 3524 1414 3565 ιι
1436 3510 1560 3566 delatum
1577 3527 1638 3568 non
1654 3515 1816 3570 emendare-

169 3605 256 3661 Porro
270 3604 402 3659 volumus
419 3609 453 3660 ut
478 3619 577 3662 omues
601 3607 720 3663 omnino
739 3608 949 3679 provinciarum
998 3599 1064 3671 rint,
1080 3615 1137 3655 non
1151 3599 1245 3655 solum
1258 3601 1334 3675 quod
1351 3607 1531 3675 accepenmt,
1551 3605 1613 3675 ejus
1626 3607 1816 3680 quadruplum

134 3702 296 3754 normarum
307 3697 473 3769 presidibus
495 3699 689 3770 subjiciantur,
710 3699 815 3757 Plehdii
833 3701 948 3774 quidam
997 3693 1156 3765 restituent,
1173 3711 1272 3751 verum
1285 3695 1370 3751 etiam
1383 3712 1498 3767 gravem
1511 3696 1745 3770 indignationem
1759 3717 1814 3757 sus

136 3788 438 3860 (proutjurisdictionis
447 3791 593 3863 proprium
604 3794 655 3864 est)
665 3793 694 3846 ιιι
702 3793 833 3848 omnibns
843 3794 946 3864 causis,
997 3786 1136 3857 tinebunt,
1153 3794 1182 3843 ιι
1199 3805 1236 3843 ne
1254 3788 1288 3843 dc
1308 3793 1457 3860 potentatu
1478 3791 1693 3864 periclitentur,
1709 3795 1815 3850 solliciti

135 3885 163 3937 et
173 3896 341 3952 quocunqne
352 3883 508 3952 occasione,
519 3888 578 3939 tarn
590 3884 753 3957 pecuniaria
762 3887 949 3958 quamcrimi·
997 3885 1090 3935 erunt·
1105 3881 1132 3937 Si
1145 3897 1211 3936 ven)
1225 3881 1274 3953 qui
1289 3881 1362 3936 ⁰1¹0&
1375 3882 1452 3953 iP³⁰⁸
1470 3887 1547 3953 suni,
1570 3885 1732 3960 c⁰it⁰r⁵tl¹¹e
1754 3888 1815 3960 tetii

136 3972 272 4036 hulieni
290 3988 356 4028 vero
367 3974 467 4030 militia
482 3974 616 4046 decorati,
631 3983 659 4033 et
670 3979 793 4050 propriis
805 3980 948 4051 judicibus
996 3971 1195 4046 obtemperans
1209 3974 1282 4030 ultre
1296 3991 1329 4031 ee
1345 3990 1409 4046 quin
1424 3976 1533 4031 anchin
1545 3994 1679 4035 concessa
1692 3986 1758 4036 sunt
1776 3998 1814 4035 ac·

136 4064 261 4138 deputati
276 4069 352 4136 sunt,
369 4065 553 4122 nihilominus
565 4069 650 4124 etiam
661 4071 707 4125 isli
721 4088 773 4142 per
786 4073 879 4128 omnia
892 4073 947 4129 illis
996 4065 1089 4136 cipere
1097 4065 1203 4138 nliqnid
1212 4068 1443 4138 pertentaverint,
1454 4069 1642 4140 tenebuntur,
1654 4077 1683 4128 et
1691 4074 1744 4146 ipsi
1754 4090 1814 4145 qua·

133 4158 306 4215 tributorum
320 4162 348 4214 et
362 4158 513 4215 criminum
531 4161 673 4218 occasione
685 4163 878 4235 subjiciantur,
895 4167 947 4222 sad
996 4158 1090 4230 drnpli
1102 4158 1278 4215 restitutione
1296 4160 1329 4215 iis
1337 4160 1388 4232 qui
1400 4161 1507 4216 damno
1513 4161 1608 4218 allecti
1616 4170 1696 4235 sunt,
1710 4171 1738 4221 et
1747 4167 1811 4222 ultra

134 4267 226 4324 neque
233 4267 280 4307 eos
293 4251 341 4324 qui
348 4267 382 4307 ιι
397 4255 752 4328 quocunquehincjudicio
765 4274 946 4331 qrrascnuque
995 4250 1048 4306 hoc
1061 4251 1136 4323 quod
1148 4251 1238 4323 poenis
1250 4252 1445 4324 subjicientur,
1469 4270 1534 4326 quaa
1558 4256 1696 4327 ipsorum
1721 4259 1810 4315 delicta

133 4345 285 4401 ιιιιιιιιιι
294 4346 439 4402 executuri
448 4351 618 4419 commeant,
633 4349 775 4422 patiantur
786 4351 945 4422 provincia·
994 4345 1213 4416 emeruerint,
1238 4346 1435 4418 ⁸P⁰lieb1111iflr
1443 4347 1529 4402 etiem
1541 4349 1625 4405 benis
1637 4355 1667 4406 et
1692 4352 1808 4426 cingulo.

133 4455 199 4495 rum
213 4438 348 4510 presides
355 4441 591 4497 consuetudinum
599 4458 648 4498 seu
659 4445 850 4516 sportularum
856 4445 984 4524 nomi-1)
1030 4437 1149 4494 preinde
1162 4454 1227 4493 tum
1241 4439 1281 4493 iii
1296 4439 1383 4510 titiis
1395 4440 1487 4495 ⁰ffi⁰i³
1499 4441 1668 4515 tumidant,
1685 4452 1751 4501 ants
1760 4462 1809 4500 ⁰¹1¹·

131 4547 168 4586 nc
182 4531 431 4603 ampliusaliquid,
445 4550 530 4606 quam
545 4552 624 4591 sacra
638 4539 734 4592 nostra
746 4538 946 4594 constitutione
995 4530 1042 4587 nie
1055 4531 1147 4587 etudin
1159 4548 1206 4587 ees
1215 4532 1319 4587 hebere
1331 4537 1451 4604 eportet,
1467 4540 1499 4590 nt
1513 4535 1717 4607 diiigenterad
1729 4540 1807 4594 tribu·

131 4624 343 4696 pmmulgetum
359 4631 410 4696 cst,
427 4627 554 4699 accipere
566 4629 685 4686 scientes
706 4631 814 4702 quodsi
828 4632 881 4687 hoc
894 4648 945 4688 ne·
995 4631 1023 4679 tn
1038 4624 1202 4697 advigilent,
1222 4628 1250 4680 et
1265 4625 1411 4681 indevotos
1426 4628 1541 4698 quidem
1562 4645 1596 4684 ec
1613 4630 1805 4700 intractabiles,

132 4717 282 4790 glauci-int,
296 4734 380 4774 omne
392 4719 527 4776 damnum
531 4723 633 4794 quud
645 4723 746 4780 aninda
759 4725 877 4780 antidius
891 4742 944 4781 na.
996 4718 1083 4790 etqui
1096 4718 1288 4791 compulsione
1295 4719 1426 4791 indigent
1435 4736 1501 4775 cnm
1511 4737 1626 4778 summa
1638 4725 1807 4782 vehementia

129 4810 378 4883 strisirrogaturs
371 4811 425 4884 rpsi
439 4813 607 4884 dependent.
622 4818 724 4872 Damus
738 4821 833 4873 autern
855 4818 895 4874 eis
915 4818 946 4873 li·
995 4811 1167 4884 exigent,1n
1187 4812 1265 4867 nulle
1282 4812 1424 4869 cedentes
1441 4814 1537 4887 Neque
1555 4831 1589 4870 eo
1609 4819 1731 4876 nomine
1746 4819 1806 4875 lucri

129 4904 262 4975 centiam,
276 4921 335 4961 non
348 4909 461 4962 tantum
475 4911 506 4962 ut
516 4907 552 4962 ad
562 4924 608 4963 eos
621 4908 672 4964 ista
687 4909 798 4980 judices
809 4911 943 4982 referant,
994 4905 1100 4977 aliquid
1119 4909 1272 4977 enphntes,
1295 4922 1363 4977 erga
1382 4907 1495 4963 devotos
1514 4925 1581 4966 vero
1593 4915 1717 4984 paterno
1728 4931 1756 5023 se
1769 4929 1806 4986 ge

128 4997 259 5068 aquibus
272 4997 401 5056 destinati
413 5003 489 5068 sunt,
505 5001 554 5056 sed
566 5001 652 5058 etiam
666 5003 701 5058 ad
710 5020 771 5072 nos,
796 5007 826 5059 ut
846 5010 873 5060 et
893 5023 945 5061 nos
994 5003 1057 5053 rent
1071 4998 1182 5054 effeetu-

128 5086 164 5142 ιιι
177 5089 428 5160 cognitisfactum'
421 5109 514 5166 ipsum
525 5095 696 5167 competenti
703 5096 943 5154 animadversione
1030 5092 1135 5148 Deinde
1150 5095 1180 5147 nt
1194 5091 1320 5148 enbditee
1336 5097 1445 5149 nosnos
1458 5110 1493 5150 ex
1514 5098 1595 5151 omni
1611 5104 1697 5170 parte
1712 5102 1805 5158 illaesos

128 5196 342 5253 persequamur.
353 5186 528 5243 Praeterea
507 5204 530 5244 ιι
540 5205 610 5260 quos
623 5188 751 5261 dignitat
744 5206 767 5244 ιι
780 5191 944 5263 seucingmli
993 5191 1165 5254 conservent,
1181 5186 1417 5260 nihilquidquam
1429 5188 1464 5243 ab
1477 5188 1534 5244 ullo
1552 5206 1657 5248 eorum
1672 5195 1804 5268 accipies

127 5273 201 5328 tastu
213 5275 336 5331 tumidos
350 5282 538 5350 compererint
550 5282 731 5339 collatoribus
745 5284 872 5339 nostris'
866 5285 941 5356 rnjn-
992 5283 1043 5349 tes,
1056 5279 1104 5335 sed
1114 5295 1247 5351 sequosse
1261 5280 1290 5335 in
1299 5281 1486 5353 disceptandis
1500 5288 1703 5343 controversiis
1705 5304 1805 5362 ,ιιιιοι

127 5361 183 5417 rios
199 5378 267 5430 esse,
283 5363 383 5420 damus
392 5366 447 5423 ιιιιι
460 5369 601 5428 licentiam
614 5376 648 5427 ut
659 5374 689 5428 et
698 5371 733 5428 de
747 5372 883 5428 maleficio
898 5388 943 5428 co·
992 5372 1023 5427 in
1036 5373 1224 5429 conservanda
1239 5373 1504 5446 disciplinapnbhca
1515 5378 1692 5451 praebeant,
1685 5396 1805 5455 mperse

127 5462 271 5526 gnoscant,
287 5456 519 5530 etiiaqnisontes
532 5464 941 5538 deprehendunturcingulum
991 5467 1120 5538 quendis'
1125 5466 1805 5540 quidemcriminihnsinsontesacalumniisred

125 5548 260 5622 adimant,
282 5555 447 5625 nostrasque
473 5554 545 5611 vices
569 5557 599 5614 in
623 5559 773 5630 provinciis
788 5560 899 5629 obeant,
913 5560 942 5615 id
991 5558 1089 5615 dentes
1097 5559 1209 5628 hberos
1220 5576 1276 5615 rers
1286 5576 1352 5617 vero
1364 5562 1490 5618 sontibus
1497 5579 1597 5635 poenas
1605 5566 1805 5640 legitimaam

125 5642 330 5718 quodantiquis
339 5646 426 5703 etiam
434 5647 544 5720 legibus
557 5651 770 5724 promulgatum
779 5652 842 5710 tuit
850 5654 941 5718 Quem
982 5656 1136 5724 ponentes,
1143 5669 1236 5727 neque
1247 5654 1328 5711 aliter
1340 5654 1415 5711 inter
1428 5656 1572 5713 subditos'
1565 5662 1724 5733 imperium
1729 5678 1803 5720 exer-

125 5731 277 5792 edrnodnm
295 5739 371 5797 caim
399 5741 477 5800 omni
500 5758 547 5800 eos
572 5741 675 5815 injusto
698 5760 824 5800 memus
849 5747 938 5818 lucro,
990 5751 1084 5802 centes
1087 5762 1189 5820 quam
1200 5750 1295 5822 patres
1298 5747 1560 5822 solentmtcrtllros,
1570 5752 1803 5831 utdrhgantan
