3884 6150
592 238 759 304 APPENitlll
777 242 822 302 ab
839 235 951 303 OPERA
969 244 1087 305 SANCl‘l
1105 239 1256 306 canuam
1273 240 1486 306 renuimus
1830 246 1881 305 aaa

199 356 277 413 illius
292 350 475 430 gaudeamus.
489 359 508 424 †
520 355 555 412 Ut
566 354 689 428 populus
702 359 777 426 tuus,
793 355 844 428 qui
858 356 894 412 ed
913 356 1015 412 nativi·
1028 358 1194 444 prestigiis
1209 359 1300 430 Caput
1311 357 1441 413 omnium
1459 356 1589 414 nostrum
1611 360 1723 414 secutus
1740 359 1783 414 est
1800 357 1881 414 Chri-

198 243 251 303 aaa

59 468 62 479 ’
150 504 159 523 ,
199 453 288 507 tatem
308 451 368 524 ejus
387 453 587 518 convenerunt,
611 449 755 505 salventur
775 450 884 505 meritis
902 466 954 522 per
971 451 1016 506 in·
1068 456 1153 507 stum.
1167 451 1218 508 Cui
1231 452 1333 508 merito
1348 468 1406 508 om.

199 548 360 601 terrentem
379 543 506 599 omnium
525 546 687 598 sanctarum
700 547 728 598 et
742 544 968 616 deprecationem
981 545 1016 600 il·
1068 544 1218 595 Benedictio
1231 545 1321 610 populi
1334 545 1458 596 innotata
1479 545 1655 610 apostolorum
1670 544 1739 595 Patri
1759 548 1786 595 et
1802 545 1882 596 Pauli.

199 639 256 694 lius
268 637 376 693 meritis
389 638 567 708 adjuventur.
583 645 602 706 ’ς
621 637 669 707 lia,
689 637 820 707 Donnne,
842 643 875 694 ut
895 639 950 694 illis
965 656 1016 695 an.
1102 631 1184 699 Deus,
1195 629 1885 702 quimembrisEcclesiae,velutgemellumlumen

201 732 281 804 gelus
305 730 414 786 Gabriel
436 729 511 802 (quo
533 730 678 786 Zacharias
702 732 834 803 loquente
866 733 1017 804 obmutuit}

199 824 366 880 intercessor
387 822 510 894 adsistat,
528 827 558 879 et
580 824 688 880 meritis
706 825 782 880 illius
803 826 1018 898 adjuventurjet

199 917 334 973 moribus.

323 1027 376 1082 LV.
392 1041 473 1082 arrasa
486 1040 648 1083 sincroaas
662 1042 739 1082 raras
752 1044 785 1083 ar
798 1044 888 1084 rausi.

236 1136 453 1208 Omnipotens·
476 1135 648 1207 sempiterne
666 1136 750 1204 Deus,
772 1136 821 1210 qni
840 1138 918 1192 hunc
941 1137 1017 1193 diem

200 1228 428 1286 beatissimorum
443 1230 636 1302 apostolorum
648 1229 724 1285 Petri
737 1235 765 1286 et
784 1231 864 1286 Pauli
881 1232 1017 1304 martyrio

200 1325 379 1392 consecrasti,
412 1325 447 1380 da
471 1323 603 1379 Ecclesiae
624 1328 680 1378 tuae
701 1329 762 1379 toto
784 1330 923 1380 terrarum
949 1325 1017 1380 orbe

200 1419 319 1488 diffusae,
345 1434 445 1473 eorum
462 1433 574 1488 semper
599 1417 765 1489 magisterio
783 1418 945 1490 gubernari,
967 1436 1018 1490 per

200 1529 271 1585 quos
290 1512 411 1584 sumpsit
428 1510 574 1583 religionis
598 1511 760 1566 exordium.
786 1513 840 1567 Per
862 1512 1015 1568 Dominum

200 1612 330 1662 nostrum
343 1607 356 1662 l
359 1622 439 1661 esum
452 1604 596 1661 Christum
609 1604 711 1660 Filium
723 1609 815 1660 tuum.

479 1702 604 1752 Collectio
613 1702 740 1766 sequitur.

1067 738 1123 796 quo
1138 728 1289 779 careantur
1300 722 1436 795 tenebrae,
1451 723 1542 780 iecisti
1555 723 1630 780 Petri
1643 723 1791 796 lacrymas,
1805 722 1885 778 Pauli

1066 817 1175 873 litteras
1201 833 1357 873 coruscare.
1387 821 1487 874 tmen.
1522 818 1597 872 Hanc
1624 817 1737 889 plebem
1764 816 1885 890 placitus

1066 911 1171 984 inspice
1185 927 1192 966 :
1208 911 1257 984 qui
1265 911 1346 966 caelos
1357 911 1425 968 facis
1438 911 1548 984 aperire
1558 913 1640 967 Petro
1653 911 1682 965 in
1695 910 1784 978 clave,
1800 912 1885 966 Paulo

1066 1006 1096 1061 in
1116 1006 1259 1077 dogmate.
1278 1009 1378 1062 Amen.
1394 1004 1490 1079 274
1503 1006 1538 1060 Ut
1550 1004 1752 1077 prurientibus
1766 1003 1886 1060 ducibus

1066 1099 1125 1154 illic
1143 1116 1212 1171 grex
1226 1099 1315 1170 possit
1332 1099 1474 1167 accedere,
1496 1115 1552 1172 qno
1571 1102 1763 1171 pervenerunt
1779 1097 1887 1170 pariter

1066 1197 1125 1248 tum
1138 1192 1184 1248 ille
1198 1194 1295 1248 Pastor
1306 1192 1470 1264 suspendio,
1484 1208 1569 1264 quam
1584 1191 1636 1248 iste
1650 1192 1748 1247 doctor
1760 1206 1813 1264 per
1828 1190 1885 1263 gle-

1067 1286 1146 1342 dium
1160 1282 1190 1341 in
1203 1302 1364 1358 congresso.
1377 1287 1431 1342 Per
1443 1286 1594 1341 Dominum
1607 1291 1746 1341 nostrum.

1091 1400 1155 1454 LVI.
1168 1414 1246 1455 mssa
1258 1415 1285 1454 rs
1299 1415 1401 1455 nerana
1411 1398 1426 1440 b
1438 1414 1519 1455 urias
1529 1413 1657 1454 arosroar
1668 1414 1700 1455 sr
1713 1413 1868 1455 naamis.

1104 1497 1222 1552 Domine
1237 1498 1320 1565 Deus,
1334 1497 1463 1553 omnium
1474 1497 1643 1553 Sanctorum
1654 1496 1789 1569 splendor
1798 1496 1883 1552 mira·

1067 1591 1142 1659 bilis,
1157 1591 1206 1663 qui
1220 1591 1296 1647 bunc
1309 1591 1385 1647 diem
1400 1590 1476 1646 beati
1492 1590 1611 1663 apostoli
1629 1591 1672 1647 tui
1688 1590 1728 1646 ill.
1750 1590 1886 1662 martyrio

1067 1685 1244 1754 consecrasti,
1259 1685 1296 1740 da
1313 1684 1441 1741 Ecclesiae
1454 1689 1511 1740 tuae
1525 1685 1610 1756 digne
1623 1686 1749 1741 detento
1762 1684 1887 1757 gaudere

236 1789 352 1857 Exaudi,
372 1804 544 1860 quaesumus,
560 1788 689 1858 Domine,
704 1788 844 1860 populum
856 1792 939 1843 tuum
952 1804 1017 1842 cum
1027 1745 1056 1818 Β
1068 1778 1204 1851 apostolo,
1218 1781 1252 1833 ut
1271 1778 1348 1851 apud
1367 1778 1588 1834 misericordiam
1603 1783 1694 1846 tuam,
1707 1781 1736 1835 et
1756 1777 1888 1850 exemplo

200 1888 360 1939 sanctorum
374 1882 566 1954 apostolorum
578 1887 692 1937 tuorum
703 1881 777 1937 Petri
791 1885 819 1936 et
831 1881 909 1937 Pauli
921 1887 1016 1954 patro·

201 1976 275 2032 cinio
288 1976 511 2048 supplicantem3
526 1974 623 2048 273
636 1981 669 2031 ut
680 1980 730 2031 tuo
742 1974 964 2044 auxilioservati,
973 1990 1016 2030 se·

201 2087 267 2125 cura
279 2070 331 2126 tibi
343 2070 431 2142 possit
445 2069 592 2125 devotione
607 2069 721 2125 seruire.
736 2071 789 2125 Per
803 2070 909 2125 iesum.

445 2166 571 2217 collectio
583 2170 643 2231 post
655 2166 769 2217 nomine.

236 2252 432 2324 Apostolorum
444 2256 570 2323 tuorum,
586 2252 713 2322 Domine,
728 2252 876 2308 beatorum
897 2251 972 2308 Petri
990 2255 1019 2306 ct

201 2344 281 2402 Pauli
291 2345 448 2403 desiderata
460 2346 607 2401 sollemnia
617 2362 805 2417 recensemus,
816 2350 928 2419 praesta,
936 2362 1016 2418 ques·

201 2455 310 2507 sumus,
333 2443 365 2494 ut
376 2439 485 2494 honora
498 2439 587 2512 gloria
596 2440 745 2512 passionis,
759 2440 831 2495 sicut
843 2440 896 2495 illis
909 2439 1018 2512 magni·

200 2531 344 2589 licentiam
358 2532 458 2588 tribuit
470 2533 682 2605 sempiternam,
696 2534 735 2589 ita
747 2532 829 2589 nobis
841 2533 953 2590 veniam
966 2534 1018 2588 lar-

203 2626 297 2699 gietur
314 2631 455 2699 optatem;
475 2632 501 2682 et
518 2628 633 2682 nomina
643 2643 742 2682 earum
754 2644 818 2700 quae
827 2628 941 2683 recitata
952 2631 1020 2683 sunt

200 2720 231 2775 in
242 2720 316 2775 libra
327 2720 391 2775 ritae
403 2737 516 2777 censeas
529 2720 668 2793 deputari.
682 2722 736 2776 Per
753 2737 829 2791 eum,
856 2720 906 2794 qui
924 2726 1018 2777 tecum

199 2815 276 2871 vivit.

467 2885 592 2936 collectio
601 2884 634 2935 ed
651 2899 752 2950 pacem.

1066 1873 1127 1945 ejus
1140 1873 1284 1945 juvemur,
1305 1876 1334 1927 et
1355 1873 1475 1929 meritis.
1502 1875 1555 1929 Per
1576 1872 1727 1929 Dominum
1755 1876 1888 1929 nostrum

1067 1967 1170 2024 Filium
1182 1972 1274 2023 tuum.

1346 2036 1605 2101 Collectiosequitur.

1102 2122 1272 2195 blojestatem
1286 2127 1376 2191 tuam,
1391 2123 1520 2194 Domine,
1536 2122 1702 2195 suppliciter
1714 2139 1887 2194 exoramus;

1067 2221 1101 2273 ut
1117 2217 1189 2272 sicut
1207 2216 1336 2272 Ecclesiae
1356 2221 1412 2272 tuae
1425 2215 1525 2272 beatus
1538 2216 1579 2272 ill.
1593 2218 1737 2289 apostolus
1747 2215 1889 2290 praedica·

1067 2315 1113 2367 tor
1131 2314 1159 2367 et
1180 2311 1278 2367 doctor
1299 2309 1415 2379 exstitit,
1435 2310 1477 2365 ita
1495 2310 1531 2366 sit
1558 2326 1610 2383 pro
1629 2308 1713 2366 nobis‘
1730 2315 1889 2384 perpetuus

1068 2404 1244 2477 suffragator.
1259 2405 1313 2460 Per
1327 2405 1479 2460 Dominum
1492 2408 1622 2460 nostrum
1634 2406 1740 2461 iesum.

1316 2489 1440 2555 collectio
1450 2507 1509 2568 post
1520 2503 1635 2554 nomina.

1102 2589 1235 2647 Laetillcet
1257 2607 1317 2659 nos,
1337 2605 1511 2663 quesumus,
1530 2589 1658 2660 Domine,
1680 2605 1787 2645 munus
1807 2587 1886 2645 obla-

1068 2689 1147 2755 tum;
1162 2689 1194 2739 ut
1205 2685 1320 2739 sicut‘in
1332 2684 1458 2756 apostolo
1471 2688 1521 2739 tuo
1535 2688 1563 2739 te
1576 2682 1736 2738 mirabilem
1745 2681 1887 2756 preadica-

1068 2794 1142 2850 mus,
1153 2778 1192 2833 sic
1204 2794 1256 2849 per
1264 2778 1346 2832 illum
1358 2794 1564 2850 praesumamus
1573 2777 1759 2850 indulgentiae
1773 2776 1890 2850 largita·

1068 2877 1136 2929 tem.
1158 2873 1262 2927 Praesta
1283 2872 1365 2928 nobis
1388 2873 1448 2943 ejus
1465 2871 1622 2928 desiderata
1642 2870 1833 2941 commercia;
1856 2875 1890 2927 ut

237 2968 309 3022 Deus
329 2965 406 3037 pacis
427 2966 567 3036 conditor,
590 2967 663 3021 Deus
685 2967 808 3023 caritatis
826 2967 963 3037 indultor,
982 2968 1020 3023 da
1069 2967 1149 3039 cujus
1171 2970 1339 3039 perpetuam
1359 2965 1528 3037 dignitatem
1550 2968 1726 3021 sacrosancto
1752 2963 1889 3037 mysterio

201 3059 282 3115 nobis
295 3059 626 3132 placiduspaccmtuam‚
638 3065 666 3115 et
677 3061 902 3132 praestautdum·
912 3065 1018 3117 sancto
1067 3060 1280 3132 frequentemus
1291 3060 1322 3115 in
1334 3060 1427 3128 terris,
1442 3064 1470 3115 et
1491 3059 1641 3131 presentia
1661 3057 1744 3113 nobis
1762 3057 1889 3114 subsidia

200 3165 267 3209 rum
284 3157 399 3208 tuorum
420 3153 615 3224 apostolorum
632 3153 707 3209 Petri
727 3158 756 3209 et
769 3154 848 3209 Pauli
859 3155 930 3211 teste
942 3156 1016 3211 cele·
1027 3117 1055 3193 C
1067 3154 1191 3226 postulet
1203 3157 1232 3209 et
1244 3158 1360 3209 aterna.
1374 3154 1427 3209 Per
1440 3153 1593 3209 Dominum
1606 3157 1745 3209 nostrum.

200 3247 326 3315 bramus,
340 3261 498 3317 pereorum
508 3245 738 3303 intercessionem
748 3248 824 3318 pacis
839 3248 1017 3305 securitatem
1393 3251 1559 3302 contestatio.

200 3357 266 3397 cum
277 3347 457 3413 peccatomm
470 3340 552 3395 rania
566 3341 699 3414 consequi
709 3357 879 3398 mereamur.
895 3344 948 3398 Per
961 3342 1015 3398 Do·
1103 3338 1172 3393 Vere
1181 3336 1302 3409 dignum
1315 3342 1343 3393 et
1351 3337 1463 3410 justum
1476 3341 1518 3392 ast
1530 3341 1557 3392 te
1571 3336 1697 3407 laudare,
1707 3337 1888 3410 omnipotens

200 3436 312 3491 minum
323 3441 453 3491 nostrum
465 3435 570 3490 lesum.
1067 3432 1149 3502 licus,
1162 3431 1304 3503 praecipue
1318 3431 1348 3486 in
1361 3431 1436 3487 beati
1449 3430 1617 3503 apostolitui
1630 3431 1669 3486 ill.
1683 3431 1847 3502 festivitate,
1857 3431 1886 3488 in

484 3532 629 3583 immolatio
642 3532 735 3583 missa.
1066 3542 1122 3598 qua
1139 3525 1279 3597 gloriosus
1299 3526 1360 3598 ejus
1379 3525 1495 3598 sanguis
1513 3542 1566 3598 pro
1584 3525 1694 3581 Christo
1714 3524 1823 3581 effusus
1834 3530 1886 3581 est.

237 3618 304 3672 Vere
318 3614 438 3688 dignum
449 3619 477 3670 et
483 3616 594 3687 justum
608 3618 650 3670 est
661 3630 713 3670 nos
722 3614 774 3670 tibi
787 3630 899 3687 semper
910 3619 938 3671 et
952 3615 1015 3671 ubi·
1066 3619 1152 3692 Cujus
1165 3619 1332 3675 venerabilis
1347 3613 1453 3675 ennuae
1473 3618 1641 3675 recursionis
1663 3618 1841 3675 sollemnitas
1859 3625 1886 3675 et

199 3723 255 3782 que
266 3709 371 3780 gratias
382 3724 477 3780 agere,
487 3708 603 3763 Domine
613 3712 717 3778 sancte,
731 3709 813 3763 Pater
827 3709 1015 3781 omnipotens,
1066 3718 1204 3785 perpetua
1218 3730 1339 3786 semper,
1353 3718 1381 3769 et
1390 3730 1462 3769 nora
1475 3717 1517 3769 est
1524 3731 1533 3782 ;
1554 3712 1622 3786 quia
1636 3717 1665 3768 et
1684 3713 1716 3768 in
1732 3716 1886 3787 conspectu

200 3808 303 3858 aeterne
317 3802 391 3856 licus
404 3821 413 3856 r
428 3801 569 3873 praecipua
583 3801 666 3856 bodie
689 3801 720 3855 in
742 3801 880 3858 honorem
893 3802 1017 3858 beatissi·
1066 3810 1123 3861 tuae
1135 3807 1283 3879 idejestatis
1292 3811 1441 3880 permanet
1450 3824 1528 3862 mors
1540 3806 1789 3879 tuorumpretiosa
1798 3808 1886 3878 justo-

200 3910 314 3951 mamm
332 3895 522 3967 apostolorum
537 3899 565 3950 et
584 3900 742 3967 martyrum
761 3899 875 3950 tuomm
896 3897 971 3952 Petri
988 3901 1018 3953 et
1066 3915 1147 3969 rum3
1161 3904 1190 3955 et
1202 3905 1396 3956 restaurantur
1410 3901 1584 3957 incrementa
1598 3900 1713 3971 latiae,
1735 3916 1805 3956 cum
1822 3900 1884 3956 ieli-

199 3989 278 4047 Pauli
291 4005 298 4044 ε
320 4005 390 4062 quos
408 3988 448 4044 ita
465 3987 563 4043 electio
582 3994 632 4044 tua
650 3988 700 4044 tibi
724 4005 887 4046 consecrare
902 3991 1017 4062 dignata
1065 3994 1156 4050 citatis
1168 3999 1281 4050 aterna
1295 3995 1459 4050 recoluntur
1467 3994 1590 4051 exordia.
1604 3995 1748 4067 Supplices
1760 3999 1790 4051 te
1803 4010 1886 4068 roga·

200 4089 251 4153 est,
265 4089 298 4139 ut
308 4082 384 4138 beati
395 4080 470 4138 Petri
486 4082 648 4138 secularem
660 4082 787 4153 piscandi
798 4088 888 4138 artem
901 4083 931 4138 in
944 4084 1015 4140 divi·
1065 4103 1140 4158 mus,
1166 4088 1346 4161 omnipotens
1369 4090 1452 4159 Dens,
1474 4093 1507 4145 ut
1532 4088 1614 4144 uobis
1631 4088 1738 4144 donare
1758 4087 1887 4162 digneris

198 4190 270 4236 num
281 4177 387 4250 dogma
399 4179 584 4246 converteret,
600 4179 739 4248 quatenus
751 4175 911 4231 humanum
927 4192 1016 4248 genus
1065 4182 1222 4255 apostolum
1237 4187 1319 4240 tuum
1338 4183 1378 4239 ill.
1392 4183 1578 4257 propeccatis
1598 4183 1702 4239 nostris
1716 4183 1886 4247 intercesso-

198 4273 233 4330 de
246 4272 387 4345 profundo
399 4270 479 4326 istius
491 4269 591 4325 mundi
603 4273 811 4343 preceptorum
822 4275 938 4326 tuomm
952 4272 1017 4327 reti·
1065 4291 1137 4347 rem,
1158 4277 1372 4334 necessitatibus
1388 4281 1557 4350 patronum3
1576 4282 1609 4333 ut
1629 4276 1680 4351 qui
1696 4293 1748 4350 pro
1767 4277 1887 4334 veritato

198 4369 251 4423 bus
267 4367 410 4423 bberares.
434 4365 504 4420 Nem
523 4365 684 4437 coapostolo
703 4364 764 4435 ejus
784 4365 870 4419 Paulo
890 4370 1016 4422 mentem
1065 4349 1177 4427 sacrum
1196 4371 1364 4443 sanguinem
1382 4371 1465 4443 ludit,
1480 4372 1540 4445 ipse
1551 4375 1617 4427 ante
1631 4374 1815 4444 conspectum
1828 4371 1886 4427 ila·

199 4478 265 4518 cum
276 4461 391 4516 nomine
403 4459 582 4516 commutasti
590 4477 599 4529 ;
619 4463 648 4515 et
663 4475 748 4532 quem
761 4459 841 4530 prins
859 4464 1016 4531 persecuto·
1062 4465 1173 4538 jestatis
1185 4471 1242 4521 tuae
1256 4470 1319 4520 vota
1330 4470 1425 4521 nostre
1439 4466 1582 4538 suscipiet.
1597 4467 1631 4522 Et
1643 4466 1683 4521 ita
1696 4464 1885 4539 eiobsaqnio·

198 4570 260 4611 rem
270 4554 415 4610 metuebat
425 4553 556 4620 Ecclesia,
567 4570 643 4609 nunc
653 4554 809 4609 caelestium
817 4555 1016 4611 mandatorum
1066 4576 1130 4615 rum
1143 4565 1305 4615 nostrorum
1318 4560 1492 4616 officiositate
1506 4560 1675 4633 placeamus,
1691 4563 1724 4614 ut
1742 4559 1815 4616 dum
1834 4574 1886 4615 nos

198 4643 311 4704 lactatur
326 4663 356 4702 se
372 4646 476 4701 habere
498 4647 650 4703 doctorem.
671 4648 772 4703 Paulus
790 4653 908 4704 caecatus
930 4652 972 4704 est
984 4653 1016 4704 ut
1066 4650 1091 4705 ei
1105 4650 1297 4722 supplicamus
1310 4650 1340 4705 in
1353 4650 1446 4720 terris,
1457 4650 1505 4705 ille
1514 4648 1776 4705 noscommendara
1787 4647 1886 4721 digna·

198 4739 315 4809 videret,
349 4740 448 4794 Petrus
469 4741 583 4812 negarit
608 4746 639 4796 ut
664 4741 799 4798 crederet.
828 4742 897 4797 llnic
925 4742 1015 4798 clares
1064 4747 1112 4799 tur
1126 4743 1239 4800 incaelis
1251 4745 1371 4800 Domino
1386 4746 1450 4800 Jesu
1463 4744 1584 4800 Christo.
1600 4744 1651 4800 Cui
1668 4742 1773 4800 merito
1786 4757 1886 4799 omncs

199 4834 317 4892 caelestis
335 4832 449 4905 imperii
470 4833 619 4903 tradidisti,
635 4833 678 4887 illi
696 4835 731 4889 ed
748 4836 902 4891 evocandas
916 4842 1015 4909 gentes
1065 4839 1158 4910 angel.

198 4930 301 4986 divin&
313 4928 385 5001 ¹08ss
398 4927 544 4983 ffliefliiflm
558 4927 709 4982 ⁰⁰¹¹¹¹¹¹i⁸ii·
731 4929 801 4982 Nam
819 4929 866 4985 ifle
884 4931 1013 4987 iniffldu·
1113 4953 1190 5008 LVil.
1211 4969 1286 5008 mssa
1306 4970 1334 5008 m
1354 4971 1418 5009 arsa
1439 4967 1573 5009 rassroms
1591 4969 1683 5010 sanari
1702 4966 1839 5010 sonneras

197 5024 245 5093 cit,
264 5023 311 5078 hic
324 5023 424 5095 aperit.
440 5021 529 5076 Ambo
542 5019 630 5092 igitur
643 5020 754 5075 virtutis
765 5026 878 5079 aeternas
896 5025 1015 5096 praemia
1297 5043 1428 5082 aaarrsras
1445 5043 1477 5081 ar
1496 5038 1637 5082 narraris.

198 5121 266 5171 sunt
284 5116 388 5188 adepti.
408 5117 487 5171 Hunc
504 5116 619 5171 dextera
640 5118 689 5169 tua
708 5115 883 5186 gradientem
902 5119 933 5174 in
955 5120 1012 5176 ele·
1100 5122 1196 5197 275
1213 5126 1302 5181 Deum
1322 5128 1445 5194 Patrem,
1459 5130 1488 5182 et
1499 5115 1612 5196 Filium,
1626 5128 1655 5180 et
1667 5123 1806 5197 Spiritum
1820 5139 1884 5179 san·

198 5214 294 5266 mento
305 5209 422 5281 liquido,
438 5226 474 5264 na
487 5213 676 5280 mergeretur,
690 5209 781 5266 erexit
789 5227 798 5280 ;
818 5211 900 5266 illum
918 5217 1014 5269 autem
1064 5220 1140 5273 ctum
1151 5217 1253 5273 humili
1263 5219 1435 5275 confessione
1445 5223 1473 5275 et
1485 5218 1603 5291 supplici
1616 5218 1887 5287 carcassonense

197 5302 281 5360 tertio
310 5303 525 5375 naufragantem
546 5302 686 5375 profunda
711 5302 804 5375 pelagi
833 5303 900 5359 iecit
926 5306 1014 5363 vitare
1064 5312 1211 5382 carissimi,
1229 5313 1388 5370 unianimes
1408 5314 1601 5383 obsecremns3
1622 5316 1654 5369 ut
1673 5312 1885 5370 noshodicra-

198 5396 370 5454 discrimina.
387 5396 436 5451 llic
449 5403 542 5468 portas
555 5397 670 5466 interni,
684 5396 730 5453 ille
743 5399 842 5455 mortis
854 5398 923 5455 vicit
945 5416 1012 5456 acn-
1064 5400 1189 5462 ticinalae
1213 5408 1303 5476 Vocis,
1328 5408 1411 5464 Verbi
1427 5409 1621 5481 Precorsoris,
1641 5409 1739 5482 legum
1762 5406 1887 5479 Limitis,

197 5488 284 5551 lcum.
303 5491 404 5546 Paulus
418 5490 509 5563 capite
530 5491 671 5564 plectitur,
693 5491 760 5566 quia
781 5493 913 5566 gentibus
930 5501 1014 5567 caput
1063 5501 1340 5572 Luccmreflucentis,
1354 5505 1442 5560 sancti
1455 5505 1588 5577 martyris
1601 5505 1735 5578 Baptista
1748 5507 1888 5564 iohannis

196 5587 263 5646 tidci
275 5584 600 5658 comprobatur3Peuus
612 5591 707 5643 autem
720 5588 873 5661 premissis
887 5588 917 5645 in
930 5605 1013 5648 cruce
1063 5594 1223 5668 passionem
1238 5595 1452 5669 celebrantibus,
1467 5600 1596 5673 ejusdem
1616 5596 1821 5660 intercessione
1840 5603 1887 5659 in·

232 5744 245 5774 ⁸
258 5742 357 5799 Affinis
370 5746 412 5797 est
427 5742 488 5823 baec
498 5740 587 5798 oratio
600 5741 788 5825 Gregorianee.

236 5814 341 5871 ineest
354 5814 415 5871 baec
425 5830 511 5870 missa
523 5829 682 5871 commums
694 5832 724 5871 in
734 5817 909 5876 tertionaria
918 5826 1024 5892 nostro,
1040 5819 1070 5880 in
1083 5841 1139 5900 qaao
1153 5830 1266 5886 nullum
1279 5837 1321 5890 aet
1334 5833 1491 5892 Commune
1503 5834 1717 5908 Apostolorum.
