3878 6150
131 246 177 304 'ill
819 243 861 300 PE
874 243 967 302 Lacu
981 243 1078 301 PAPAE
1095 244 1119 301 11
1770 247 1820 301 ur

130 353 224 421 stis,ut
232 350 946 426 apertissimamlucidissimamquesatisfactionem
957 366 986 438 Α
996 356 1158 420 moverunt,
1174 351 1227 408 nisi
1241 355 1272 407 ut
1287 351 1531 408 inviolabilislldei
1543 348 1675 407 definitio
1687 367 1817 407 servare-

131 464 161 502 se
174 451 344 519 paterentur
356 447 502 519 accipere:
518 446 569 500 sed
580 446 684 516 scripto
703 445 786 501 nobis
798 447 880 518 quasi
904 464 947 501 ea·
1002 452 1057 502 tur.
1070 449 1140 502 Nam
1151 447 1328 501 adeamdem
1338 447 1481 519 synodum
1490 446 1818 502 confirmandambeatae

131 541 264 613 pitulare,
280 543 324 596 vel
340 540 525 595 interdictum
543 540 637 611 potius
654 539 853 607 ostenderunt,
876 540 947 595 nihil
1001 541 1210 596 recordationis
1218 540 1519 613 praedecessornoster
1528 558 1605 612 papa
1613 541 1671 594 Leo
1682 539 1817 607 scribens,

131 635 292 706 injunctum
301 634 354 689 sibi
365 652 381 687 a
391 633 471 688 vobis
478 633 555 688 aliud
562 637 733 701 asserentes,
741 633 795 687 nisi
808 636 839 687 ut
847 637 948 688 vestroe
1002 635 1078 690 inter
1090 635 1146 689 alia
1156 635 1194 689 sic
1206 635 1261 690 ait:
1277 637 1342 690 «Ne
1353 651 1422 708 ergo
1433 653 1484 707 per
1493 634 1638 706 malignos
1648 634 1818 705 interpretes

136 727 338 783 tantummodo
354 729 621 798 esscntportatores
636 727 773 798 epistolae.
790 729 820 781 ln
837 744 894 797 qua
909 731 951 782 ta·

131 838 198 875 men
212 821 321 875 nullam
332 820 454 875 rationis
465 820 692 875 satisfactionem
704 820 837 891 quaesisse
847 837 896 874 vos
909 821 952 874 le·

130 915 216 985 gitur,
233 913 285 969 sed
301 913 551 986 velutsjudicatum
569 914 637 986 quid
655 913 736 968 nobis
759 913 952 985 expressisset,

135 1006 314 1079 quodquam
330 1025 450 1079 pravum
466 1008 510 1076 sit,
521 1007 768 1079 quaminjustum,
778 1008 952 1078 Patrumque

132 1101 239 1172 regulis
249 1101 443 1169 inimicum,si
458 1101 605 1156 volueritis
621 1101 658 1155 ad
673 1101 869 1172 cognitionem
879 1099 951 1154 veri·

130 1195 200 1249 tatis
209 1195 357 1263 accedere,
368 1195 600 1267 splendidissime
609 1212 675 1250 cum
684 1194 781 1250 divino
790 1194 951 1265 arixiliopo·

129 1288 208 1343 testis
223 1288 382 1343 addiscere.
405 1288 486 1343 Unde
503 1305 554 1343 nos
573 1305 639 1343 cum
658 1289 799 1360 propheta
811 1289 950 1359 lacryma·

129 1383 225 1437 biliter
248 1381 382 1437 convenit
396 1384 572 1438 exclamare:
598 1382 735 1450 obmutui,
750 1386 774 1437 ct
785 1383 944 1436 humiliatus

127 1492 198 1540 sum,
214 1481 239 1530 et
250 1477 316 1530 situi
327 1492 345 1530 c
358 1477 444 1538 bouis,
459 1481 485 1530 et
500 1476 577 1531 dolor
586 1476 676 1531 cordis
687 1478 739 1554 mei
753 1479 896 1530 renouatus
906 1479 943 1530 cst

129 1571 214 1642 (Psoi.
230 1568 352 1641 xxxviii).
377 1570 540 1624 Renovatus
567 1572 610 1623 est
638 1569 719 1624 dolor
735 1568 830 1624 cordis
844 1568 944 1635 nostri,

130 1664 246 1736 quando
256 1662 726 1718 diuturnaedivisionisscandalum
735 1662 854 1716 minime
864 1664 945 1716 tanto

1003 728 1159 783 dubitabile
1173 729 1313 798 videatur,
1330 733 1496 800 utrumquae
1505 729 1533 783 in
1544 727 1659 800 synodo
1667 727 1819 783 Chalcedo

1003 822 1084 876 nensi
1095 839 1147 893 per
1158 822 1380 878 unanimitatem
1389 826 1514 878 vestram
1524 822 1558 876 de
1569 822 1629 895 lide
1635 823 1748 913 {tatuta
1757 824 1818 876 sunt

1003 915 1197 987 approbarim,
1213 917 1274 971 haec
1288 917 1325 971 ad
1343 933 1444 972 omnes
1463 917 1566 972 fratres
1586 919 1615 970 et
1635 914 1817 986 coepiscopos

1003 1009 1190 1083 nostrosqui
1202 1010 1339 1081 praedicto
1353 1010 1475 1065 concilio
1488 1010 1695 1077 interfuerunt,
1718 1009 1817 1080 scripta

1004 1103 1103 1171 direxi,
1121 1120 1184 1175 quae
1198 1103 1419 1175 gloriosissimus
1431 1106 1460 1158 et
1479 1101 1723 1158 clementissimus
1744 1102 1815 1173 prin·

1003 1213 1079 1268 ceps,
1093 1197 1164 1251 sicut
1172 1196 1298 1268 poposci,
1309 1197 1339 1251 in
1353 1197 1488 1252 notitiam
1503 1200 1628 1251 vestram
1640 1194 1759 1250 mittere
1769 1212 1815 1266 pro

1003 1289 1150 1345 catholicae
1175 1290 1242 1344 fidei
1268 1307 1368 1345 amore
1394 1289 1577 1361 dignabitur;
1600 1292 1633 1342 ut
1649 1292 1678 1343 et
1692 1288 1817 1343 fraterna

1003 1383 1171 1438 universitas
1187 1388 1216 1438 ct
1234 1383 1366 1439 omnium
1380 1384 1511 1438 fidelium
1526 1382 1615 1438 corda
1630 1387 1815 1453 cognoscunt,

1003 1493 1049 1531 me
1066 1494 1124 1531 non
1139 1477 1231 1532 solum
1246 1493 1298 1548 per
1313 1478 1417 1532 fratres
1433 1476 1481 1548 qui
1502 1477 1593 1532 vicem
1617 1492 1719 1530 meam
1744 1493 1817 1530 exse·

1002 1570 1059 1624 cuti
1073 1574 1147 1639 sunt,
1164 1569 1316 1625 sedetiam
1332 1587 1384 1642 per
1397 1570 1600 1642 probationem
1611 1573 1762 1640 gestorum
1777 1586 1817 1640 sy-

1004 1663 1163 1731 nodalium,
1173 1664 1319 1735 propriam
1330 1664 1477 1719 vobiscum
1488 1664 1616 1718 munisse
1628 1663 1817 1718 sententiam:

128 1758 197 1813 fidei
207 1759 319 1828 fulgore
329 1759 489 1827 superatur,
505 1755 704 1827 maximequia
719 1772 873 1826 pravorum
890 1755 942 1809 ho·
955 1740 983 1812 Β
994 1759 1026 1815 in
1040 1757 1101 1812 sola
1112 1756 1322 1812 videlicetfrdei
1338 1774 1423 1812 causa
1450 1757 1537 1830 (quod
1552 1774 1630 1829 saepe
1655 1757 1819 1826 dicendum}

128 1851 242 1906 minum
257 1848 441 1921 persuasione
458 1849 580 1921 decepti,
601 1849 706 1920 scripta
724 1849 807 1904 nobis
828 1848 945 1903 diversi·

129 1944 236 1999 infecta
249 1942 389 2015 contagiis
402 1940 562 1999 direxistis:
581 1948 611 1999 et
623 1943 701 2014 quod
714 1943 744 1997 in
754 1942 882 2014 epistolis
896 1943 946 1996 Pa-

136 2041 211 2093 trum
230 2037 362 2109 quaedem
388 2036 554 2092 testimonia
580 2053 639 2091 non
666 2036 826 2108 incongrua
846 2036 951 2104 solum,

136 2131 188 2186 sed
203 2148 255 2186 nec
271 2131 308 2186 ad
323 2147 439 2186 causam
453 2129 629 2202 pertinentia
644 2130 776 2185 tentastis
802 2130 949 2198 inserere,

1003 1852 1221 1922 propterquam
1238 1852 1373 1922 generale
1389 1851 1552 1919 concilium,
1572 1854 1602 1906 et
1625 1868 1659 1905 ex
1677 1854 1817 1922 praecepto

1002 1943 1312 2000 christianissimorum
1344 1944 1518 2017 principum,
1531 1947 1577 2023 :let
1610 1961 1644 1999 ex
1680 1960 1817 2000 consensu

1002 2037 1164 2110 apostolicae
1185 2038 1270 2107 sediS,
1288 2037 1395 2110 placuit
1411 2032 1592 2113 congregati.
1610 2059 1624 2088 u
1645 2037 1816 2110 [Hucusque

1001 2132 1088 2186 verba
1103 2131 1193 2187 sancti
1209 2132 1333 2204 Leonis]

135 2226 175 2280 ita
188 2228 220 2279 ut
234 2242 287 2279 nec
304 2224 435 2280 ordinem
451 2224 692 2292 testimoniorum,
710 2223 799 2295 quiin
809 2223 879 2294 ipsis
894 2222 951 2294 epi·
1036 2225 1093 2280 Sed
1108 2243 1144 2280 ne
1159 2226 1234 2281 forte
1249 2225 1354 2281 animis
1363 2224 1568 2297 vestrisaliqua
1578 2225 1677 2281 adhuc
1692 2225 1816 2280 videatur

129 2318 212 2374 stolis
225 2320 353 2388 Patrum,
371 2319 531 2387 servaretis,
550 2319 655 2390 quippe
671 2322 704 2372 ut
718 2317 795 2389 quod
813 2317 950 2388 scriptum
1001 2319 1120 2391 quaestio
1130 2322 1179 2374 aut
1189 2318 1491 2388 dubietasrcmanere,
1504 2319 1632 2391 apertius
1643 2336 1712 2391 quae
1723 2318 1758 2373 ad
1767 2319 1814 2373 lda-

134 2412 251 2468 nomine
269 2413 386 2469 alterius
400 2413 504 2480 fuerat,
522 2411 868 2466 alteriusnoministitulo
882 2427 948 2482 pro·
999 2412 1109 2467 ximum
1131 2412 1318 2483 Antiochense
1338 2400 1652 2468 Ecclesiaeantistitem
1674 2413 1813 2484 scripserit

133 2510 270 2562 meretur.
281 2509 313 2561 ln
324 2523 380 2578 quo
394 2505 543 2560 evidenter
553 2505 662 2560 dictum
672 2504 751 2560 vobis
760 2500 949 2576 apostolicum
1000 2506 1108 2578 pariter
1121 2507 1283 2562 curavimus
1298 2501 1436 2562 indicare.
1449 2509 1516 2563 Post
1529 2507 1658 2579 plurima
1673 2507 1770 2578 itaque
1780 2507 1814 2560 sic

132 2603 245 2656 constat
264 2599 374 2672 aptari:
400 2602 550 2659 Nescicntes
573 2616 659 2670 neque
681 2600 714 2655 da
738 2600 835 2689 quibgs
862 2599 950 2654 dicent
1000 2600 1055 2655 ait:
1069 2622 1082 2649 ιι
1097 2600 1126 2656 Si
1136 2600 1206 2672 quid
1215 2600 1327 2655 saneah
1341 2601 1386 2655 his
1394 2600 1540 2670 fratribus,
1552 2617 1625 2673 quos
1635 2600 1674 2655 ad
1691 2604 1811 2656 sanctam

99 2721 106 2727 ·
132 2710 218 2765 oeque
231 2695 263 2749 de
278 2695 376 2765 quibus
389 2696 530 2764 affimant
544 2693 568 2765 (l
583 2695 651 2748 Tim.
669 2692 698 2765 v).
808 2686 818 2705 '⁷
1000 2694 1142 2765 synodum
1152 2692 1211 2748 vice
1228 2693 1379 2761 meamisi‚
1394 2697 1500 2767 praeter
1510 2694 1540 2749 id
1554 2694 1632 2765 quod
1651 2695 1689 2749 ad
1702 2710 1811 2749 causam

167 2788 250 2854 Quod
266 2788 383 2860 quidem
399 2804 457 2843 non
473 2790 574 2842 vestra
595 2786 713 2842 malitia
735 2787 779 2843 vel
802 2786 949 2841 calliditati
999 2786 1066 2841 fidei
1079 2788 1252 2859 pertinebat,
1263 2790 1377 2860 gestum
1388 2804 1449 2842 esse
1456 2787 1636 2860 perhibetur,
1649 2786 1756 2843 nullius
1765 2787 1813 2843 erit

132 2883 276 2940 credimus
291 2880 505 2950 ascribendum,
517 2880 786 2936 sedvenenohostis
800 2879 948 2952 malignis·
998 2880 1161 2936 firmitatis:
1186 2881 1253 2954 quia
1269 2882 1306 2936 ad
1320 2880 1375 2937 hoc
1394 2885 1507 2938 tantum
1522 2881 1558 2936 ab
1575 2882 1734 2953 apostoliea
1749 2881 1811 2936 sede

132 2977 198 3032 simi
212 2975 401 3049 perspicimus
416 2974 600 3047 exquisitum,
617 2975 666 3047 qui
680 2974 788 3029 zizania
805 2973 947 3028 seminare
999 2974 1099 3029 directi
1114 2978 1180 3030 sunt
1195 2979 1226 3030 ut
1242 2974 1341 3030 excisis
1363 2974 1531 3080 haeresibgs,
1549 2974 1700 3031 catholicae
1719 2977 1809 3030 essent

128 3087 181 3143 per
194 3086 262 3125 vasa
275 3070 326 3124 irae
338 3085 426 3141 usque
440 3069 470 3123 in
484 3069 573 3123 finem
587 3068 691 3136 saeculi,
709 3068 738 3122 in
751 3067 801 3122 Dei
815 3067 939 3122 Ecclesia
954 3113 982 3189 C
999 3068 1066 3123 fidei
1089 3068 1264 3124 defensores.
1289 3068 1433 3141 Quidquid
1451 3085 1530 3124 enim
1550 3072 1659 3140 praeter
1683 3069 1811 3141 speciales

128 3181 187 3221 non
211 3163 399 3236 quiescit.·Ex
422 3179 479 3234 quo
503 3161 701 3232 intelligimus,
727 3161 940 3216 fraternitatem
997 3179 1095 3217 causas
1112 3163 1293 3235 synodalium
1309 3161 1496 3218 conciliorum
1512 3163 1549 3221 ad
1566 3180 1693 3219 examen
1707 3163 1809 3235 episco-

127 3262 252 3315 vestram
268 3257 413 3330 epistolas,
430 3255 465 3310 de
489 3255 592 3328 quibus
612 3255 745 3326 posuistis
767 3253 942 3322 testimonia,
997 3256 1061 3327 pale
1077 3255 1215 3325 defertur,
1231 3259 1327 3328 potest
1336 3256 1515 3329 dijudicandi
1525 3255 1634 3312 habere
1642 3256 1808 3323 rationem»

128 3367 187 3408 non
199 3352 318 3423 legisse;
334 3366 428 3422 neque
445 3349 524 3403 enim
540 3349 562 3403 si
577 3347 657 3403 vobis
681 3364 782 3403 eorum
803 3347 944 3419 scriptura
998 3353 1051 3404 etc.
1069 3350 1149 3418 Ecce,
1175 3350 1248 3405 sicut
1268 3350 1397 3422 superius
1422 3350 1530 3405 dictum
1554 3353 1608 3418 est,
1634 3350 1808 3423 cognoscitis,

127 3448 280 3513 constaret,
291 3445 339 3499 illa
348 3461 411 3517 quae
422 3443 601 3515 apertissime
610 3441 942 3514 prossdeitantummodo
993 3442 1096 3498 fratres
1111 3443 1279 3512 charissimi,
1289 3443 1360 3499 nihil
1376 3443 1454 3499 aliud
1465 3460 1539 3516 saepe
1548 3444 1644 3500 fatum
1653 3444 1804 3516 praedeces·

127 3558 213 3598 causa
223 3543 289 3595 sunt
298 3538 402 3611 posita,
411 3537 473 3593 aliis
485 3552 645 3609 congruere
655 3535 813 3608 fingeretis,
824 3538 943 3607 propter
993 3552 1089 3597 sorem
1104 3540 1247 3606 nostrum,
1259 3553 1347 3608 quam
1358 3554 1392 3592 ea
1403 3553 1467 3610 quae
1482 3536 1518 3591 de
1526 3536 1596 3592 fidei
1605 3537 1745 3593 firmitate
1757 3536 1804 3592 de·

127 3635 205 3709 quod
219 3634 254 3689 ab
263 3649 361 3688 errore
372 3631 528 3700 divisionis,
538 3631 568 3686 in
579 3630 749 3703 quemfalsis
760 3629 943 3702 opinionibus
992 3630 1074 3686 finita
1088 3634 1164 3700 sunt,
1181 3631 1375 3700 confirmasse,
1391 3631 1468 3703 quod
1482 3646 1557 3702 pene
1569 3631 1600 3686 in
1610 3632 1746 3687 omnibus
1755 3629 1805 3704 epi·

127 3728 275 3797 incidistis,
296 3727 397 3782 hortor
413 3728 442 3780 et
457 3730 524 3798 opto
541 3741 591 3780 vos
611 3725 731 3780 celerius
752 3723 890 3795 revocari,
914 3726 944 3777 et
993 3724 1072 3779 stolis
1087 3725 1158 3796 ejus,
1174 3723 1197 3780 si
1209 3724 1484 3796 volueritis,plcnius
1492 3725 1614 3796 potestis
1621 3741 1800 3798 cognoscere.

126 3841 182 3883 eon
192 3824 419 3898 (sicutseriptum
432 3822 484 3894 est)
491 3824 591 3895 jugum
601 3839 661 3878 cum
673 3822 828 3892 infidelibus
846 3822 943 3877 ducere
992 3819 1063 3874 Nam
1072 3818 1187 3891 privatae
1198 3836 1302 3888 causae,
1317 3819 1520 3891 quaeillicpest
1530 3818 1734 3876 definitionem
1743 3817 1803 3875 lidci

127 3922 166 3994 (Π
179 3919 238 3976 Gor.
249 3917 356 3989 vr),sed
371 3916 412 3971 illi
427 3916 532 3972 iterum
540 3916 611 3988 jugo
621 3918 772 3972 mansueta
788 3917 861 3972 eolla
876 3915 941 3969 sub-
992 3915 1062 3968 actae
1077 3916 1152 3983 sunt,
1168 3930 1227 3969 non
1243 3913 1336 3968 solum
1350 3912 1471 3968 minime
1486 3913 1688 3982 yconflrmavit,
1712 3913 1804 3969 sedet

126 4014 252 4081 mittere,
270 4012 306 4066 de
322 4027 377 4082 quo
402 4010 463 4082 ipsc
482 4009 619 4065 Dominus
647 4010 716 4064 dicit
732 4027 738 4065 z
753 4012 854 4078 Juoom
872 4012 942 4064 enim
991 4006 1140 4063 retractari
1165 4011 1251 4080 atque
1271 4006 1422 4079 dijudicari
1446 4006 1596 4062 concessit.
1623 4010 1655 4062 ln
1679 4006 1803 4080 encycliis

53 4095 56 4100 ’
126 4124 215 4165 meum
231 4121 313 4163 suove
331 4111 379 4169 cst,
399 4109 425 4159 et
444 4120 512 4159 onus
527 4120 614 4159 mcum
631 4105 685 4160 leue
702 4108 741 4158 est
758 4103 865 4174 (hatra.
884 4103 939 4172 rr),
991 4117 1058 4156 vero
1070 4100 1158 4173 (quod
1169 4105 1212 4156 est
1225 4100 1431 4173 episcopalium
1441 4101 1572 4157 collectio
1587 4101 1759 4170 litterarum,
1774 4115 1801 4155 cr

127 4202 205 4277 quod
221 4202 299 4256 nullo
315 4200 402 4255 modo
413 4199 520 4271 poterit
534 4198 596 4271 quis
612 4198 655 4255 tel
669 4197 745 4252 ferre
758 4197 803 4252 vel
819 4196 939 4261 discere,
992 4193 1095 4267 quibus
1106 4194 1201 4266 aliqua
1209 4195 1238 4249 in
1247 4194 1358 4266 scriptis
1367 4194 1643 4251 vestristestimonia
1652 4196 1800 4267 incongrue
1849 4197 1852 4212 ‘

126 4297 181 4354 nisi
191 4294 286 4352 eidem
296 4294 367 4366 jugo
378 4293 524 4349 charitatis
538 4292 658 4348 vinculis
670 4290 939 4362 fueritsubjugatus,
991 4288 1123 4344 similiter
1132 4288 1275 4362 posuistis)
1285 4289 1362 4344 unde
1371 4292 1452 4345 mota
1459 4288 1496 4344 sit
1504 4305 1602 4358 causa,
1612 4289 1657 4345 vel
1676 4289 1744 4362 quid
1754 4288 1798 4361 pie

125 4391 180 4464 lpsi
199 4388 281 4446 oneri
299 4405 351 4460 per
368 4386 552 4442 dilectionem
575 4386 680 4457 quippe
698 4388 729 4440 ut
746 4383 864 4456 spiritali
880 4401 939 4440 sar·
990 4381 1428 4454 recordationisLeoimpcrator
1434 4400 1487 4456 per
1496 4384 1646 4439 universas
1652 4381 1798 4455 provincias

125 4485 197 4541 cinae
211 4460 334 4551 mentes,
351 4483 498 4550 humeros,
523 4480 653 4552 viresque
676 4476 845 4533 subdiderit.
863 4477 979 4566 SicutD
993 4476 1189 4532 sacerdotibus
1204 4476 1349 4548 scripserit
1362 4476 1549 4546 consulendo,
1566 4480 1618 4533 aut
1631 4478 1753 4573 qualiter
1769 4474 1796 4531 ub

126 4593 252 4650 namque
261 4574 616 4632 animositasabscissionis
626 4572 805 4628 intellectum
812 4571 880 4626 facit
888 4589 941 4644 per
991 4569 1058 4641 ipsis
1071 4587 1208 4641 responsa
1223 4570 1390 4642 susceperit,
1407 4570 1489 4626 nobis
1505 4587 1625 4643 quoque
1636 4570 1793 4634 tacentibus,

125 4671 289 4743 superbiam
301 4671 448 4742 colligare,
465 4669 505 4723 ita
524 4670 700 4740 recuperatis
719 4665 866 4721 charitatis
887 4665 938 4720 hu·
991 4679 1091 4718 eorum
1117 4663 1239 4718 lectione
1267 4663 1397 4718 valebitis
1419 4664 1532 4735 plenius
1558 4664 1740 4721 informari:
1772 4663 1793 4716 ul

125 4766 231 4821 militas
257 4767 368 4820 mentes
392 4763 420 4817 in
446 4763 554 4817 unitate
579 4761 647 4816 fidei
674 4763 888 4832 perseveranter
902 4759 939 4817 ad
991 4757 1068 4811 nulla
1081 4756 1117 4811 de
1132 4760 1235 4811 caetero
1250 4756 1280 4811 in
1297 4756 1397 4812 vestris
1416 4757 1550 4827 cordibus
1568 4760 1708 4832 malignoe
1725 4772 1790 4814 exce

125 4860 322 4932 cognitionem
337 4857 466 4913 veritalis
480 4855 633 4912 illuminat.
990 4850 1092 4921 gitatio
1108 4851 1256 4922 pravitatis
1272 4852 1368 4906 locum
1378 4850 1572 4923 subreptionis
1593 4852 1730 4909 inveniat.
1748 4851 1789 4907 Nos
1850 4896 1852 4929 :

159 4957 279 5026 Propter
294 4952 371 5026 quod
386 4951 571 5024 praesentium
586 4948 780 5021 portatoribus
794 4965 865 5020 quos
880 4947 938 5003 fra·
990 4943 1069 5000 enim
1082 4947 1201 5015 propter
1216 4944 1410 5016 prolixitatem
1422 4944 1507 5017 hujus
1521 4945 1652 5017 epistolae
1676 4945 1786 5002 ordinem

124 5049 243 5103 ternitas
253 5051 346 5103 vestra
360 5046 473 5114 direxit,
485 5049 514 5099 et
525 5060 558 5099 ex
568 5043 804 5106 ,Codicibusotex
814 5041 939 5113 antiquis
989 5054 1082 5093 causae
1100 5037 1188 5110 ipsius
1210 5039 1416 5093 declinavimus
1440 5038 1578 5094 indicare.
1601 5041 1675 5096 Nam
1696 5040 1717 5094 si
1737 5050 1785 5093 cum

123 5140 273 5214 polypticis
284 5137 473 5213 [polyptichis]
490 5137 586 5192 scrinii
597 5138 702 5191 sancta
716 5135 791 5189 sedis
805 5134 938 5206 apostoli·
989 5132 1083 5188 studio
1100 5132 1256 5200 charitatis,
1273 5149 1337 5204 quac
1353 5149 1369 5187 a
1392 5132 1474 5188 nobis
1493 5133 1668 5201 scribuntur,
1690 5127 1785 5191 cums?

124 5252 163 5290 cae
183 5235 289 5289 relecta
304 5236 371 5289 sunt
386 5233 492 5305 aliqua,
515 5231 618 5306 quibus
639 5229 788 5285 evidenter
807 5233 936 5299 apparet,
989 5243 1071 5281 more
1086 5225 1202 5281 Domini
1213 5226 1332 5281 sollicite
1346 5226 1555 5298 vigilanterque
1566 5227 1710 5301 relegetis,
1720 5222 1782 5281 facile

124 5328 195 5383 nihil
212 5343 314 5382 eorum
331 5343 394 5398 quae
407 5327 437 5381 in
452 5329 546 5381 vestra
565 5324 699 5398 posuistis
713 5322 833 5394 epistola
852 5335 938 5377 causa
989 5320 1117 5375 sentietis
1145 5325 1285 5392 quantum
1315 5320 1351 5375 sit
1383 5319 1543 5393 periculum
1571 5339 1626 5394 pro
1657 5313 1783 5393 super-luis

122 5423 212 5478 trium
225 5421 415 5493 capitulorum
429 5419 584 5476 convenire
600 5419 752 5486 ullatenus,
773 5419 822 5471 aut
838 5415 935 5470 verisi·
989 5412 1204 5486 questionibus,
1220 5417 1249 5468 et
1264 5414 1465 5470 haereticorum
1482 5414 1655 5472 defensione
1667 5411 1781 5488 capitulo·

122 5517 230 5573 militer
247 5515 386 5588 coaptari.
408 5515 533 5586 ldeoque
556 5529 672 5570 necesse
698 5513 741 5566 est
762 5527 812 5566 vos
836 5525 937 5591 omnes
988 5523 1064 5577 rum,
1082 5507 1183 5562 tandiu
1196 5507 1231 5562 ab
1248 5508 1401 5564 universali
1416 5508 1542 5564 Ecclesia
1556 5509 1712 5583 segregari.

121 5607 936 5684 epistolassynodalessollicitevigilanterquepercumrs
1024 5601 1115 5656 Nolite
1124 5601 1784 5676 ergoamorejaetautiae,quaesuperhioescmper

121 5709 153 5761 ut
168 5704 328 5762 evidentius
352 5699 523 5774 agnoscatis,
543 5699 611 5771 quia
635 5699 727 5754 sancti
746 5701 844 5754 Patres
864 5696 935 5753 nihil
987 5699 1031 5751 est
1040 5697 1180 5768 proxima,
1195 5697 1223 5751 in
1235 5697 1701 5772 obstinationisvitiopermanere,
1711 5710 1784 5771 quau·

121 5797 198 5855 aliud
214 5798 250 5853 de
263 5795 491 5856 chalcedonensi
506 5793 615 5867 synodo
629 5792 659 5847 in
675 5791 732 5848 suis
744 5791 872 5863 epistolis
885 5793 933 5846 fir·
988 5789 1068 5846 dein
1088 5791 1133 5847 die
1144 5792 1245 5864 judicii
1260 5793 1354 5849 nunus
1369 5795 1496 5850 vestrum
1507 5809 1643 5852 excusum
1657 5810 1687 5850 se
1698 5790 1784 5849 valcat
