3884 6150
125 286 175 339 963
612 317 613 321 ,
694 274 820 331 SAECULl
840 276 934 331 SElll'l
955 275 1228 334 SUPPLEMENTUM.
1751 278 1800 332 eui

123 391 263 445 simorum
276 386 456 442 tribunorum
470 381 656 452 notariorum,
673 383 723 436 sol.
737 398 787 452 xv3
802 383 863 452 ejus
883 383 933 438 ad·
945 384 1087 468 Ablicum
1101 384 1241 452 solatium,
1256 386 1394 453 quantum
1406 382 1582 455 inculpabilis
1590 382 1748 453 antiquitas
1759 384 1802 437 dc-

121 482 219 554 jutori,
233 480 285 534 sol.
301 495 330 533 m
339 496 347 546 ;
361 475 470 531 cohorti
498 475 767 546 gloriosissimorum
788 475 934 546 praelecto·
984 477 1084 543 linivit,
1100 482 1133 531 ut
1145 494 1161 530 a
1173 477 1333 547 spontaneis
1348 476 1416 548 ipsis
1428 476 1521 548 magis
1542 491 1630 547 quam
1652 475 1689 529 ab
1707 476 1801 530 inritis

125 591 190 631 rum
203 591 253 646 pro
264 571 401 643 jussione,
417 568 498 624 solid.
514 584 604 623 xxxvi.
927 574 931 580 “
984 570 1134 641 accipiant,
1150 574 1178 625 et
1193 570 1247 624 hoc
1262 585 1374 640 parum,
1390 575 1418 624 et
1431 573 1568 641 quantum
1579 569 1619 624 eis
1643 568 1679 623 ad
1693 568 1799 623 medio-

985 682 1062 722 crem
1076 666 1180 722 sufficit
1191 667 1256 721 vitae
1270 667 1513 738 gubernationem.
1531 667 1628 722 Sciant
1643 665 1723 722 enim
1738 666 1800 737 quia

126 795 233 852 tulariis
245 792 317 847 sacri
331 791 462 858 cubiculi,
478 790 528 845 sol.
541 807 568 845 ιι
577 807 584 855 ;
593 789 756 861 primicerio
772 789 936 844 clarissimo-
985 760 1091 864 ⁸i⁰¹ftm
1103 761 1162 815 haec
1173 748 1280 831 plima
1290 759 1458 864 acceperint’
1473 759 1635 864 ⁰⁰¹¹‘3f'lum
1648 758 1799 864 quidmpfi

126 905 191 944 mm
202 885 383 941 ,ribunomm
398 883 583 951 mmmmm,
598 883 704 952 501¹,3
719 882 780 953 ejus
802 881 934 953 adjutori,
985 853 1170 924 subiacebunt
1186 869 1288 924 poenoe,
1309 853 1358 907 sed
1377 857 1462 908 etiam
1483 854 1616 908 exsilium
1631 851 1801 907 habitabunt

126 982 238 1049 sol.111;
259 977 369 1032 cohorti
387 976 652 1049 gloriosissimorum
669 975 865 1046 prefectorum
885 990 936 1045 pro
960 945 962 951 Ι
986 942 1153 997 ⁰⁰¹¹ti¹¹¹¹¹¹m
1165 940 1245 1013 prim
1258 943 1299 997 ⁰¹⁸
1311 941 1403 1013 Plagis
1417 940 1543 1012 ⁰⁰fp⁰fi⁵
1558 938 1768 1012 inffiss‘ffl‘ffi'i

122 1073 259 1146 jussione,
273 1071 377 1126 solidos
391 1086 480 1125 xxxva.

161 706 184 757 Α
196 699 313 774 preside
326 697 446 768 scythica
460 697 499 751 sic
511 717 518 752 ι
532 695 730 768 spectabilibus
744 696 834 751 tribus
852 696 934 751 cbar-

1285 1127 1441 1183 novalia
1456 1127 1497 1182 tx.

161 1194 488 1264 ildefonsorecujusque
502 1191 630 1260 civitatis,
644 1190 784 1262 siquidem
798 1193 937 1260 metropo·
1041 1248 1046 1259 ,
1423 1250 1429 1261 .
1595 1247 1613 1260 ..
1691 1247 1698 1258 ι
1781 1249 1787 1260 0

985 1248 1192 1317 ιιιιιιιαιάιιηι,
1211 1247 1283 1318 quod
1299 1251 1428 1317 preston
1443 1248 1509 1302 solet
1534 1247 1568 1301 ob
1589 1261 1626 1301 us
1646 1261 1698 1315 qua
1722 1248 1801 1314 effisos

125 1292 160 1348 lis
174 1292 219 1359 sit,
232 1306 286 1362 pro
303 1287 430 1359 jussione
448 1285 554 1340 cohorti
579 1283 847 1355 gloriosissimorum
866 1297 937 1353 prm
1375 1341 1381 1354 .
1405 1342 1412 1354 .

126 1386 265 1441 lectorum
277 1382 379 1435 dentur
393 1377 472 1432 solidi
494 1381 631 1449 quatuor3
648 1377 672 1431 si
691 1376 744 1431 alia
765 1375 871 1444 civitas,
890 1390 935 1428 so·
1308 1344 1470 1410 mimi·

126 1478 177 1533 lidi
195 1480 262 1544 tres,
276 1477 304 1529 et
325 1470 558 1544 praetereanihil.
572 1470 642 1523 Nam
664 1484 756 1540 neque
776 1467 937 1523 defensores
1021 1502 1117 1556 Testor
1130 1499 1554 1573 egojmdoomnipomtem
1575 1500 1683 1567 Deum,
1696 1503 1726 1554 a,
1740 1501 1799 1554 uni.

127 1572 266 1636 volumus,
280 1567 322 1620 vel
347 1563 466 1619 summis
480 1561 702 1633 magistratibus,
718 1565 767 1615 aut
788 1560 871 1614 alicui
888 1558 937 1612 alii
987 1593 1225 1667 genimmffium
1235 1593 1296 1664 ejus
1306 1595 1396 1648 Deum
1404 1598 1533 1649 nostrum
1541 1592 1799 1658 mmmmm,

128 1661 276 1735 quidpiam
294 1659 370 1725 darc,
392 1656 434 1710 vel
458 1655 594 1725 accipere,
610 1654 666 1707 nisi
689 1669 724 1707 ex
747 1652 859 1723 publico
882 1651 937 1705 illis
987 1691 1014 1742 e,
1028 1686 1162 1758 spirim
1176 1691 1313 1754 sanctum,
1330 1701 1441 1741 necnon
1454 1691 1591 1755 metam,
1604 1702 1636 1740 ac
1651 1686 1800 1757 gloriosam

128 1751 343 1810 consuetudines
358 1748 489 1820 quaedam
503 1746 693 1817 praebeantur,
708 1745 862 1800 scientibus
881 1744 976 1823 illisB
988 1780 1037 1835 Dei
1057 1779 1234 1852 genitricem,
1250 1783 1279 1834 et
1300 1782 1437 1851 perpetuo
1458 1779 1601 1851 virginem
1623 1779 1755 1848 Mariam,
1775 1784 1799 1832 et

129 1849 204 1921 quod
223 1847 245 1900 si
265 1845 299 1899 de
322 1843 418 1913 aliquo
439 1840 566 1916 ipsorum
584 1839 619 1893 ad
641 1855 691 1893 nos
711 1838 849 1893 referatur
863 1837 938 1908 quod
988 1879 1109 1944 quatuor
1120 1871 1280 1944 Evangelia,
1290 1888 1353 1943 quae
1365 1871 1441 1927 hisce
1452 1871 1583 1927 manibus
1592 1875 1691 1940 teneo,
1706 1877 1800 1926 emn-

911 1929 916 1939 Ι
988 1969 1046 2020 ctos
1061 1964 1244 2036 archangelos
1255 1964 1417 2020 llichaelem
1430 1970 1459 2019 ct
1476 1964 1649 2033 Gabrielem,
1664 1964 1742 2034 quod
1761 1981 1799 2017 sa-

129 1940 235 1996 sancita
253 1939 358 2005 nostra,
379 1933 613 2004 transgrediatur,
634 1937 662 1986 et
681 1931 756 2002 quod
780 1930 887 2005 accepit
909 1946 938 1984 ιιι

41 2094 44 2100 ·
130 2031 322 2106 quadruplum
336 2027 474 2092 resfituet’
489 2024 938 2094 etabr⁰g³t⁰⁰ffi⁰i⁰perpetuum
989 2057 1150 2113 cratissimis
1159 2062 1188 2111 et
1195 2055 1377 2128 pientissimis
1387 2056 1510 2112 dominis
1522 2058 1627 2113 nostris
1637 2056 1800 2135 lustinigro,

989 2155 1017 2205 et
1028 2150 1180 2205 Theodora
1195 2149 1309 2220 conjugi
1323 2150 1456 2220 potentiva
1476 2149 1550 2204 illius
1564 2149 1711 2215 existenti,
1726 2165 1801 2203 occa-

128 2126 233 2182 inoolet
244 2121 385 2178 exsilium.
396 2120 466 2174 Cum
476 2133 569 2188 neque
581 2117 636 2188 ipsi
649 2116 857 2186 provinciarum
866 2132 937 2186 prae·

129 2219 202 2275 sides
224 2216 365 2271 minorem
391 2227 503 2283 poenam
524 2209 668 2279 excepturi
688 2208 753 2277 sint,
776 2209 799 2262 si
818 2209 871 2264 hoc
894 2224 940 2262 ne-

131 2310 280 2384 glexerint,
294 2312 322 2362 ct
331 2306 383 2361 sub
397 2321 446 2359 suo
461 2303 546 2358 veluti
561 2303 675 2372 aspectu
689 2301 849 2356 defensores
861 2315 940 2371 rape·
990 2259 1067 2296 smne
1082 2257 1203 2296 eonem
1215 2241 1286 2295 Μ
1301 2241 1336 2296 ab
1349 2241 1462 2296 ¹u⁰m¹¹¹
1477 2246 1583 2312 meme
1598 2241 1697 2307 ⁰fl¹⁰¹¹=
1707 2257 1803 2312 ΡΙπᾶιῃ

223 2403 227 2412 ⁶
989 2333 1802 2405 conscicnuamclgenuiaumprestaturussumscrvitiam.

129 2421 145 2458 Γ
146 2421 161 2460 0
173 2406 317 2476 1³³⁰th
320 2441 326 2454 ·
989 2428 1124 2498 Quodque
1140 2443 1191 2498 pro
1206 2426 1333 2498 ipsorum
1346 2426 1466 2498 imperio
1480 2430 1509 2481 et
1520 2426 1681 2497 republica,
1695 2426 1726 2480 in
1740 2442 1802 2480 con·

169 2521 321 2595 [Scriptum
333 2518 419 2587 hujus
430 2515 501 2586 legis
514 2514 676 2584 exemplum
687 2513 830 2569 [lominica
841 2513 941 2583 glorio
990 2536 1066 2575 cesso
1080 2519 1152 2574 mihi
1164 2519 1199 2573 ab
1213 2518 1281 2590 ipsis
1294 2517 1397 2589 oflicio,
1406 2535 1518 2574 summa
1529 2534 1595 2572 cum
1608 2518 1701 2573 animi
1715 2535 1806 2590 prom·

131 2612 241 2669 sissifflO
247 2606 445 2680 praeiOliOFUffl
453 2619 504 2673 per
510 2603 652 2672 lllyrifflm
661 2618 695 2673 Pr
697 2602 806 2670 ffif00202
821 2602 941 2673 hisqm·
989 2612 1139 2684 ptitudine,
1151 2610 1211 2667 sine
1218 2611 1282 2667 dolo
1293 2615 1321 2666 et
1328 2610 1433 2683 absque
1442 2611 1554 2677 fraude,
1565 2627 1683 2666 omnem
1693 2627 1804 2682 operam

130 2695 941 2778 qucadditis.lusjurandumsubeantseoundumpropricm
989 2721 1021 2759 m
1034 2705 1164 2759 lahorem
1178 2703 1323 2759 mbimrm
1337 2719 1413 2759 mm,
1424 2705 1458 2758 Ei
1469 2703 1544 2775 quod
1556 2720 1623 2758 rum
1634 2702 1805 2757 mrrfimimr

131 2800 166 2854 dc
179 2799 232 2851 hoc
246 2795 400 2860 factumst
412 2790 485 2844 infra
496 2787 620 2861 positam
630 2793 846 2857 sacramentum,
862 2788 942 2858 cuius
990 2797 1038 2851 bei
1053 2797 1199 2864 athalias,
1221 2800 1249 2851 ct
1264 2795 1415 2866 apostolica
1434 2795 1555 2851 Ecclesia
1573 2796 1805 2850 communionem

131 2889 296 2960 exemplum
310 2886 394 2940 etiam
416 2883 555 2937 directum
574 2886 616 2935 cst
635 2887 691 2937 ture
707 2881 875 2936 celsitudini.
889 2880 941 2944 Qui
990 2889 1089 2956 imber,
1105 2905 1197 2960 mmm
1211 2887 1236 2943 ri
1248 2888 1306 2942 ulia
1318 2888 1482 2960 unquamm
1496 2905 1537 2958 rr,
1549 2892 1598 2942 rm
1610 2888 1698 2943 modo
1711 2888 1803 2943 mirer.

132 3000 199 3039 vcro
217 2977 474 3035 administrationes
490 2975 676 3046 suscipiunta
696 2980 745 3029 tua
764 2973 939 3042 celsitudine,
990 2982 1081 3050 misor,
1098 2998 1191 3053 neque
1207 2982 1353 3053 (quantum
1371 2981 1402 3034 m
1422 2997 1467 3035 mr
1490 2981 1551 3050 eris)
1572 2981 1659 3035 mimi
1674 2979 1724 3035 iiii
1743 2996 1804 3052 prr.

133 3077 238 3131 directo
252 3072 319 3125 hinc
336 3069 375 3123 eis
395 3085 411 3120 a
429 3067 512 3121 nobis
526 3067 666 3122 codicillos
689 3066 849 3137 suscipiant,
866 3081 939 3136 prce·
989 3075 1110 3130 mirsam,
1123 3073 1229 3128 Eodem
1238 3073 1401 3145 juramento
1418 3077 1515 3139 mmm,
1530 3072 1608 3145 qumi
1621 3088 1718 3144 rmqrm
1731 3089 1805 3127 mm.

133 3172 211 3224 sente
226 3167 281 3219 lleo
295 3160 407 3216 amabili
420 3159 540 3213 civitatis
556 3159 585 3212 in
605 3175 660 3229 qua
678 3159 786 3229 degunt
798 3158 939 3229 episcopo,
991 3167 1170 3223 simmtmditi
1181 3165 1355 3235 mimmii,
1364 3181 1456 3237 nsque
1464 3182 1638 3236 permissam
1648 3164 1804 3237 patrocinii,

134 3267 162 3318 ei
174 3259 235 3314 aliis
248 3255 336 3329 quiin
347 3253 458 3308 divitaie
471 3251 692 3321 suntinjudicio
706 3251 942 3306 tuaeoelsitudinis
990 3265 1039 3316 aut
1052 3258 1170 3331 praesiiti
1181 3258 1257 3330 apud
1280 3259 1431 3313 Dominum
1450 3257 1586 3330 suffragii,
1612 3258 1663 3312 ulli
1682 3257 1805 3313 omnimo

133 3349 321 3425 congregatis,
336 3352 365 3402 et
377 3345 456 3400 omni
466 3349 514 3399 tu⁰
526 3343 628 3410 0ffi⁰i⁰s
641 3360 735 3398 00ffl11¹
743 3344 845 3414 quibus
854 3344 942 3399 eiiam
991 3353 1158 3425 quidquam,
1172 3351 1216 3406 vel
1231 3351 1305 3418 dedi,
1317 3351 1360 3406 vel
1370 3350 1452 3420 dabo,
1462 3350 1506 3405 vel
1516 3350 1647 3422 promisi,
1657 3350 1703 3405 val
1712 3355 1805 3423 paetus

132 3445 270 3504 codicillos
288 3441 434 3511 accipiant,
451 3440 480 3492 et
491 3437 590 3508 jurent
609 3436 777 3508 proediciulss
801 3437 942 3509 jusjurffll·
991 3463 1054 3502 sum
1066 3463 1101 3501 cx
1121 3444 1264 3518 provincia
1282 3444 1405 3513 mittere,
1424 3443 1470 3498 vel
1486 3442 1609 3511 mittam,
1625 3443 1685 3499 sive
1707 3442 1804 3515 glorio·

133 3543 212 3596 diam.
228 3539 262 3592 Et
273 3535 397 3590 maxime
409 3533 463 3586 hoc
478 3529 657 3602 precipimus
668 3530 742 3584 circa
754 3530 872 3583 curiales
883 3531 940 3600 agi,
991 3539 1093 3593 rimimi
1108 3538 1232 3609 prmfmti
1245 3541 1321 3606 sum,
1338 3536 1395 3592 sire
1409 3536 1456 3591 alii
1473 3535 1657 3591 celeberrimi
1670 3535 1727 3591 riri
1746 3552 1806 3591 mm

133 3623 942 3707 quoscompetensestmagnalrai,ctataacclsitudina:ct
989 3635 1128 3703 potestate
1151 3629 1310 3699 firmissimas,
1333 3629 1389 3684 sive
1415 3629 1489 3683 sirm
1512 3627 1574 3682 iilos
1596 3629 1705 3683 versari
1726 3628 1804 3696 mliii,

133 3726 183 3797 qui
195 3722 330 3780 eumdem
346 3718 504 3789 cingulum,
519 3715 626 3786 optima
647 3715 700 3770 erit
714 3715 898 3787 providentia,
914 3719 942 3770 et
991 3724 1048 3779 sire
1062 3724 1211 3794 quisquam
1227 3721 1355 3776 omnium
1367 3736 1373 3773 :
1384 3722 1433 3776 sed
1443 3720 1690 3793 quamadmodum
1703 3719 1805 3793 gratui-

133 3817 272 3883 studium,
285 3816 319 3867 ut
332 3811 444 3867 nihilab
455 3810 495 3864 eis
508 3809 625 3864 lucreris
636 3808 763 3878 omniuo,
775 3824 866 3879 neque
881 3824 941 3879 por·
991 3822 1051 3872 tum
1067 3815 1191 3870 officium
1201 3815 1319 3887 suscepi,
1335 3815 1375 3869 iis
1384 3819 1413 3870 si
1425 3830 1494 3885 mgr
1502 3814 1751 3885 pientissimorum
1762 3831 1806 3869 rm.

133 3910 229 3967 mittas
243 3923 289 3962 eos
302 3905 337 3959 ab
349 3903 406 3957 ullo
421 3902 496 3956 laedi.
512 3903 562 3955 Eos
576 3902 652 3956 auhn
666 3901 713 3973 qui
729 3902 801 3956 hanc
813 3903 942 3957 nituntur
991 3913 1113 3965 atrorum
1126 3907 1305 3963 dominorum
1324 3907 1471 3962 collatores
1490 3906 1639 3978 integram
1653 3923 1704 3963 me
1716 3912 1745 3962 et
1756 3906 1806 3961 sin·

132 3999 321 4073 iniquitatem,
337 3999 476 4068 (illatenus
488 3997 516 4048 et
532 3993 691 4048 felicissimo
708 3997 804 4048 nostw
824 3999 942 4051 utantur
991 4019 1087 4058 cerum
1101 4000 1249 4070 exhibebo,
1264 3999 1422 4055 constitutis
1432 3998 1504 4054 mihi
1513 4014 1548 4053 ex
1556 3998 1676 4070 publico
1689 4000 1803 4055 annoms

134 4095 270 4160 exercitu,
284 4097 312 4148 et
320 4089 442 4160 reliquas
452 4087 570 4142 curiales
579 4085 752 4157 adimpleant
764 4087 940 4142 functiones:
991 4097 1147 4149 contentus.
1169 4095 1207 4147 Ac
1227 4109 1286 4165 praa
1307 4091 1438 4147 omnibus
1463 4107 1530 4146 saue
1547 4107 1668 4163 operam
1688 4091 1759 4147 dabo
1778 4097 1804 4146 ut

133 4192 266 4265 quianon
280 4186 390 4257 oportet
401 4181 468 4236 talia
482 4179 614 4235 attentari
629 4179 735 4247 solatia,
750 4183 784 4234 ut
795 4182 884 4252 possit
895 4198 941 4236 ra·
990 4187 1103 4242 tributis
1117 4185 1269 4257 diligenter
1284 4184 1458 4253 incumbam,
1481 4189 1509 4239 et
1527 4183 1678 4239 indevotos
1696 4185 1804 4258 quidem

131 4284 202 4342 ferri
215 4282 372 4337 adtantam
390 4275 563 4330 tarditatem.
578 4272 651 4326 Nihil
669 4272 746 4327 enim
770 4273 850 4328 nobis
869 4291 942 4330 com·
991 4297 1023 4335 ac
1046 4278 1238 4351 compulsione
1260 4278 1419 4350 indigentes
1437 4293 1504 4332 cum
1529 4277 1611 4331 omni
1631 4273 1804 4333 vehementia

131 4377 248 4435 mandat
260 4378 339 4429 tuam
353 4367 559 4432 celsitudinem,
573 4366 715 4437 quomodo
730 4367 804 4422 circa
825 4368 942 4423 curiales
991 4373 1115 4445 exigam,
1130 4372 1161 4426 in
1175 4371 1252 4426 nullo
1264 4370 1304 4425 eis
1317 4371 1429 4440 cedens,
1442 4385 1535 4440 neque
1547 4369 1669 4424 omnino
1680 4369 1754 4425 lucri
1762 4385 1801 4424 ca·

133 4468 354 4538 uniuscujusque
367 4461 484 4517 civitatis
499 4459 661 4531 provinciae,
674 4475 760 4530 quam
767 4460 891 4532 praeberi
897 4470 981 4543 vol)
993 4466 1089 4537 ptandi
1104 4464 1206 4533 studio,
1215 4464 1258 4519 vel
1268 4463 1454 4535 pergratiam,
1464 4461 1626 4531 velodium,
1640 4462 1802 4534 ultraquam

133 4565 230 4622 lomus
239 4560 313 4628 istis,
329 4563 356 4613 et
368 4573 384 4610 a
398 4561 445 4611 tua
460 4553 633 4619 celsitudine,
650 4568 683 4607 ac
702 4552 810 4624 cinguli
830 4570 942 4624 semper
991 4558 1131 4627 convenit,
1143 4557 1198 4613 sive
1211 4558 1307 4628 petam
1320 4555 1355 4610 ab
1367 4555 1472 4625 aliquo,
1482 4554 1539 4608 siva
1551 4553 1638 4609 alicui
1651 4555 1799 4620 remittam,

133 4649 350 4716 successorihus.
365 4649 540 4719 Quapropter
549 4646 619 4700 dum
628 4645 767 4701 codicillos
777 4645 887 4701 dederis
896 4646 942 4701 ad·
991 4652 1104 4708 devotos
1116 4666 1182 4706 vero
1193 4653 1311 4720 paterno
1323 4647 1447 4720 quodam
1461 4645 1564 4702 affectu
1578 4647 1762 4719 complectar.
1774 4646 1802 4701 ιιι

132 4746 354 4809 ministrationes
368 4738 570 4811 accipientibus
585 4741 651 4805 ate,
662 4744 711 4793 aut
725 4745 874 4809 prensante,
889 4740 942 4794 hoc
991 4745 1117 4800 subditos
1141 4741 1384 4814 pientissimorum
1417 4744 1582 4796 nostrorum
1624 4739 1801 4796 dominorum

133 4847 173 4902 eis
188 4850 269 4899 tuam
287 4835 455 4894 denuntiare
472 4832 604 4887 volumus
618 4831 724 4901 sedem,
741 4837 775 4886 ut
792 4831 942 4887 curialibus
991 4837 1138 4910 (quantum
1150 4833 1180 4891 in
1194 4851 1239 4891 me
1248 4833 1310 4906 erit)
1320 4833 1446 4906 undique
1456 4848 1539 4902 noxa,
1550 4835 1581 4887 et
1591 4831 1802 4888 damnolibel'oe

133 4953 249 4994 omnem
260 4935 333 4989 ferat
341 4931 476 4995 favorem,
491 4925 562 4980 nihil
574 4924 687 4997 penitus
698 4924 780 4980 abeis
791 4925 939 4997 accipiens.
991 4929 1170 4988 conservabo.
1183 4931 1274 5000 Atque
1286 4943 1402 4998 aequum
1414 4942 1461 4981 mc
1476 4926 1590 4997 utrique
1605 4926 1695 4997 parti,
1710 4923 1801 4981 tamin

132 5030 338 5086 prohibeantur
351 5029 446 5079 autem
459 5024 487 5076 et
501 5019 536 5073 ab
549 5019 611 5074 aliis
624 5017 664 5071 eis
675 5017 769 5073 afferri
785 5020 899 5086 damna,
913 5024 942 5074 ct
991 5022 1175 5095 disceptandis
1198 5018 1403 5088 controversiis,
1420 5035 1507 5090 quam
1529 5019 1638 5074 tuenda
1664 5015 1801 5090 disciplina

133 5124 288 5194 agnoscant
298 5135 349 5189 pcr
360 5121 388 5171 ta
403 5114 501 5187 quiesi
514 5117 627 5184 praetcr,
637 5111 691 5166 hoc
699 5111 807 5182 aliquid
820 5112 940 5183 egerint,
990 5116 1102 5189 publica
1116 5114 1254 5187 prebens,
1264 5113 1358 5169 neutri
1371 5111 1445 5184 parti
1456 5114 1561 5183 praeter
1569 5111 1619 5182 jus
1631 5115 1663 5166 et
1675 5111 1720 5167 fas
1728 5109 1799 5166 addi·

131 5215 223 5289 poenis
232 5210 415 5281 subjacebunt
423 5206 603 5279 pravissimis.
616 5205 694 5260 Sicut
703 5205 779 5260 euim
791 5205 942 5260 curialibus
990 5215 1115 5278 ctusero,
1127 5208 1175 5264 sed
1188 5223 1287 5262 omnes
1297 5205 1491 5277 delinquentes
1503 5219 1673 5275 persequar,
1684 5209 1714 5259 et
1723 5201 1802 5275 equi·

132 5322 248 5382 parcere
263 5308 289 5358 te
302 5302 442 5368 volumus,
456 5301 495 5355 ita
510 5304 539 5356 et
551 5300 731 5355 defensorum
752 5297 899 5369 castigare,
913 5301 942 5353 et
991 5307 1077 5358 iatam
1091 5300 1168 5356 omni
1182 5317 1215 5355 sx
1233 5303 1313 5371 parte
1327 5297 1507 5366 conservabo,
1530 5298 1560 5351 et
1580 5301 1672 5368 prout
1685 5296 1756 5352 mihi
1763 5295 1803 5367 iu·

130 5400 254 5458 retinere
265 5393 409 5450 avaritiam
421 5394 570 5461 sancimus,
580 5398 609 5448 et
619 5392 654 5447 ab
664 5392 705 5446 eis
717 5407 888 5462 presumere
899 5407 942 5445 ac·
991 5400 1066 5451 stum
1079 5393 1228 5449 videbitur.
1243 5391 1332 5447 Simul
1346 5391 1482 5459 insontes,
1495 5405 1531 5446 ne
1543 5389 1614 5460 quid
1629 5390 1757 5445 sentiant
1767 5386 1802 5443 di

131 5497 225 5567 cipere
245 5508 262 5545 a
280 5485 383 5544 nostris
401 5485 540 5555 subjectis,
556 5486 611 5540 uisi
634 5486 790 5540 secundum
807 5485 882 5556 quod
903 5485 942 5539 cis
991 5488 1109 5560 spendii,
1123 5486 1232 5554 tuebor,
1248 5484 1332 5540 simul
1344 5483 1401 5539 reis
1416 5482 1543 5538 sontibus
1553 5482 1718 5539 secundum
1732 5482 1802 5553 lega

130 5587 309 5644 administrat
320 5577 476 5652 respublica
490 5580 539 5632 aut
548 5577 571 5631 si
585 5594 643 5632 non
657 5583 698 5633 est
710 5578 823 5650 abquod
837 5577 877 5633 eis
891 5595 942 5649 pu·
991 5581 1123 5651 irrogabo
1136 5579 1316 5651 supplicium.
1329 5579 1361 5632 Et
1384 5576 1425 5647 (ut
1446 5574 1554 5631 dictum
1569 5575 1621 5645 est)
1642 5580 1703 5631 tam
1715 5575 1745 5630 in
1756 5590 1804 5647 pu·

990 5673 1070 5729 blicis
1082 5690 1168 5745 quam
1180 5671 1294 5744 privatis
1307 5668 1494 5726 contractibus
1509 5685 1516 5723 :
1531 5672 1679 5740 praetcrea
1691 5672 1720 5724 et
1733 5667 1804 5723 sitis·

162 5775 245 5830 'Hoc
257 5789 315 5829 non
327 5768 475 5828 invenitur
485 5766 514 5823 in
525 5764 627 5821 Grecis
639 5762 855 5836 exemplaribus.
990 5783 1023 5821 co
1038 5766 1180 5822 adteratur
1194 5765 1306 5836 injuria,
1319 5762 1459 5834 justitiam
1466 5761 1632 5818 observabo.
1647 5761 1745 5835 usquc
1754 5775 1804 5831 ogo
