3884 6150
79 270 134 324 tae
241 226 245 232 ⁴
282 286 288 291 ·
574 269 617 326 oa
635 270 792 326 utrumn
809 269 995 325 GALHGAAA
1013 226 1113 328 uinea
1132 273 1264 330 emaus.
1717 285 1767 341 rso

75 378 197 451 phanias
215 377 711 450 sanctorumquedieifueritagenda
719 378 888 432 solemnitas
910 381 1050 462 Actaeus:
1067 382 1159 437 Gloria
1169 387 1194 436 et
1208 384 1292 437 bonor
1304 387 1428 448 Potrici
1441 388 1520 451 Filio,
1533 393 1559 444 et
1570 389 1688 460 Spiritui
1700 390 1764 465 34

77 473 196 544 singula
216 471 341 543 capitula
362 471 461 526 diebus
476 476 544 543 apta
561 471 776 543 subjungimus,
797 471 899 543 quibus
949 478 1050 536 sarecto,
1065 490 1152 530 amen.
1163 479 1234 534 llam
1244 482 1269 531 et
1283 479 1329 531 illc
1345 480 1468 548 dymnus,
1478 499 1555 552 quem
1567 489 1631 540 uoto
1645 488 1673 539 in
1686 501 1766 542 carne

77 565 392 620 commemorationem
405 567 511 619 sanctor
525 564 726 632 solemnitatis,
739 568 789 619 aut
798 581 899 619 eorum
951 567 1054 623 cbristo
1066 570 1158 636 atiqeti
1171 572 1321 624 cecinerunt
1334 590 1342 624 r
1358 573 1450 627 Gloria
1465 577 1493 629 in
1506 578 1616 632 eccelsia
1626 581 1687 640 lieo,
1699 584 1724 634 et
1736 582 1766 634 iu

75 659 212 726 facimus,
225 674 349 731 quorum
363 658 495 712 natalitia
508 658 706 713 celebramus:
719 660 899 713 caeteravero
950 663 1023 713 terra
1034 676 1094 730 pua
1111 662 1260 717 bominibus
1277 664 1350 719 bouae
1369 666 1528 732 saturitatis,
1544 674 1570 723 et
1587 671 1693 741 reliqua
1706 688 1766 742 quta

77 751 183 807 ordine
197 755 335 807 consueto
348 750 560 823 persequimur.
574 751 754 823 Quapropter
770 755 799 805 et
812 751 900 822 ipsius
950 753 988 806 ibi
1014 758 1179 823 sequuntur,
1208 757 1378 812 ecclesiastici
1403 760 1521 816 doctores
1551 771 1763 833 composuerunt.

76 845 228 900 canomces
237 845 333 900 Preeis
344 848 454 899 textum
467 843 624 899 direximus
634 845 732 899 subter
742 844 898 914 adjectum,
949 846 1032 917 Apud
1046 846 1140 901 Gallos
1155 848 1393 918 frequentabatur·
1408 853 1501 908 Gloria
1514 856 1604 918 Patri,
1613 858 1685 910 teste
1698 858 1765 912 Gre-

77 956 169 1010 quem
185 939 244 993 Deo
257 938 384 1010 propilio
400 955 433 992 ex
451 938 607 1010 apostolice
621 938 777 993 traditione
792 937 900 1009 accepi·
950 939 1031 1009 gorio
1048 939 1181 1011 episcopo
1201 942 1360 996 Turonensi
1380 944 1410 997 iu
1428 944 1476 999 lib.
1496 963 1523 1000 vr
1541 964 1603 1018 cap.
1618 950 1662 1003 lo.
1680 950 1762 1014 Quod

77 1049 155 1087 mus.
165 1054 180 1082 u
193 1033 251 1086 Hoc
262 1031 291 1085 in
301 1032 365 1086 loeo
376 1030 496 1101 vigilius
510 1032 605 1087 Precis
620 1031 738 1086 nomine
750 1031 898 1087 Cononem
950 1048 1009 1086 non
1019 1032 1143 1103 probant
1151 1035 1281 1088 Toletani
1291 1036 1389 1090 Patres
1400 1037 1429 1090 in
1437 1054 1548 1094 canone
1559 1043 1763 1114 lb,voluntque

77 1141 169 1180 sacrae
183 1125 305 1180 actionis
317 1124 462 1196 intelligit,
475 1124 516 1178 uti
523 1125 586 1195 jam
595 1125 728 1196 >superius
738 1124 897 1179 observavi·
950 1128 981 1179 ul
995 1126 1088 1182 Gloria
1103 1132 1129 1181 et
1143 1128 1226 1183 bonor
1238 1131 1318 1183 Patri
1331 1129 1451 1184 dicatur.

77 1235 145 1274 mus
162 1235 169 1272 :
187 1234 275 1290 quem
294 1234 437 1273 canonem
453 1217 493 1271 ait
507 1218 595 1272 fuisse
610 1218 640 1272 in
656 1217 790 1272 omnibus
808 1217 897 1285 festis,
985 1222 1026 1272 13.
1044 1219 1160 1274 Conone
1175 1224 1207 1275 18
1222 1221 1353 1293 arguitur·
1367 1225 1564 1294 quorumdam
1580 1229 1761 1284 sacerdotum

77 1313 153 1367 sicut
170 1313 200 1365 et
214 1310 313 1377 modo,
326 1327 524 1378 communem,
537 1314 644 1382 praeter
655 1311 813 1382 singularia
826 1310 899 1382 eapi-
949 1313 1135 1379 consuetudo,
1158 1314 1207 1384 qui
1223 1320 1286 1386 post
1305 1316 1407 1371 dietam
1425 1321 1573 1375 orationem
1598 1325 1763 1378 dominicam

76 1406 139 1460 tula
152 1405 306 1477 praecipuis
319 1404 399 1459 festis
411 1404 567 1475 peculiaria
579 1421 585 1459 :
598 1404 628 1475 in
640 1404 899 1477 quibussanctaeso
947 1409 1040 1460 statim
1058 1411 1263 1472 communicant,
1286 1414 1312 1463 et
1330 1415 1425 1479 postea
1444 1413 1648 1469 benedictionem
1666 1418 1695 1469 iu
1710 1432 1761 1487 po-

76 1500 239 1562 ieiunitatis,
248 1501 298 1552 aut
306 1514 407 1553 eorum
417 1497 506 1552 fiebat
516 1499 670 1566 memoria,
680 1499 899 1569 quorumnotali
944 1500 1011 1570 pulo
1035 1500 1117 1570 dant;
1136 1501 1337 1572 statuiturque,
1353 1507 1388 1573 ul
1398 1511 1461 1574 post
1473 1510 1621 1562 orationem
1639 1511 1759 1564 Domini·

76 1590 899 1655 decelebrabantur.Qualiaetiamnunchabemusinore-
947 1609 1006 1647 carn
1026 1597 1051 1647 et
1072 1594 1280 1663 conjunctionem
1295 1600 1378 1666 ponis
1394 1603 1421 1652 et
1440 1601 1543 1663 calicis,
1568 1601 1714 1657 benedictio
1734 1602 1763 1657 in

77 1685 159 1740 tione
171 1685 437 1752 Communieantes,
449 1701 513 1756 quae
527 1685 556 1739 in
569 1685 720 1756 praecipuis
731 1686 810 1741 festis
820 1685 897 1739 varia
945 1687 1075 1756 populum
1084 1694 1214 1757 sequatur
1226 1691 1292 1742 ante
1306 1692 1554 1747 communionem.
1567 1694 1636 1748 Huic
1647 1695 1761 1751 decreto

78 1783 129 1833 est.
141 1778 192 1832 Hic
204 1781 302 1832 aulem
313 1778 393 1845 ritus,
402 1777 437 1832 de
448 1793 504 1848 quo
515 1778 635 1849 Vigilius
645 1779 715 1849 agit,
725 1779 802 1833 baud
811 1761 935 1833 dubieB
948 1779 1035 1832 affine
1047 1780 1177 1851 estquod
1192 1781 1330 1835 Caesarius
1345 1782 1374 1836 in
1385 1800 1521 1839 sermono
1531 1789 1579 1840 ist
1594 1788 1763 1859 appendicis

78 1871 248 1927 Gelasianus
259 1874 320 1926 erat
333 1888 338 1924 :
352 1887 440 1942 quem
455 1870 578 1941 proinde
592 1872 694 1926 soeculo
709 1888 736 1924 vv
750 1870 898 1942 provincia
948 1871 985 1925 ad
1004 1889 1108 1927 novam
1127 1873 1286 1929 editionem
1308 1892 1477 1932 sermonum
1496 1879 1649 1949 Augustini
1662 1881 1762 1936 fideles

78 1966 182 2019 sallem
197 1964 379 2019 Bracarensis
395 1964 511 2034 recepit.
523 1966 634 2018 Aleum
648 1964 791 2019 Toletanis
802 1964 896 2019 conci·
947 1968 1057 2032 monet,
1066 1968 1096 2020 ut
1106 1967 1220 2037 quivult
1230 1967 1348 2023 missam
1357 1990 1371 2017 «
1380 1970 1416 2024 ad
1424 1970 1571 2042 integrum
1582 1973 1759 2042 celebrarem

77 2058 122 2112 liis
135 2074 168 2112 ιιι
182 2061 213 2112 et
228 2074 255 2112 1v
271 2059 458 2113 Bracarenses
477 2059 604 2130 episcopi
618 2057 826 2124 interfuissent,
844 2073 895 2112 no·
947 2056 976 2111 id
991 2061 1034 2111 est
1046 2058 1156 2127 audire,
1175 2079 1189 2109 «
1205 2077 1352 2132 usquequo
1367 2063 1460 2117 oratio
1476 2064 1629 2120 [lominica
1639 2065 1760 2135 dicatur,

77 2167 145 2206 vum
161 2151 252 2205 ritum
266 2151 296 2206 in
311 2152 351 2206 eis
366 2152 711 2223 praescriptun1liomano
726 2150 897 2221 (utcredere
948 2154 977 2204 et
993 2150 1156 2206 benedictio
1178 2154 1284 2224 populo
1306 2154 1398 2223 detur,
1413 2176 1427 2204 ι»
1444 2173 1474 2211 se
1490 2157 1519 2211 in
1534 2157 1654 2213 ecelesia
1668 2159 1760 2214 conti·

78 2262 131 2318 par
145 2247 199 2315 est)
210 2246 409 2316 praetulerunt.
421 2247 455 2301 Et
467 2245 717 2317 quemadmodum
729 2245 853 2317 hymnos
864 2262 897 2299 ex
947 2247 1023 2298 neat.
1032 2244 1272 2308 Qumbonedictio
1280 2248 1759 2319 «praemissaorationcDominiean

79 2342 178 2393 sancto
198 2338 316 2406 Hilario,
336 2339 376 2394 sic
394 2340 483 2394 etiam
505 2356 589 2394 suum
610 2340 730 2394 fortasse
753 2339 841 2393 ritum
864 2354 897 2393 ex
948 2336 1010 2390 dari
1026 2336 1129 2391 dicitur
1143 2338 1172 2391 in
1189 2355 1324 2394 sermone
1339 2343 1481 2413 sequenti.
1494 2342 1761 2418 Hucspeetatquod

79 2431 897 2504 GallorumimitationeacceperuntHispani.Ubinremo·
947 2429 1052 2501 legitur
1068 2430 1097 2484 in
1114 2430 1161 2484 lib.
1178 2448 1186 2485 1
1202 2431 1237 2485 de
1258 2431 1389 2503 ejusdem
1403 2436 1519 2491 Caesarii
1533 2439 1591 2493 vita
1609 2456 1689 2495 num.
1706 2438 1759 2496 li:
1799 2462 1800 2466 ¹

79 2525 155 2579 riam
165 2524 244 2579 subit
256 2526 363 2579 factum
375 2526 475 2597 magni
487 2525 603 2582 Caesarii
614 2525 741 2596 episcopi
751 2527 897 2579 Arelaten-
949 2544 962 2570 u
978 2524 1044 2576 Post
1058 2523 1120 2578 haee
1130 2524 1257 2595 quadam
1271 2526 1317 2581 die
1331 2529 1509 2599 prospiciens
1519 2530 1554 2585 de
1567 2533 1679 2600 alterio,
1690 2529 1762 2589 vidit

80 2619 127 2685 sis,
139 2619 191 2690 qui
204 2640 217 2667 u
230 2635 283 2689 per
293 2619 405 2673 ltaliam
415 2623 444 2673 et
453 2619 621 2690 Hispaniam
633 2642 646 2669 »
659 2619 794 2674 homilias
803 2634 897 2673 sacrae
947 2615 1058 2686 aliquos
1073 2616 1153 2670 lectis
1166 2618 1329 2689 Evangeliis
1343 2620 1379 2674 de
1395 2622 1514 2677 eeclesia
1524 2623 1602 2678 foras
1612 2625 1698 2692 exire,
1711 2625 1761 2696 qui

80 2710 215 2767 distribui
227 2713 346 2779 curavit,
360 2710 423 2786 33
436 2734 449 2762 u
462 2717 492 2767 ut
504 2713 639 2785 projectis
655 2713 739 2767 rebus
749 2711 857 2767 frivolis
869 2714 904 2780 et,
947 2707 1065 2761 verbum
1081 2708 1158 2763 beati
1172 2710 1240 2776 Viri,
1255 2711 1340 2765 idest
1357 2714 1605 2783 predicationem,
1619 2717 1760 2787 dedigna-

79 2804 205 2871 caducis,
214 2805 296 2876 juxta
310 2807 489 2876 Apostolum,
499 2806 643 2861 benorum
658 2823 778 2877 operum
792 2804 897 2859 fierent
946 2800 1052 2855 bantur
1063 2801 1198 2872 inprime
1211 2819 1394 2873 cognoscere.
1407 2806 1483 2861 lllico
1495 2823 1646 2863 occurrens
1657 2810 1762 2865 clama·

78 2902 247 2965 sectatores,
262 2920 276 2948 r>
292 2915 325 2952 cx
340 2899 401 2970 ejus
415 2899 571 2954 Vitalium
586 2900 692 2970 prime,
710 2915 790 2953 num.
805 2902 848 2952 31,
947 2893 986 2947 vil
1001 2893 1038 2947 ad
1053 2896 1191 2966 populum
1208 2912 1215 2950 ε
1233 2895 1307 2959 Quid
1320 2898 1443 2968 agitis,o
1458 2899 1528 2954 lilii?
1543 2900 1604 2964 Quo
1621 2902 1761 2960 ducimini

116 2996 159 3046 11.
171 2993 204 3045 ln
215 2991 336 3047 concilio
347 2994 483 3047 Toletano
495 3010 522 3047 ιν
532 2993 666 3065 quadam
678 2991 897 3048 constitutiones
946 2987 1023 3041 foras
1043 2988 1120 3042 mala
1139 2987 1272 3043 suasione
1292 2989 1437 3045 subversi?
1452 2991 1531 3047 State
1543 3010 1595 3064 pro
1610 2994 1761 3052 animabus

78 3086 165 3140 lactae
183 3087 260 3152 sunt,
275 3101 398 3157 quarum
419 3086 660 3143 commemoratio
681 3086 747 3141 huic
762 3087 824 3141 loeo
838 3101 896 3139 non
909 3129 936 3202 C
948 3080 1049 3135 vestris
1063 3081 1100 3135 ad
1114 3082 1232 3136 verbum
1247 3083 1464 3153 admonitionis,
1481 3086 1621 3141 claudite
1637 3089 1759 3145 solliciti.

79 3194 185 3250 parum
199 3178 343 3234 conducit,
354 3181 469 3236 canone
485 3181 513 3235 ll
528 3184 643 3236 cavetur
652 3179 774 3236 Alleluia
785 3179 814 3234 in
825 3178 899 3242 Quo·
949 3174 1006 3229 Hoc
1019 3173 1099 3228 vobis
1111 3174 1140 3228 in
1152 3174 1199 3228 die
1211 3175 1313 3246 judieii
1323 3176 1418 3231 facere
1432 3194 1490 3233 non
1503 3178 1606 3234 licebit.
1621 3181 1721 3237 Moneo
1733 3187 1763 3238 et

79 3271 249 3344 dragesirna
263 3272 500 3330 dicizeteanone
517 3273 898 3346 tilaudespostApostolnm
948 3269 1041 3323 clamo
1065 3267 1265 3339 obtestorque;
1291 3285 1349 3323 non
1373 3286 1443 3341 ergo
1467 3275 1557 3326 estote
1578 3273 1692 3345 fugitivi
1716 3276 1760 3330 vel

77 3366 232 3428 meantem,
241 3368 402 3437 priusquam
409 3369 586 3438 annoelion
594 3368 841 3439 praeludendum
850 3381 896 3421 ca·
948 3361 1035 3415 surdi.
1050 3361 1120 3416 Ecce
1134 3360 1192 3415 oris
1206 3360 1265 3414 mei
1275 3359 1406 3429 buccina,
1421 3364 1503 3434 quasi
1515 3365 1613 3419 anima
1624 3367 1761 3439 cujusque

78 3476 160 3515 „oues
181 3461 348 3531 praecipomt
367 3465 428 3530 post
448 3461 615 3532 Apostolum,
640 3476 693 3515 non
714 3461 829 3523 laudes,
851 3459 899 3515 sed
947 3457 1074 3508 vestrum
1090 3454 1176 3508 fuerit
1190 3453 1297 3508 diaboli
1310 3471 1449 3510 mucrone
1464 3461 1625 3528 perempta.
1639 3460 1701 3513 Non
1717 3464 1759 3515 te·

75 3554 257 3622 Eraraqelium
270 3556 440 3608 annuntiari.
452 3552 565 3608 Garoias
579 3552 692 3607 Loiaisa
704 3552 834 3607 Laudum
849 3568 897 3607 no
947 3548 1039 3602 nabor
1051 3548 1087 3601 de
1100 3547 1295 3602 taciturnitate
1310 3548 1468 3619 culpabilis.
1481 3549 1523 3605 ob
1533 3551 1588 3606 boc
1603 3551 1761 3623 saepissimo

79 3646 160 3700 mine
172 3646 309 3718 intelligit
318 3648 460 3719 hymnum
470 3646 557 3700 trium
568 3646 778 3717 puerorum.At
787 3647 897 3699 certum
948 3641 1021 3696 ostia
1035 3644 1100 3712 post
1113 3641 1267 3712 Evangelia
1282 3641 1376 3696 claudi
1387 3642 1464 3711 fecit,
1476 3643 1568 3699 donec
1577 3646 1636 3701 Deo
1646 3648 1761 3703 volente

79 3743 124 3794 est
134 3740 259 3795 Alleluia
273 3740 429 3812 significari
445 3740 499 3794 boc
518 3741 590 3795 loco.
605 3739 730 3793 Isidorus
743 3738 778 3793 de
794 3737 898 3792 divinis
948 3736 1162 3805 gratularentur
1188 3731 1250 3806 35
1278 3735 1452 3791 coercitione
1480 3740 1510 3791 et
1535 3741 1680 3810 provectu,
1711 3739 1760 3811 qui

80 3832 191 3888 Officiis
210 3850 272 3906 cap.
296 3837 337 3890 13.
354 3856 367 3884 o
386 3833 507 3901 Laudes,
528 3833 631 3905 inquit,
646 3834 700 3888 boe
716 3834 759 3887 est
775 3831 897 3886 Alleluia
947 3827 1062 3881 fuerant
1076 3829 1143 3881 ante
1156 3827 1280 3898 fugitivi.

80 3943 197 3983 canere.
211 3950 226 3978 n
241 3929 278 3982 Et
291 3927 452 3999 signantius
464 3927 636 3982 Walafridus
655 3925 773 3981 Strobos
786 3924 817 3980 in
833 3941 895 3998 cap.
984 3921 1025 3975 tt.
1037 3921 1217 3975 Hunelocum
1228 3921 1374 3993 integrum
1384 3924 1478 3993 retuli,
1488 3928 1550 3980 tum
1561 3928 1629 3999 quia
1640 3927 1762 4001 insignis

80 4023 132 4076 22:
145 4021 361 4093 «Responseria
374 4025 403 4076 et
411 4021 543 4088 Alleluia,
556 4036 619 4091 quaa
630 4023 697 4075 ante
707 4021 896 4093 Evangelium
947 4018 999 4083 est,
1013 4017 1075 4069 lum
1089 4017 1120 4068 Ul
1133 4018 1271 4086 appareat
1284 4032 1349 4071 ¹¹¹⁰?
1350 4015 1374 4070 1⁸
1386 4016 1473 4072 fnisse
1486 4007 1619 4088 Cfflbffl'ffl,
1632 4022 1711 4077 Ῑθῡῑῑθ
1724 4025 1761 4079 ἃᾶ

78 4117 244 4181 cantantur,
254 4113 359 4169 deinde
368 4113 656 4185 adjuneiavidentur,
665 4116 819 4185 postquam
826 4115 898 4169 anti·
946 4109 1065 4164 missam
1078 4109 1250 4180 Evangeliis,
1268 4126 1434 4165 sermonem
1445 4111 1481 4165 ad
1491 4115 1630 4183 populum
1642 4115 1759 4171 habere.

76 4206 185 4278 phonae
199 4206 236 4260 ad
246 4206 407 4278 ingressum
419 4207 475 4262 dici
486 4207 674 4278 exspirarunt.
683 4207 752 4272 Quae
763 4211 792 4262 et
801 4208 898 4262 viden·
946 4205 1007 4258 Non
1023 4204 1115 4258 solum
1130 4206 1228 4258 autem
1244 4203 1273 4256 in
1289 4205 1437 4274 provincia
1449 4206 1618 4274 Arelatensi,
1632 4207 1682 4261 sed
1693 4208 1761 4263 etin

76 4302 126 4354 tur
133 4299 287 4371 prohibitae
296 4300 455 4355 canonibus
463 4300 666 4372 Hispanorum,
674 4301 722 4372 qui
734 4302 822 4372 longo
833 4303 898 4372 post
946 4297 1009 4351 aliis
1019 4297 1180 4351 invaluerat
1190 4314 1279 4369 prava
1289 4297 1350 4352 brec
1361 4298 1548 4365 consuetudo,
1559 4303 1590 4353 ut
1600 4303 1664 4370 post
1673 4301 1762 4356 Evan-

78 4397 214 4464 lempore
228 4397 295 4448 sunt
307 4393 464 4449 constituti.
477 4395 507 4449 ln
520 4394 574 4448 illis
587 4394 664 4448 enim
673 4394 792 4465 jubetur
801 4410 838 4448 ne
848 4393 897 4448 ali·
947 4390 1055 4460 goliam
1070 4390 1203 4444 nonnulli
1216 4390 1347 4444 fidelium
1358 4393 1425 4444 ante
1436 4389 1554 4444 missam
1569 4391 1759 4450 discederent.

80 4486 146 4558 quis
153 4487 280 4557 hymnus
290 4487 365 4542 irater
376 4487 530 4543 lectionem
543 4488 731 4559 apostolicam
741 4491 770 4542 et
780 4503 899 4557 evange·
908 4498 938 4571 D
950 4482 1130 4554 Quapropter
1140 4481 1250 4535 diversa
1261 4482 1313 4537 hac
1324 4483 1359 4536 de
1370 4499 1401 4536 re
1409 4482 1438 4537 in
1446 4483 1573 4539 conciliis
1582 4488 1687 4541 statuta
1697 4504 1763 4544 eou-

78 4579 169 4635 licam
180 4580 210 4634 m
222 4579 322 4636 ordine
334 4580 429 4635 missae
438 4585 571 4653 ponatur.
579 4583 637 4635 »At
645 4581 765 4652 quinam
774 4596 900 4635 canones
952 4575 1012 4630 dila
1021 4579 1096 4641 sunt,
1106 4590 1212 4645 nempe
1221 4573 1250 4627 in
1258 4575 1416 4644 Agatbensi
1423 4579 1590 4646 canone473
1600 4579 1630 4634 in
1637 4578 1765 4640 Aurelia-

82 4678 151 4728 aule
175 4674 329 4729 concilium
351 4691 378 4729 rv
396 4676 566 4730 Toletanum
587 4674 618 4729 id
636 4676 743 4743 vetent,
760 4674 829 4729 alibi
841 4690 900 4729 non
951 4667 1137 4739 nensiprinro
1149 4684 1260 4722 canone
1271 4670 1315 4735 26,
1328 4669 1393 4723 etin
1405 4671 1764 4750 lertio,cononeftl.Cujus

80 4767 272 4838 legationen
287 4770 319 4823 13
332 4768 413 4838 rejici
426 4770 503 4822 vetat
517 4769 641 4839 nymnos
658 4767 688 4823 in
704 4767 821 4824 laudem
837 4767 898 4834 Dei,
951 4765 1012 4818 baec
1024 4761 1110 4816 verba
1126 4778 1132 4817 :
1147 4764 1283 4817 Demissis
1303 4763 1395 4818 nullus
1414 4765 1544 4821 laicorum
1556 4776 1619 4825 ante
1631 4772 1762 4841 discedat,

83 4863 172 4932 alque
182 4862 381 4932 apostolorum
393 4865 422 4916 et
432 4862 815 4933 martyrumbumonostudio
825 4877 902 4916 com·
950 4873 1032 4928 mam
1052 4858 1188 4911 dominica
1204 4856 1314 4910 dicatur
1332 4859 1433 4924 cratim
1447 4863 1473 4912 et
1486 4862 1511 4914 si
1524 4865 1661 4934 episcopus
1676 4867 1763 4932 suerit

81 4953 291 5026 positoszsicut
302 4957 332 5010 11
339 4971 404 5025 quoe
418 4956 902 5024 beatissimidoctoresHiloriusatque
947 4965 1074 5022 prescius,
1098 4949 1152 5019 eltis
1175 4950 1320 5005 benedictio
1341 4956 1515 5022 inspectetur.
1539 4957 1709 5012 Walafridus
1733 4959 1763 5021 id

80 5049 240 5104 Ambrosius
257 5049 410 5104 ediderant.
426 5050 496 5116 Quos
511 5053 600 5104 tamen
619 5049 732 5120 quidam
749 5049 903 5119 specialiter
952 5044 1157 5114 intorpretatur
1171 5042 1205 5096 dc
1221 5043 1361 5112 oratione,
1374 5061 1437 5116 quae
1450 5050 1764 5117 postcommunionem

82 5143 240 5214 reprobant,
254 5159 306 5214 pro
321 5157 350 5197 eo
365 5143 482 5212 quotide
495 5144 644 5213 scripturis
657 5147 811 5198 sauctorum
825 5156 903 5196 cano
953 5136 1065 5191 dicitur.
1082 5138 1118 5191 At
1129 5139 1296 5208 repugnant
1310 5137 1397 5192 verba
1411 5139 1524 5196 concilii
1536 5141 1675 5211 Toletani,
1691 5146 1762 5202 alio-

82 5251 148 5291 num
163 5236 208 5291 vel
225 5237 373 5307 apostolica
391 5236 538 5291 traditione
556 5252 609 5292 aon
621 5239 750 5292 mutuat.
762 5235 812 5289 Hic
825 5235 903 5291 loeus
952 5246 1084 5301 rumque.
1101 5231 1132 5285 ln
1153 5228 1257 5284 Hissali
1278 5230 1453 5285 Hozarabico
1472 5231 1635 5290 benedictio
1658 5236 1763 5310 ubiqu'e

84 5332 216 5402 spectare
228 5329 342 5385 videtur
353 5345 496 5385 canonem
510 5333 542 5384 la
553 5329 668 5385 concilii
680 5347 699 5384 ιι
711 5328 901 5396 Bracarensis,
953 5321 1153 5379 communioni
1163 5322 1359 5394 praemittitur,
1368 5323 1496 5395 itemque
1507 5325 1536 5380 in
1548 5328 1693 5387 Gallicano
1703 5348 1765 5403 pas

83 5423 113 5479 in
124 5439 183 5496 quo
195 5422 341 5494 ejusmodi
348 5423 450 5495 hymni
461 5423 662 5496 reprobantur,
671 5422 810 5478 utietiam
821 5422 851 5477 in
861 5438 904 5477 re·
953 5417 1008 5472 sim
1022 5416 1098 5488 apud
1110 5416 1296 5472 Thomasium
1314 5434 1320 5472 ε
1335 5420 1363 5472 et
1378 5416 1516 5474 hactenus
1529 5419 1693 5479 benedictio
1707 5424 1765 5497 epi·

84 5518 152 5591 gula
164 5520 334 5574 sanctorum
348 5519 428 5572 Pauli
441 5522 470 5574 et
481 5517 622 5590 Stephani
635 5520 720 5589 eaput
733 5520 775 5572 15.
786 5516 905 5571 Addunt
954 5510 1149 5582 scopalisante
1159 5511 1496 5568 communionemdatur.
1505 5514 1766 5586 Quippelicebatiis

84 5613 184 5669 Patres
196 5612 227 5667 in
242 5612 348 5668 eodem
361 5629 472 5670 canone
487 5616 519 5668 li
537 5630 543 5668 :
557 5616 694 5684 Respuent
708 5628 770 5683 erqo
787 5616 813 5667 et
826 5611 904 5666 illum
955 5603 1070 5677 quinon
1079 5603 1342 5673 communicabunt,
1353 5608 1687 5678 acceptabenedictione,
1697 5613 1765 5668 ante

85 5707 215 5780 baronum
225 5707 261 5763 ob
271 5707 421 5765 bommibiis
432 5711 705 5780 tempestuosorum
716 5707 838 5777 quotidie
848 5719 903 5778 pu·
955 5699 1192 5758 communionem
1204 5697 1361 5770 discedere,
1370 5703 1442 5757 uter
1452 5702 1596 5774 praedictis
1604 5702 1675 5758 locis
1683 5703 1767 5763 intel·

85 5801 154 5865 blleo
166 5804 332 5883 punctaque
343 5804 431 5875 otono
445 5805 473 5859 in
485 5805 537 5875 trie
550 5804 667 5862 omnium
679 5801 845 5872 psalmorum
859 5799 903 5857 di·
954 5795 1066 5869 ligitur:
1076 5799 1161 5871 atque
1172 5793 1240 5852 hinc
1250 5797 1330 5867 patet
1344 5810 1403 5851 non
1416 5811 1518 5855 omnes
1530 5796 1656 5873 quitum
1670 5797 1768 5881 mian
