3884 6150
55 242 102 297 oa
655 214 659 219 ⁴
704 254 705 258 ν
808 243 990 299 rnauuuo.
1685 245 1734 305 loe

52 354 105 407 tibi
119 350 304 422 rreceecupundi
314 351 441 404 rationes.
457 349 490 404 ld
503 351 572 404 ircim
580 350 745 418 janrdndum
760 354 865 418 eeiqere
879 353 1043 406 oidelmnlur
1053 355 1163 420 priuata
1179 354 1207 406 iu
1220 370 1259 407 nee
1270 359 1327 416 lua,
1342 356 1393 408 irreo
1409 360 1434 410 et
1444 358 1595 410 cerrrnnunia
1611 359 1639 409 in
1652 363 1735 411 tolcam

53 425 228 478 libemenscm
239 423 407 491 procinciam
421 421 557 490 beneficia,
577 437 636 490 quse
650 423 785 490 peculiari
806 425 841 476 ine
863 439 902 476 nee
920 424 998 476 titulo
1011 424 1166 477 recturularc
1182 427 1274 479 rrrerito
1290 428 1487 481 eraistimabam.
1502 431 1572 484 Nam
1585 444 1644 481 ciem
1662 431 1691 481 in
1704 445 1736 482 ea

54 496 177 548 diocesis
191 500 244 548 tum
256 494 374 560 reqione,
391 508 451 561 que
463 498 487 546 te
500 508 584 546 sacru
597 494 749 562 discipline
764 496 973 547 instauratorem
986 496 1117 561 aqeeoscit,
1140 496 1208 549 lucis
1226 511 1347 557 usuram,
1365 501 1418 551 lleo
1438 500 1552 561 oolerrtc,
1575 501 1733 568 occeperim,

53 573 78 620 cl
92 568 120 619 in
136 567 185 619 illa
197 565 352 618 Academiae
363 565 499 618 ilemensis
513 566 668 627 seminario,
689 565 768 632 cujus
785 566 854 619 alter
870 565 1004 632 fundator
1024 580 1060 625 es,
1076 567 1168 633 prima
1186 567 1349 628 litterarum,
1370 584 1429 636 que
1448 571 1514 622 milri
1531 572 1568 623 ad
1587 575 1612 623 te
1629 571 1735 624 editum

54 638 249 696 conciliarunt,
263 635 391 688 elementa
405 635 545 688 didicerim
561 653 570 688 .·
585 650 650 688 soree
663 636 880 690 committendum
890 651 944 688 non
961 640 1029 696 erat,
1044 639 1074 688 ιιι
1086 651 1139 689 non
1151 638 1178 688 in
1192 653 1233 689 me
1242 643 1349 707 partem
1359 642 1521 709 susciperem
1533 657 1624 695 eorum
1638 642 1734 711 benefi-

55 710 170 766 ciorum,
185 722 246 775 qna
258 711 307 759 tuo
321 705 503 759 sollicitudine
516 709 541 759 et
552 708 737 774 rnurcificentia
752 709 874 775 utrisque
888 707 952 760 locis
965 707 1134 775 amplissima
1144 714 1335 776 provenerunt.

89 799 156 849 Fuit
169 794 319 864 aliquando
334 799 446 863 tempus,
462 810 520 848 curn
532 796 658 848 remotior
669 796 720 848 illa
733 795 887 864 Campaniae
897 795 992 865 plaqa,
1010 798 1038 848 in
1052 811 1105 864 qeea
1123 797 1308 851 Rbemensium
1326 800 1479 851 antistitum
1494 800 1581 853 altera
1596 801 1670 854 sedes
1684 805 1732 861 est,

54 868 157 922 eisdem
169 869 199 920 in
214 867 318 919 deliciis
333 871 400 919 erat.
415 867 479 919 Istic
490 868 647 934 frequentia
658 868 783 921 secunde
794 868 907 934 Relqicae
921 869 1045 927 concilia,
1061 869 1240 921 Mosomcnsio
1260 870 1381 936 inquom,
1401 872 1590 933 buciacensio,
1616 877 1641 924 et
1659 871 1734 925 Atti-

55 941 197 993 niaceusia
211 937 349 1005 complura
359 955 367 997 r
377 952 424 989 nec
437 939 522 1003 ferme
536 938 640 1004 uspiam
654 939 683 990 in
697 942 752 991 tcta
760 939 903 1006 prouincia
914 940 1001 1004 maqis
1015 938 1121 1004 ciqebut
1132 939 1236 1004 reliqio.
1246 941 1288 992 ltu
1304 941 1374 993 beati
1384 942 1497 1006 Remiqii
1508 957 1581 1006 νιος
1596 943 1635 994 ito
1648 943 1732 995 ltine-

54 1013 126 1065 mari
136 1015 162 1063 ct
172 1008 356 1062 Acledberonis
365 1009 526 1076 pontificata
540 1023 581 1060 res
597 1023 624 1060 se
637 1008 781 1062 trabebant.
794 1008 832 1061 At
841 1023 970 1076 processu
985 1011 1110 1077 temporis
1121 1024 1180 1062 eum
1192 1011 1221 1062 in
1234 1015 1334 1063 strelam
1347 1012 1466 1064 reuoluta
1478 1016 1542 1064 sunt
1552 1013 1641 1065 oennia
1653 1013 1735 1082 (quod

55 1087 208 1150 terrrporurn
222 1081 363 1148 iniquitali
374 1079 477 1140 malim,
494 1094 576 1147 quam
592 1081 761 1147 superiorum
773 1083 933 1149 pontificum
945 1082 1058 1133 incuriae
1074 1081 1215 1149 ascribere)
1230 1086 1260 1133 ut
1275 1082 1313 1134 nd
1327 1082 1401 1134 illam
1419 1085 1522 1146 pentem
1539 1084 1735 1137 emendandam

55 1153 244 1207 strenuissimo
262 1155 286 1204 ct
299 1150 646 1218 ecclesiasticerdiseiplinae
663 1151 860 1205 studiosissimo
878 1151 1070 1219 arcmpraesule
1083 1166 1149 1220 opus
1169 1157 1245 1205 essct.
1261 1153 1390 1206 iacebunt
1411 1168 1480 1220 pene
1503 1154 1561 1206 sine
1584 1157 1735 1208 reverentia

56 1225 178 1290 neqlecla
193 1237 272 1276 sacra.
284 1240 292 1285 ;
305 1223 363 1273 sine
376 1221 501 1274 doctrina
513 1225 538 1274 et
550 1222 697 1289 discipline
706 1226 841 1289 pastores,
852 1227 953 1291 prester
967 1222 1112 1275 eednrodum
1126 1238 1241 1291 paucos,
1256 1238 1322 1291 quas
1343 1225 1372 1275 in
1387 1228 1464 1277 tet-reta
1477 1224 1585 1277 licentio
1599 1225 1691 1292 pudor
1703 1242 1734 1279 ac

57 1297 104 1348 Dei
113 1296 197 1346 timor
207 1295 281 1345 intra
292 1292 426 1344 modestice
435 1294 502 1360 fines
512 1293 682 1345 continuerat
693 1310 701 1345 ι
712 1293 751 1345 ad
760 1293 814 1346 lnce
826 1294 913 1359 lequm
923 1293 1089 1353 diuinarum,
1100 1309 1133 1346 uc
1143 1293 1231 1346 dicam
1244 1293 1435 1356 lrumanarum,
1449 1294 1496 1346 oisc
1507 1294 1580 1346 celtus
1589 1299 1732 1363 respectus.

58 1368 186 1434 lieniqme
199 1379 275 1424 rarle,
292 1365 317 1415 si
330 1366 419 1415 tamen
431 1364 500 1424 ulla,
517 1365 628 1417 summis
644 1365 766 1431 pastoris
785 1364 841 1416 illis
854 1364 1022 1433 inpartibus
1037 1366 1178 1423 visitatio:
1193 1370 1222 1418 ul
1240 1380 1284 1418 eas
1302 1381 1355 1417 eran
1373 1366 1471 1417 mirum
1488 1369 1555 1417 esset
1568 1365 1734 1419 densissimis

56 1436 221 1503 apmrontiae
234 1435 351 1487 tereebris
365 1448 420 1486 esse
433 1434 543 1487 obrutas
556 1451 587 1488 ac
599 1436 729 1502 sepultas,
743 1450 803 1503 quee
816 1434 914 1488 tamdiu
927 1436 990 1487 solis
1004 1440 1112 1504 aspectu
1123 1437 1282 1488 circuissent.
1295 1437 1411 1489 Heresis
1422 1451 1455 1488 en
1467 1436 1579 1488 aduerso
1590 1438 1661 1490 inter
1672 1438 1735 1490 illas

57 1508 200 1575 coliqines,
215 1507 350 1572 reeqolium
360 1520 516 1574 promouere
529 1505 717 1568 tenebrarum
737 1508 765 1558 in
785 1508 846 1575 ipsa
867 1507 985 1573 cipionis
999 1508 1079 1574 quasi
1091 1508 1231 1575 metropoli
1243 1507 1330 1560 allero
1348 1507 1437 1561 sedern
1449 1522 1528 1559 seuam
1539 1509 1629 1574 fiqere,
1648 1523 1735 1561 arcem

57 1578 197 1632 catholicae
211 1577 337 1642 retiqmni
355 1576 468 1643 objicere
478 1592 548 1644 pene
561 1577 724 1630 inaccessum
738 1581 762 1629 et
772 1592 907 1646 permisce
928 1577 1057 1632 ‹loct-riam
1069 1578 1244 1631 tundentium.
1263 1580 1361 1632 l'erean
1374 1579 1430 1639 ubi,
1444 1577 1567 1631 itretistes
1581 1578 1734 1644 uiqilantis·

57 1652 121 1703 sime
138 1648 294 1702 Rbemensis
307 1648 432 1701 Ecclesia
444 1648 549 1699 cleeeum
562 1647 698 1699 moderari
710 1649 822 1715 copisti,
837 1647 974 1717 quidquid
985 1650 1156 1701 auctoritatis
1168 1650 1197 1701 in
1211 1664 1315 1702 suranna
1333 1649 1476 1714 diqnitatc,
1491 1648 1627 1717 quidquid
1639 1650 1735 1703 indus-

57 1723 116 1774 trie
128 1724 155 1772 el
168 1718 363 1772 sollicitudinis
375 1720 403 1770 in
417 1723 527 1771 actuosa
543 1719 653 1779 uirtute,
667 1719 803 1786 quidquid
816 1719 945 1772 doctrine
957 1723 982 1772 et
995 1719 1156 1772 cruditionis
1168 1722 1196 1772 in
1213 1735 1310 1786 meeqno
1331 1721 1409 1785 qenio
1421 1721 1541 1788 positum
1554 1721 1631 1786 fuit;
1652 1724 1737 1774 totum

57 1791 224 1860 idquardum
242 1792 375 1857 quantum
392 1794 440 1849 est,
459 1789 497 1841 ad
513 1789 561 1842 icoc
578 1791 694 1842 inanime
716 1791 880 1851 coreaertisti,
902 1795 931 1843 ut
956 1791 1004 1842 illa
1024 1791 1160 1858 paroclciu
1177 1796 1229 1844 luce
1247 1792 1347 1858 portio,
1369 1806 1429 1858 que
1444 1789 1560 1843 remedio
1580 1792 1690 1858 fortiori
1706 1807 1738 1844 ac

55 1862 221 1932 prmnptiori
248 1860 396 1925 indiqebat,
420 1861 449 1911 in
469 1859 604 1913 meliorem
626 1862 743 1926 formam
758 1863 962 1923 restituendum
983 1861 1065 1929 idque
1083 1861 1188 1914 eternum
1208 1861 1320 1930 effecisti
1340 1867 1370 1915 ut
1387 1861 1462 1914 niodo
1479 1863 1527 1914 ein
1548 1861 1605 1914 ulta
1624 1863 1659 1916 sit
1680 1863 1737 1916 alio

59 1932 247 1987 ecelesiasticis
260 1931 361 1997 requlis
374 1932 459 1996 maqis
475 1930 596 1992 addicta,
611 1936 635 1984 et
648 1948 708 2000 quse
720 1936 836 1985 rectores
851 1932 950 1986 lrabeat
960 1933 1092 1986 erectiores.

90 2020 170 2086 Quod
184 2021 209 2072 si
225 2024 301 2073 tanta
314 2020 371 2086 fuit
383 2020 412 2072 in
428 2021 581 2073 remotiores
593 2020 656 2073 illas
670 2023 816 2089 provincie
829 2026 882 2075 tecm
890 2022 990 2090 plaqas
1003 2022 1156 2075 sollicitudo
1171 2037 1202 2075 ac
1215 2023 1357 2088 diliqentia
1370 2026 1432 2087 luo;
1450 2038 1503 2075 eron
1519 2023 1618 2076 minem
1632 2022 1657 2075 si
1670 2022 1734 2076 uici·

59 2094 145 2146 niorcs
160 2107 197 2145 en
208 2091 301 2144 eadem
315 2093 354 2143 ita
365 2092 541 2160 profecerint,
558 2096 588 2144 ut
600 2093 625 2145 si
644 2108 698 2159 qua
717 2093 831 2145 laterent
845 2094 1026 2160 ncqlcctarum-
1040 2095 1129 2146 orium
1142 2095 1210 2146 cilice
1225 2100 1273 2146 aut
1283 2094 1418 2161 pericula,
1434 2109 1481 2146 nec
1504 2096 1601 2147 summi
1616 2094 1737 2162 pastoris

59 2164 163 2217 nalem
176 2163 298 2229 oiqilem,
313 2177 361 2214 nec
377 2163 507 2215 medicum
517 2177 628 2216 meierum
638 2163 791 2230 effuqerint.
806 2164 883 2219 Nilei!
895 2179 975 2225 cunc,
987 2165 1057 2217 nibil
1066 2165 1247 2232 providentie
1262 2170 1315 2217 tae
1335 2179 1440 2233 cmpers.
1455 2163 1480 2217 Α
1495 2170 1519 2218 le
1530 2164 1629 2218 becbent
1641 2165 1736 2218 divino

59 2237 158 2304 officiis,
174 2237 202 2286 et
223 2235 296 2285 sacri
319 2234 399 2295 ritus,
423 2233 521 2301 quibus
544 2233 776 2287 administrantur
794 2238 975 2294 sacramenta,
1000 2236 1175 2288 decentiorem
1188 2240 1212 2288 ct
1231 2236 1414 2301 anqustiorem
1433 2237 1597 2302 forrruem3a
1617 2239 1641 2289 le
1657 2237 1739 2304 probi

59 2306 241 2361 Ecclesia-rum
254 2305 373 2357 ministri
387 2306 504 2370 qratiam
518 2310 543 2358 et
552 2306 747 2372 patrocinium,
761 2306 877 2374 improbi
888 2306 1164 2364 animaduersionem:
1178 2306 1302 2359 Ecclesiae
1314 2307 1492 2368 visitationes,
1513 2307 1738 2361 instaurationem

59 2379 267 2447 etprofectum‚·
283 2375 398 2444 denique
410 2377 537 2429 uniuersa
551 2376 669 2430 diaecesis
683 2381 784 2431 rectum
795 2377 917 2431 ordinem
929 2382 953 2430 et
968 2378 1204 2446 tearcquillitatem.

92 2465 185 2534 Atque
199 2468 230 2517 ut
243 2480 310 2533 opus
323 2469 376 2519 tarn
390 2465 508 2519 arduum
520 2481 552 2518 ac
564 2466 687 2534 difficile,
701 2469 725 2519 si
735 2468 795 2535 fieri
805 2471 904 2535 posset,
917 2466 1077 2520 redderetur
1090 2468 1253 2525 immortale:
1267 2472 1292 2520 et
1302 2483 1345 2527 ne,
1357 2466 1541 2535 eleeficientibus
1553 2466 1658 2536 probis,
1673 2480 1738 2536 quos

59 2539 196 2608 precipuo
216 2536 321 2590 ‹leleetu
339 2538 492 2598 instituisti,
511 2537 679 2604 pastoribus,
699 2540 779 2591 etiam
798 2539 852 2591 laec
868 2538 987 2591 salubris
1006 2539 1152 2608 disciplina
1169 2539 1267 2592 scrisim
1286 2539 1423 2607 deficeret:
1443 2539 1472 2591 in
1489 2539 1555 2592 urbe
1575 2544 1623 2592 tua
1641 2552 1740 2592 nouum

62 2625 76 2662 n
95 2607 287 2674 fundamentis
304 2609 479 2660 seminarium
497 2608 653 2670 condidisti,
674 2609 848 2676 atriplissimis
866 2609 986 2678 edificiis
1009 2611 1121 2676 copiosis
1136 2608 1312 2677 proventibus
1330 2611 1501 2662 instructum.
1520 2610 1572 2662 liic
1583 2609 1620 2661 ad
1635 2613 1740 2663 centum

62 2680 161 2733 selectae
170 2679 327 2746 juventutis
340 2678 529 2739 oelelescentes,
543 2681 662 2745 qratuito
672 2681 807 2747 plerique,
823 2680 984 2737 educantur.
998 2684 1024 2732 et
1035 2680 1085 2732 sub
1097 2681 1205 2748 optimis
1227 2679 1395 2746 eruditisque
1406 2679 1618 2747 preceptoribus
1635 2696 1667 2733 ac
1680 2696 1739 2733 ma·

60 2752 152 2817 qistris
167 2750 206 2802 ad
215 2751 344 2817 pietatem
359 2749 562 2818 doctrinamque
576 2752 780 2817 informantur:
795 2756 825 2803 ul
839 2751 994 2803 obeuntium
1003 2756 1144 2819 pastorum
1157 2752 1225 2803 cices
1241 2750 1390 2817 aliquando
1403 2750 1559 2816 suppleant,
1573 2755 1598 2803 et
1612 2750 1741 2804 rediuioae

62 2822 200 2888 reliqionis
216 2837 249 2873 ac
262 2821 414 2888 discipline
427 2821 548 2874 studium
566 2823 677 2887 facerent
693 2825 718 2875 et
735 2825 899 2875 conseruent.
913 2823 969 2875 Hos
984 2836 1073 2874 omnes
1089 2827 1113 2874 et
1126 2821 1246 2888 sinqulos
1262 2836 1296 2873 ea·
1308 2821 1423 2879 norrrine,
1438 2835 1581 2888 eorumque.
1596 2836 1681 2874 errores
1696 2836 1738 2873 co-

61 2895 147 2960 quitcs
163 2897 191 2945 el
200 2896 354 2960 perspectos
367 2891 448 2944 babes
466 2909 474 2944 :
489 2896 618 2960 tantaque
632 2897 672 2946 est
687 2894 820 2946 incorum
835 2892 937 2946 delectu
953 2893 1067 2960 equitas
1088 2897 1113 2945 et
1126 2892 1296 2960 perspicacia
1311 2896 1369 2952 lua,
1384 2894 1414 2943 ut
1440 2891 1664 2960 urcus1beneficiis
1689 2907 1740 2944 eec-

62 2969 166 3030 qealur,
182 2978 261 3031 quem
273 2962 363 3029 majus
377 2962 507 3016 doctrine
521 2967 545 3016 et
555 2963 702 3030 probitatis
714 2966 839 3017 caeritum
853 2964 1086 3016 commendaverit.
1107 2964 1178 3017 Hine
1190 2963 1298 3030 proficit
1315 2977 1349 3014 en
1364 2962 1449 3014 cicini
1468 2963 1609 3015 seminarii
1629 2962 1739 3015 aemulo·

62 3037 131 3088 trane
151 3038 178 3087 el
198 3034 350 3087 eruditione
368 3034 528 3087 ltbcmorum
549 3036 725 3096 tiniuersitas,
743 3050 803 3104 qum
816 3037 845 3088 in
866 3038 972 3088 tanturn
987 3034 1037 3087 sub
1058 3036 1113 3087 tuis
1132 3035 1262 3102 auspiciis
1282 3034 1436 3100 reflorescit,
1457 3037 1488 3085 ut
1504 3049 1563 3087 uem
1579 3034 1644 3087 alirn
1657 3034 1741 3100 fenne

62 3106 164 3160 inculta
180 3108 258 3167 esset,
272 3108 297 3158 et
312 3105 476 3159 scholarium
489 3120 602 3160 nurnero
616 3105 755 3167 destituta,
769 3121 841 3160 nunc
853 3121 944 3160 eorum
955 3106 1140 3174 frequentiam
1152 3107 1199 3158 ain
1211 3106 1321 3173 capiant
1337 3105 1392 3173 ipsi
1400 3106 1529 3173 parietes.

96 3194 151 3248 Sed
163 3209 197 3247 ne
209 3196 385 3262 inposterum
401 3195 508 3248 laec-cesis
522 3195 630 3249 attollat
641 3201 732 3265 capent,
750 3212 807 3249 eom
820 3197 850 3249 in
864 3198 924 3264 ipso
939 3195 998 3263 ejus
1012 3210 1072 3249 arce
1081 3210 1206 3262 opressus
1219 3209 1256 3255 es,
1271 3209 1330 3248 cum
1341 3193 1445 3247 soboles
1458 3193 1517 3261 ejus
1532 3193 1601 3248 male
1612 3196 1740 3261 feriatas,

62 3267 142 3319 etiarn
155 3270 182 3317 et
195 3265 313 3325 dotatas,
327 3268 356 3318 in
370 3265 448 3318 (aliud
459 3268 614 3319 clericorum
627 3269 801 3320 scrninarium
816 3268 979 3326 corruentisti.
990 3267 1093 3319 reditus
1104 3283 1120 3319 a
1133 3282 1193 3332 reqe
1205 3267 1357 3330 assiqnatos
1371 3264 1412 3317 bis
1425 3265 1598 3317 attribuendo
1611 3267 1640 3318 in
1653 3265 1741 3320 Eccle-

62 3339 108 3389 cite
116 3339 284 3404 profectum,
298 3336 397 3405 quibus
410 3341 491 3390 aerico
506 3337 616 3391 lcaeresis
628 3340 658 3391 in
673 3339 732 3406 ejus
743 3339 892 3408 perniciem
903 3337 1075 3392 abutebatur.
1093 3340 1130 3391 lle
1145 3338 1186 3390 iis
1201 3336 1325 3389 erunibus
1339 3337 1432 3388 merito
1443 3336 1555 3403 plaudit
1569 3351 1601 3388 oc
1615 3335 1669 3389 sibi
1679 3352 1742 3403 qra-

62 3408 169 3460 tutatur
189 3407 297 3474 lielqica
314 3409 466 3477 prouincia,
487 3409 539 3461 imo
560 3414 616 3462 tola
634 3410 753 3463 Ecclesia
770 3408 923 3472 Geellieana,
937 3424 997 3477 quse
1011 3428 1025 3458 a
1040 3411 1123 3471 reouit,
1140 3427 1153 3458 n
1168 3410 1198 3460 ut
1210 3408 1301 3461 leonis
1316 3406 1354 3460 od
1368 3405 1506 3459 Urbanum
1519 3407 1546 3459 ll
1558 3406 1647 3460 uerbis
1666 3412 1740 3468 ector,

61 3479 223 3534 literatorum
239 3497 252 3527 a
266 3478 354 3533 sedem
369 3478 496 3534 diadema
510 3481 588 3546 reqni
599 3480 707 3540 babere,
725 3485 750 3535 et
762 3480 887 3534 ominbus
896 3496 966 3551 pene
981 3479 1130 3534 Gallicanis
1144 3479 1270 3534 Ecclesiis
1286 3476 1436 3546 coemptum
1447 3478 1536 3530 retiner
1548 3477 1590 3530 oet
1603 3492 1740 3532 resurrec-

62 3552 143 3604 tionis
157 3553 281 3604 eeistere.
303 3569 317 3600 r

96 3638 271 3708 Quapropter
282 3654 441 3709 maqnapere
448 3655 559 3709 peccore
569 3640 635 3695 milri
644 3641 760 3704 viderer,
771 3640 956 3696 illustrissime
962 3643 1078 3710 primos,
1090 3641 1116 3694 si
1123 3637 1265 3695 Rbemensi
1271 3638 1420 3708 prouincia
1435 3641 1460 3692 et
1475 3653 1521 3706 eqo
1540 3638 1599 3708 ejus
1615 3637 1741 3692 alrammus

62 3710 95 3765 ob
110 3716 167 3764 tom
181 3711 254 3765 letos
267 3725 404 3765 successus
417 3727 471 3765 non
492 3713 666 3779 protelarem
689 3728 775 3782 neque
791 3728 875 3781 porro
894 3715 1056 3767 cornrnittere
1074 3714 1143 3774 licet,
1157 3716 1188 3764 ut
1199 3717 1256 3765 lum
1268 3712 1300 3764 ob
1317 3711 1365 3764 lias
1379 3724 1486 3771 causas,
1503 3715 1560 3763 tum
1572 3710 1604 3763 ab
1617 3710 1740 3777 sinqulo-

62 3798 118 3836 rem
130 3784 161 3835 in
174 3798 216 3835 me
229 3782 368 3836 lentillum
381 3782 513 3837 bominem
528 3783 739 3838 benevolentiam
755 3789 780 3838 el
791 3787 910 3851 qratiam
923 3788 1008 3846 tuam,
1023 3786 1096 3853 quod
1110 3789 1232 3852 superest
1241 3784 1303 3837 vite>
1315 3797 1347 3836 ac
1359 3784 1483 3850 spiritus,
1495 3784 1554 3835 sine
1565 3783 1660 3849 aliqua
1673 3779 1747 3847 proti

62 3855 149 3907 animi
165 3855 352 3922 testificatione
365 3853 437 3908 ela-bi
451 3856 549 3908 sinam.
563 3858 598 3909 Et
618 3856 728 3924 quidem
748 3856 876 3910 bactenus
889 3859 992 3909 occasio
1002 3859 1096 3925 quotins
1109 3855 1199 3922 defuit
1211 3870 1293 3923 quani
1304 3854 1430 3907 uoluntas
1444 3870 1452 3906 :
1463 3857 1610 3922 propterea
1628 3850 1700 3922 quod
1713 3865 1745 3906 ee

61 3940 124 3994 quae
135 3923 280 3978 versabam
291 3924 384 3978 studia
399 3928 514 3978 nominis
528 3929 571 3979 tni
581 3926 712 3993 diqnitati
729 3942 783 3981 non
798 3929 866 3980 satis
880 3927 1082 3996 responderent.
1098 3925 1151 3979 Sed
1165 3941 1224 3979 curn
1241 3941 1311 3978 noea
1331 3927 1360 3977 in
1384 3941 1425 3977 me
1437 3927 1608 3978 accessissent
1621 3924 1747 3992 beneflcio

62 4000 122 4057 tuo,
137 3995 257 4061 feliciter
270 4010 326 4050 sese
345 3996 443 4050 obtulit
459 3996 589 4050 biennem
606 3998 771 4061 Casmenas,
788 4014 870 4067 quam
890 3999 956 4053 meis
974 4000 1158 4066 sociorumque
1179 4012 1298 4050 meorum
1320 3995 1420 4049 studiis
1437 3995 1580 4049 etenebris
1602 4010 1695 4050 eruere
1721 4000 1767 4050 et·

63 4067 207 4121 illustrare
220 4081 364 4135 oqqressus
376 4081 446 4121 seem.
461 4066 532 4132 chid
545 4070 616 4122 enim
631 4084 732 4123 summo
745 4069 879 4124 sacerdoti
892 4071 1092 4123 convenientius
1108 4068 1324 4138 offerripoteral‚
1334 4066 1514 4135 qucrmdioini
1520 4069 1610 4134 formo
1619 4069 1747 4136 sacrificii

61 4138 141 4206 majus
162 4138 248 4191 ritum
261 4141 439 4192 instituerunt
453 4141 508 4192 siue
525 4143 669 4194 tenuerunt
688 4141 840 4195 clarissima
857 4140 1004 4195 Gallicurm
1019 4141 1144 4196 Eccnsiae
1160 4139 1275 4200 lumina,
1291 4140 1426 4199 Hilarius,
1441 4139 1590 4200 Martinus,
1604 4138 1745 4200 Sidonius,

62 4209 176 4270 Avitus,
196 4209 343 4275 ltemiqius,
362 4207 505 4271 Gaesorius,
524 4211 626 4280 aliique
644 4214 810 4266 secretissimi
825 4213 980 4266 antistites?
1008 4211 1080 4276 Quid
1098 4213 1210 4279 inquam
1228 4210 1364 4264 catholicoe
1387 4209 1525 4276 reliqionis
1549 4209 1745 4263 studiosissimo

60 4281 187 4351 pordiqtci
199 4283 333 4349 acceptius
349 4295 431 4350 quam
443 4283 559 4350 antiqua
571 4282 621 4335 illa
634 4282 836 4337 Gallicanorum
849 4284 961 4337 Petrum
977 4283 1099 4345 oracula,
1115 4281 1255 4350 inquibus
1268 4286 1362 4335 nostra
1375 4280 1408 4333 de
1420 4279 1594 4333 Eucleam'stio
1607 4279 1673 4348 fides
1689 4283 1745 4333 tam

64 4352 147 4406 doris
161 4355 187 4404 et
195 4350 349 4405 illustribus
362 4355 521 4419 consiqnoto
534 4357 573 4406 est
585 4357 764 4408 monumentis
774 4357 788 4408 ι
797 4356 886 4409 Erunt
895 4353 947 4407 ulii
957 4355 1006 4422 qui
1018 4354 1076 4408 alia
1088 4353 1140 4408 tibi
1149 4353 1262 4421 majoris
1276 4367 1362 4420 operm
1375 4355 1400 4404 et
1412 4351 1573 4404 eruditionis
1582 4349 1743 4405 inscribant.

64 4424 120 4491 Epo
133 4436 208 4484 cero,
223 4424 267 4476 cui
278 4423 355 4477 nullo
368 4437 426 4492 spes
439 4427 477 4478 est
486 4425 662 4494 perveniendi
673 4425 710 4479 od
721 4425 800 4480 illam
814 4425 963 4494 aliquando
978 4426 1147 4492 facultatem,
1160 4428 1190 4478 ut
1202 4439 1220 4478 o
1232 4438 1274 4477 me
1286 4421 1436 4491 quidquem
1448 4423 1594 4489 eqreqium,
1604 4425 1629 4476 et
1641 4424 1746 4477 nemim

65 4497 109 4547 tuo
119 4493 207 4564 plone
220 4492 333 4562 diqnum
346 4496 496 4563 inspectari
507 4494 618 4561 debente
633 4496 728 4550 saltem
741 4496 771 4550 id
785 4499 919 4550 essecutus
931 4497 1001 4549 mili
1011 4496 1113 4559 uideor,
1126 4498 1157 4548 ut
1169 4494 1323 4562 arqumenti
1336 4493 1458 4561 qrooitos
1472 4495 1525 4546 ture
1542 4491 1675 4562 diqnitati
1687 4509 1744 4549 res·

60 4565 191 4636 pondeot,
207 4567 233 4617 et
247 4564 422 4621 observantie
435 4567 464 4618 in
478 4569 502 4620 te
514 4581 593 4632 meae;
608 4571 634 4620 et
645 4568 670 4621 si
681 4582 733 4621 non
744 4569 804 4621 olio
816 4582 855 4630 re,
870 4567 913 4620 uel
923 4567 1043 4621 utilitate
1054 4581 1104 4620 suo
1116 4567 1177 4634 ipsa
1190 4579 1217 4618 se
1231 4563 1380 4618 lucubratio
1394 4566 1512 4618 tueatur.
1523 4564 1652 4621 Ceterum
1662 4566 1746 4620 etiam

64 4640 145 4705 otqm
158 4636 272 4690 etiamn
285 4639 309 4690 te
318 4639 391 4705 peto,
404 4635 584 4691 illinirissime
597 4637 719 4693 Eccleeie
734 4641 867 4708 princeps,
880 4640 911 4692 ut
930 4636 1010 4693 solito
1025 4637 1189 4704 beniqnilate
1208 4639 1233 4690 el
1249 4634 1428 4689 benevolentia
1441 4638 1489 4688 tuo
1503 4635 1550 4689 bos
1567 4635 1669 4691 labores
1680 4650 1742 4691 nos·

66 4710 129 4774 boe,
146 4707 196 4774 qui
208 4709 256 4760 tuo
268 4708 427 4762 auctoritate
439 4709 501 4762 nim
509 4709 538 4761 in
547 4708 687 4778 publicum
696 4709 840 4779 prodeunt,
854 4708 905 4763 tibi
916 4706 1083 4778 accipiendos
1096 4708 1239 4762 eristimes.
1256 4704 1333 4772 Quod
1349 4706 1374 4760 si
1388 4720 1440 4775 pro
1463 4709 1511 4760 tua
1524 4706 1694 4761 humanitate
1713 4704 1744 4762 id

65 4779 230 4839 muccis,
245 4791 298 4832 non
311 4777 404 4834 dumio
417 4779 464 4835 leoe
476 4793 541 4849 opus
561 4780 611 4834 toti
627 4778 775 4838 Gallicane
797 4780 919 4836 Ecclesiae
938 4779 1118 4849 approbatum
1140 4779 1186 4840 iri,
1207 4776 1279 4847 quod
1297 4776 1348 4830 tibi
1365 4780 1473 4846 qrotnm
1492 4779 1518 4831 et
1536 4780 1672 4849 occeptum
1691 4785 1766 4833 esse·

68 4849 224 4904 mittunt.
237 4848 271 4904 td
319 4864 363 4906 cro
377 4864 431 4905 non
443 4854 499 4906 tom
513 4865 570 4906 meo
581 4866 664 4921 quom
676 4853 757 4907 totius
770 4852 981 4922 conpreqotionis
993 4854 1090 4906 nostre
1101 4851 1208 4904 nomine
1220 4849 1271 4903 tibi
1282 4848 1362 4917 offero
1377 4865 1385 4901 s
1400 4863 1482 4917 quom
1495 4849 1521 4902 si
1536 4850 1581 4905 tuo
1594 4849 1745 4920 patrocinio

69 4919 136 4976 tueri
143 4933 256 4993 perpes,
305 4935 374 4978 ome
386 4921 491 4979 beatum
503 4922 644 4995 reputabo,
660 4926 685 4981 et
697 4923 832 4996 eqreqium
851 4922 951 4981 laboris
963 4924 1017 4979 mei
1026 4922 1147 4993 fructum
1160 4919 1283 4977 retulisse
1297 4920 1367 4973 mibi
1382 4918 1551 4988 prestolabor.

1200 5009 1229 5069 F.
1249 5009 1375 5068 loannes
1392 5007 1533 5065 Mnemon
1551 5006 1585 5064 Μ.
1606 5006 1637 5063 Β.

72 5127 103 5160 =
184 5125 239 5161 Η,
362 5127 365 5131 .
423 5127 425 5130 ,

656 5305 1157 5440 PRAEFATIO.

10 5533 12 5546 ·
99 5517 120 5573 1.
134 5515 207 5583 011ae
222 5513 352 5571 omnium
364 5515 505 5588 apudnos
519 5517 700 5574 ecclesiemm
712 5535 760 5575 ore
773 5535 804 5574 ac
819 5518 976 5576 reverentia
985 5518 1130 5591 quondam
1140 5519 1303 5574 consecrata
1315 5514 1370 5571 tuit
1383 5508 1511 5587 Liturgia
1522 5509 1672 5581 Gallicana,
1686 5511 1749 5567 hoec
1804 5546 1808 5554 ·

10 5643 12 5647 -
70 5602 196 5663 danis
208 5607 285 5662 retro
299 5605 453 5678 nongentis
465 5605 505 5662 ite
519 5623 577 5662 non
589 5607 673 5664 modo
686 5607 717 5664 in
730 5609 954 5680 desuetudinem,
970 5609 1019 5664 sed
1033 5606 1120 5663 etiam
1132 5607 1162 5662 in
1174 5606 1342 5663 oblivionem
1355 5604 1424 5661 abiit
1437 5623 1446 5676 ;
1469 5608 1502 5661 ut
1514 5603 1576 5675 ejus
1589 5618 1640 5659 nec
1660 5601 1748 5656 resti-

71 5696 145 5768 num
158 5710 236 5772 pene
250 5694 343 5752 ullum
354 5694 484 5753 mliotum
497 5696 542 5769 sit,
558 5714 610 5755 nec
624 5697 695 5754 rime
714 5699 790 5773 apud
802 5701 876 5757 viros
888 5702 992 5756 nostrae
1006 5696 1105 5767 etatis,
1122 5695 1208 5753 etiam
1222 5694 1407 5766 doctissimos,
1421 5699 1513 5752 oenus
1533 5700 1561 5752 et
1573 5690 1749 5766 exploratus.

10 5863 12 5871 Ι
68 5781 123 5844 bon
135 5778 294 5845 defuerunt
306 5801 321 5844 e
334 5784 417 5844 Gallie
436 5786 539 5844 nostris
552 5788 805 5864 eruditihamines,
820 5790 869 5867 qui
881 5790 936 5851 hoc
945 5791 1148 5864 argumentum
1158 5786 1297 5846 illustrare
1307 5788 1455 5847 tentsmnt
1468 5801 1475 5842 ι
1490 5782 1538 5842 sed
1550 5781 1629 5841 inito
1641 5788 1757 5873 conatii
