3878 6150
112 255 163 310 ers
215 263 219 267 ·
596 249 723 306 saucia
741 211 972 318 naumurum,
992 249 1116 308 nmina
1136 249 1300 306 uuluam.
1740 252 1795 305 eso

111 359 201 433 pulcri
212 359 373 426 adstabant;
385 374 565 430 unaquaque
576 357 605 413 iu
617 375 667 414 suo
677 375 760 415 cereo
776 375 858 414 suum
870 376 921 416 no·
934 359 1003 446 Ain
1022 359 1099 415 beati
1120 359 1261 414 autistitis
1279 356 1397 413 Basilica
1410 356 1610 429 vigilaverunt,
1629 359 1692 413 tuta
1710 360 1796 413 nocte

112 471 181 511 men
196 454 283 511 dabat
293 454 509 524 scriptum,totm
518 451 567 506 uni
579 468 612 506 ex
622 451 737 508 famulis
745 454 924 525 cereosipsos
974 454 1163 525 energumeni
1178 454 1388 518 clamaverunt3
1403 450 1479 507 inter
1490 468 1563 523 quos
1576 451 1713 506 mulieres
1724 450 1797 506 duas

110 549 192 621 juxta
203 546 414 603 ordinationem
428 545 590 600 tradebant.
608 546 651 601 rit
664 547 809 602 contentio
828 547 857 602 in
876 564 925 618 po·
974 547 1099 619 graviter
1118 546 1273 601 infestabat
1287 544 1429 613 inimicus,
1444 545 1587 617 praecipue
1604 562 1664 600 una
1680 548 1796 599 tantum

113 643 182 715 pulo
195 641 259 708 ;alii
273 639 407 694 dicebant
418 655 516 693 cereos
525 638 601 710 ipsos
611 639 640 693 in
657 639 718 710 ejus
733 644 864 695 sanctum
880 657 924 695 se·
974 639 1177 706 bacchabatur,
1185 639 1253 694 utin
1263 638 1324 710 ejus
1332 638 1661 694 fremitutotatremeret
1668 637 1797 692 basilica.

114 737 243 808 pulcrum
253 732 328 787 mitti
335 731 440 786 debere
453 774 460 799 ,
475 732 522 786 alii
534 732 676 801 dicebant,
690 750 759 788 non.
771 733 926 789 Dumistud
976 736 1130 804 Postquam
1137 733 1205 787 inde
1215 731 1258 787 vir
1267 731 1620 803 venerabilishrnegisilus
1627 731 1800 787 abbasbasi·

115 829 258 900 ageretur,
285 825 320 879 de
332 825 415 896 pueri
426 825 544 880 brachio
559 826 608 897 qui
622 828 697 881 totos
708 827 837 882 tenebat.
853 843 927 880 uuus
976 826 1137 881 licaebeatae
1146 825 1254 897 reginae
1261 841 1326 880 cum
1335 824 1392 879 suis
1399 824 1544 880 Monachis
1552 823 1647 893 exivit,
1665 824 1703 880 ad
1715 840 1798 879 suam

116 919 220 974 exilivit
232 919 262 972 in
286 919 375 973 altum
393 935 479 990 super
499 935 616 974 omnem
633 921 781 991 populum,
804 924 878 974 etse
897 919 928 973 in
977 919 1085 974 radens
1106 919 1253 974 basilicam
1268 935 1381 974 cursum
1400 919 1532 990 implere,
1552 934 1642 990 quam
1661 917 1710 973 illa
1732 918 1800 972 satis

116 1016 214 1068 sancto
226 1013 356 1084 sepulcro
370 1011 407 1066 ad
419 1011 606 1083 pedesbeatae
614 1014 719 1083 posuit,
727 1016 756 1067 et
765 1011 929 1084 quodhaesi·
980 1013 1127 1084 dilexerat,
1145 1013 1221 1084 ipsas
1230 1016 1296 1083 post
1309 1030 1339 1066 se
1353 1012 1488 1066 mulieres
1501 1010 1657 1067 audierunt
1672 1011 1797 1067 clamau-

116 1106 240 1173 tabatur,
261 1103 424 1159 declararit.
444 1104 639 1175 Respicientcs
660 1106 696 1160 ud
717 1123 833 1174 nomen,
850 1105 930 1176 cujus
979 1110 1033 1176 tes,
1057 1107 1166 1161 Venite.
1195 1106 1263 1170 Qum
1289 1106 1425 1176 ingressae
1445 1103 1592 1160 basilicam
1608 1104 1800 1160 vociferantes

117 1216 189 1268 esse,
201 1215 310 1265 careus,
321 1198 471 1252 inventurn
482 1201 525 1252 est
534 1198 625 1254 Calvus
634 1215 752 1254 nomen.
765 1200 822 1254 lloc
830 1198 930 1253 videns
981 1200 1119 1255 domnam
1131 1198 1339 1269 liadegundem
1356 1201 1388 1264 ut
1399 1197 1440 1252 eis
1448 1202 1581 1269 parceret
1590 1197 1799 1269 supplicabant.

118 1293 267 1365 episeopus
280 1293 324 1345 vel
338 1291 432 1345 omnis
443 1292 573 1364 populus,
598 1292 774 1347 admirantes
796 1292 932 1347 virtutem
981 1293 1044 1347 Una
1054 1310 1086 1347 er
1102 1292 1165 1360 illis,
1180 1308 1244 1363 quae
1258 1291 1371 1362 gravius
1384 1291 1584 1359 tribulabatur,
1596 1291 1662 1363 jam
1673 1293 1718 1344 ter
1738 1291 1800 1360 qui·

117 1387 210 1442 beatae
225 1383 420 1455 Radcguudis,
440 1385 561 1439 Domino
579 1384 797 1440 benedixerunt.
812 1385 932 1450 Quantae
983 1403 1036 1441 nos
1048 1385 1157 1440 babens
1171 1401 1262 1440 annos
1277 1401 1311 1439 ex
1323 1401 1379 1457 quo
1394 1400 1459 1439 eam
1472 1383 1587 1456 spiritus
1602 1399 1731 1455 nequam
1751 1382 1801 1436 ssa·

118 1485 184 1553 post
194 1480 255 1550 ejus
269 1478 421 1533 transitum
436 1477 475 1532 ibi
493 1480 558 1532 sunt
578 1478 662 1533 facta
683 1478 810 1544 virtutes,
833 1477 934 1549 quanti
983 1479 1119 1551 gellabat,
1131 1494 1197 1533 curn
1210 1478 1354 1533 matutina
1367 1477 1525 1546 dicebatur,
1539 1475 1802 1532 saviensinimicus

120 1571 290 1628 daemoniaci
309 1571 432 1637 liberati,
452 1571 551 1642 quanti
571 1571 767 1627 febricitantes
785 1575 852 1626 sunt
867 1570 933 1626 red·
983 1589 1033 1626 vas
1047 1572 1125 1645 quod
1135 1572 1288 1638 invaserat,
1299 1570 1425 1641 reliquit.
1435 1571 1485 1624 llla
1499 1569 1556 1625 alia
1564 1570 1601 1625 ad
1611 1570 1729 1625 tertiam
1738 1572 1802 1623 unte

121 1666 173 1721 diti
185 1665 310 1732 sanitati,
325 1664 387 1735 quis
402 1680 574 1746 enumerare
589 1663 704 1719 valeat?
986 1665 1090 1721 ostium
1102 1665 1189 1736 ipsius
1200 1664 1323 1719 basilicae
1331 1667 1374 1718 est
1385 1663 1515 1731 liberata,
1532 1666 1561 1717 et
1575 1664 1653 1718 ultra
1663 1661 1802 1734 nequissi-

157 1763 200 1814 30.
214 1761 252 1813 De
266 1756 430 1828 Burgundia
448 1773 513 1811 cum
522 1756 582 1811 viro
595 1756 751 1828 apostolico
762 1757 885 1812 Leifasto
898 1737 975 1828 (0)ss
986 1775 1049 1814 mus
1061 1757 1150 1813 hostis
1161 1757 1203 1812 eis
1218 1774 1321 1812 nouere
1340 1773 1398 1812 non
1409 1757 1506 1812 valuit.
1518 1756 1611 1820 Quam
1624 1757 1708 1828 larga
1723 1759 1766 1810 ast
1779 1757 1806 1810 et

122 1852 255 1925 episcopo
267 1851 384 1904 veniens
395 1850 457 1920 ejus
468 1848 666 1905 abbanomine
676 1850 767 1918 Abbo,
782 1851 850 1906 dum
864 1853 938 1906 esset
988 1852 1066 1907 dives
1078 1850 1275 1906 misericordia
1288 1850 1337 1905 Dei
1348 1866 1412 1921 quae
1427 1867 1492 1905 suos
1509 1850 1600 1904 vereri
1612 1848 1693 1917 facit,
1705 1852 1734 1904 at
1745 1848 1805 1903 locu

122 1943 640 2011 Pictavisincivitate,dentisincurrit
655 1944 781 1998 validum
797 1944 936 1999 dolorem.
988 1944 1109 2016 requirit
1118 1945 1178 2015 ipse
1197 1943 1334 1998 virtutum
1356 1943 1526 2015 largiturae
1546 1943 1742 2015 dispensator,
1761 1940 1805 1995 ubi

123 2040 172 2096 Die
184 2041 328 2109 noctuque
339 2055 395 2092 una
405 2054 467 2105 vox,
480 2054 553 2092 unus
564 2037 646 2093 dolor
655 2036 751 2092 inerat
760 2038 796 2106 ei,
813 2041 938 2093 mortem
988 2056 1041 2111 per
1051 2054 1116 2093 suos
1130 2038 1229 2091 fideles
1244 2052 1325 2091 suam
1339 2035 1465 2091 ostendit
1481 2035 1655 2107 potentium.
1677 2036 1723 2091 Ad
1739 2035 1806 2090 basi-

124 2132 238 2189 ercnire
253 2131 305 2186 sibi
319 2133 421 2203 optans
439 2133 470 2185 ut
481 2133 560 2185 tanto
572 2133 683 2185 careret
699 2130 808 2186 dolore.
823 2131 877 2195 Qui
898 2130 940 2184 in·
989 2132 1074 2187 licam
1085 2130 1177 2185 sanati
1191 2129 1241 2185 viri
1254 2133 1320 2185 sunt
1334 2128 1382 2183 alii
1396 2129 1519 2198 liberati,
1532 2129 1581 2184 alii
1596 2145 1666 2183 vero
1684 2128 1805 2183 basilice

124 2227 250 2298 spirante
265 2225 317 2279 sibi
333 2224 429 2279 divina
441 2224 640 2279 misericordia
651 2224 762 2295 rogavit
776 2241 805 2278 se
819 2224 884 2279 duci
904 2223 941 2277 ad
992 2226 1106 2282 domnae
1125 2223 1310 2294 lladegundis
1323 2225 1390 2277 sunt
1398 2222 1500 2278 directi
1513 2239 1519 2278 :
1540 2225 1571 2276 ut
1589 2222 1665 2277 sicut
1687 2223 1805 2294 aequales

123 2323 228 2376 saneta
241 2318 409 2373 basilicam:
428 2317 477 2372 ubi
491 2317 647 2388 ingressus,
666 2334 730 2371 eum
746 2317 803 2371 fide
823 2333 853 2371 se
875 2319 941 2371 ante
993 2319 1085 2391 gratia
1097 2320 1189 2386 erant,
1204 2317 1244 2372 ita
1255 2317 1372 2389 aequalis
1382 2321 1412 2372 et
1424 2316 1513 2371 virtus
1527 2315 1742 2371 ostenderetur.

125 2415 256 2468 sanctum
269 2412 430 2482 sepulcrum
442 2413 526 2466 terrae
535 2411 666 2482 projecit,
677 2413 801 2465 mortem
810 2426 869 2481 pras
879 2426 943 2465 ocu·
1029 2415 1071 2466 32.
1084 2410 1151 2475 Quis
1166 2411 1241 2465 male
1254 2408 1373 2478 habens,
1389 2408 1519 2481 quamvis
1528 2409 1586 2464 vita
1599 2408 1778 2480 desperatus,
1786 2407 1805 2460 si

125 2507 160 2562 lis
184 2505 304 2572 habens,
327 2505 434 2575 pallam
462 2501 641 2575 corporalem
666 2504 790 2575 desuper
813 2505 944 2558 sanctum
992 2505 1100 2579 pallam
1113 2490 1304 2558 subteriorem
1317 2502 1550 2574 custosejusdem
1560 2503 1633 2558 sacri
1644 2501 1804 2574 sepulcriin·

126 2599 270 2653 tumulum
284 2597 430 2652 mordicus
443 2597 644 2668 apprehendit.
656 2596 710 2660 Qui
720 2599 830 2667 septem
844 2595 944 2650 diebus
994 2598 1113 2653 tinnitin
1122 2597 1346 2669 caliceaquae,et
1356 2596 1436 2652 dedit
1445 2597 1472 2652 ei
1481 2595 1658 2652 febricitanti
1667 2596 1802 2668 poculum,

128 2710 180 2747 nec
193 2692 288 2747 cibum
301 2693 470 2761 sumpserat,
486 2707 539 2744 nee
552 2706 652 2746 somno
670 2689 749 2744 refici
769 2691 893 2761 poterat,
914 2688 945 2743 in
996 2709 1054 2747 nou
1073 2689 1170 2746 statim
1187 2694 1217 2745 ut
1235 2691 1308 2745 bibit
1328 2694 1394 2746 aute
1418 2694 1549 2746 sanctum
1571 2690 1634 2762 ejus
1651 2691 1803 2762 sepulcrum

127 2786 182 2842 hoc
196 2802 292 2841 morsu
305 2801 392 2856 sopor
405 2784 539 2851 accessit;
560 2784 643 2839 dolor
658 2783 796 2851 discessit,
811 2798 897 2837 sanus
911 2781 947 2836 ad
993 2787 1093 2858 J'acens
1109 2801 1194 2857 sopor
1209 2784 1337 2853 accessit,
1348 2784 1467 2840 morbus
1479 2783 1618 2839 recessit?
1632 2783 1745 2841 Christo
1757 2784 1803 2837 lar·

128 2880 285 2953 hospitium
306 2878 400 2933 rediit.
422 2878 506 2942 Quod
524 2881 590 2949 post
611 2877 672 2949 ipso
689 2879 833 2932 referente
852 2877 947 2947 plures
997 2879 1093 2952 giente
1105 2878 1237 2933 omnibus
1247 2877 1347 2933 diebus
1360 2878 1388 2933 in
1398 2878 1515 2934 nomine
1526 2877 1616 2949 ipsius
1625 2877 1801 2933 Dominilcsu

129 2975 335 3045 cognoverunt,
356 2971 403 3024 ubi
418 2988 448 3024 se
459 2971 605 3026 fatebatur
618 2970 654 3025 dc
673 2971 774 3025 mortis
790 2971 880 3041 janua
896 2986 948 3040 per
998 2972 1099 3028 Christi
1117 2971 1156 3027 ibi
1169 2972 1267 3028 multae
1277 2973 1394 3027 virtutes
1415 2974 1497 3041 frunt,
1522 2972 1600 3027 unde
1617 2971 1744 3027 recessit.
1759 2971 1803 3024 Nos

129 3068 265 3121 virtutem
278 3065 391 3119 domnae
400 3063 584 3134 Radegundis
596 3066 841 3118 esseresocatum.
999 3082 1113 3139 quoque
1128 3065 1215 3120 etiam
1234 3065 1312 3121 fideli
1333 3066 1483 3122 devotione
1503 3070 1532 3121 et
1550 3066 1702 3122 sedulitate
1723 3063 1803 3121 debita

168 3165 211 3216 31.
225 3161 260 3214 Et
269 3159 337 3231 quia
349 3174 413 3213 mos
423 3157 502 3212 estin
514 3156 666 3211 festivitate
677 3157 753 3212 beati
769 3157 866 3211 Hilarii
885 3157 950 3212 reli·
998 3175 1171 3214 veneramur
1183 3159 1213 3214 in
1228 3160 1320 3228 terris,
1334 3159 1413 3231 cnjus
1424 3160 1522 3215 anima
1539 3159 1723 3228 confidimus,
1746 3173 1803 3230 gau-

133 3254 196 3327 quis
203 3252 380 3310 llonasteriis
389 3250 572 3306 circumcirca
587 3250 732 3322 proximis,
745 3268 809 3322 quae
821 3254 888 3305 sunt
899 3250 948 3318 ibi,
1000 3253 1101 3308 demus
1116 3256 1144 3308 et
1159 3253 1316 3326 gloriamur
1329 3254 1407 3326 quod
1419 3255 1591 3326 praefulgeat
1602 3254 1634 3308 in
1649 3253 1736 3320 caelis,
1752 3252 1802 3322 ipso

133 3348 262 3421 usquein
272 3346 520 3402 mediamnoctem
530 3343 950 3420 vigiliascelebrare;demedia
999 3349 1155 3419 praestante
1174 3347 1221 3419 qui
1234 3365 1299 3402 cum
1312 3350 1395 3403 Patre
1408 3351 1438 3402 et
1451 3347 1558 3420 Spiritu
1582 3350 1683 3405 sancto
1706 3346 1767 3401 sirit
1780 3348 1803 3398 ct

133 3441 423 3512 nocteunusqnisque
432 3438 656 3494 abbaseumsuis
666 3438 801 3493 fratribus
817 3438 853 3493 ad
867 3455 951 3493 suum
1000 3443 1104 3512 regnat
1116 3441 1145 3495 in
1159 3442 1264 3497 saecula
1273 3443 1451 3498 saeculorum.
1463 3445 1565 3499 Amen.

133 3536 286 3592 revertitur
294 3532 500 3590 manasterium
513 3548 626 3587 cursum
636 3532 790 3587 celebrare.
808 3531 950 3596 Quamdiu

172 3705 208 3777 (a)
232 3705 370 3760 Leifastus
394 3720 443 3758 scu
462 3703 591 3757 Lefastus
617 3699 767 3774 episcopus
790 3701 949 3770 AEduensis,
1002 3719 1080 3759 num.
1094 3708 1119 3758 7.
1135 3704 1346 3760 sammarthani
1362 3705 1525 3778 Auspicium
1539 3706 1618 3762 iuter
1635 3707 1769 3780 Siagrium
1780 3709 1802 3758 et

136 3773 268 3844 d’Autun,
280 3779 344 3899 post
356 3774 509 3855 siagrium,
525 3774 572 3846 qui
586 3790 663 3829 anno
673 3791 706 3828 uc
723 3773 803 3842 obiit,
820 3777 850 3828 nt
865 3773 953 3828 sentit
1002 3775 1147 3830 Lefastum
1163 3777 1272 3832 locant:
1285 3776 1335 3832 sed
1348 3777 1579 3849 priorsententia
1590 3779 1627 3834 ob
1637 3776 1801 3836 Bandonirie

137 3847 254 3903 Carolus
290 3848 427 3901 eCornte
454 3862 484 3898 ru
507 3846 610 3899 Annal.
632 3846 731 3901 Franc.
761 3844 798 3899 ad
822 3861 870 3899 au.
889 3847 951 3911 600,
1002 3849 1116 3901 aetatem
1130 3848 1321 3919 praeferenda.

414 4223 637 4299 SANCTAE
662 4223 1018 4322 annuntiatum,
1045 4227 1260 4302 REGINAE
1284 4228 1547 4306 FRANCIAE.

682 4399 1286 4595 rusruuuuruu

325 4739 827 4897 EPISTOLAa
876 4623 1012 4898 hid
1075 4749 1626 4904 EPISCOPOS.

177 5113 253 5167 llane
265 5112 346 5168 initio
361 5112 498 5168 institutae
514 5113 744 5185 congregationis
759 5132 816 5172 suae
831 5134 884 5190 pro
898 5119 959 5191 ejus
972 5120 1059 5178 tutela
1074 5124 1101 5178 et
1114 5120 1262 5178 stabilitate
1275 5121 1395 5195 scripsit,
1409 5120 1584 5198 concilioque
1594 5120 1745 5184 Turonensi
1752 5136 1800 5179 oon·

141 5201 311 5257 finnandam
325 5202 425 5258 absens
439 5202 550 5259 obtulit.

177 5356 264 5411 ¹Non
277 5356 359 5413 video
367 5358 444 5439 quod
453 5359 640 5440 tempushuic
649 5361 777 5444 epistolae
786 5363 880 5435 aptius
892 5381 960 5422 con·
1011 5371 1198 5425 tumasancta
1204 5370 1805 5454 ltadcgundescriptamvolnntpraeterquam

142 5431 236 5510 great,
253 5444 340 5499 quam
362 5432 463 5511 concili
479 5448 501 5513 ¹¹.
513 5433 696 5514 Turonensis.
711 5436 782 5491 Cum
797 5437 875 5491 enim
897 5438 962 5493 scri·
1013 5440 1091 5510 quod
1101 5458 1118 5496 a
1128 5441 1266 5512 Gregorio
1276 5443 1435 5497 Turonensi
1443 5444 1624 5513 refelluntur,
1635 5441 1805 5518 quiiuitroiu·

140 5503 191 5571 pta
215 5503 251 5581 sit
273 5500 310 5554 ad
328 5517 477 5584 episcopos
495 5504 557 5585 illos
572 5522 651 5585 ipsos
671 5506 772 5588 (quod¹
789 5525 823 5562 ex
846 5509 961 5565 illorum
1013 5512 1117 5567 stitutus
1131 5513 1167 5567 ab
1185 5529 1219 5567 ea
1240 5515 1472 5586 congregationis
1492 5513 1602 5570 editam
1620 5517 1713 5584 docet,
1724 5515 1767 5570 lib.
1781 5523 1808 5574 1¹·

140 5574 279 5653 rescripto
295 5573 384 5644 patet)
408 5589 456 5644 qui
477 5576 598 5656 coneilio
617 5578 774 5633 Turonensr
797 5579 961 5646 adfuerunt,
1013 5599 1075 5664 cap.
1088 5586 1131 5649 39,
1142 5584 1197 5639 hoc
1210 5584 1297 5639 etiam
1309 5603 1367 5640 non
1377 5585 1620 5656 animadvertunt,
1632 5584 1810 5661 Euphronius

140 5644 294 5724 uerisimile
307 5647 423 5726 esttum
438 5644 475 5697 ad
486 5661 535 5726 eos
555 5663 683 5728 missam,
703 5666 768 5731 cum
789 5668 847 5706 una
868 5655 964 5708 essent
1014 5671 1179 5734 episcopum
1192 5656 1235 5727 (ut
1247 5655 1282 5710 de
1300 5656 1411 5711 caeteris
1422 5656 1471 5728 qui
1490 5674 1549 5713 una
1571 5659 1739 5727 rescribunt,
1756 5649 1812 5711 nial

141 5729 171 5767 in
188 5729 222 5769 eo
236 5717 355 5795 concilio
366 5718 544 5785 congregati.
560 5716 614 5780 Qui
623 5718 697 5798 hanc
708 5737 737 5774 in
746 5721 878 5792 longiora
889 5728 963 5780 tem·
1015 5724 1117 5796 dicam)
1132 5743 1166 5781 ca
1188 5730 1321 5798 tempora
1335 5744 1394 5783 non
1412 5727 1550 5800 attigisse,
1571 5733 1693 5803 totoque
1709 5727 1813 5800 ampliat

142 5800 213 5854 pora
226 5785 371 5854 differunt,
382 5788 483 5856 etpost
499 5802 590 5842 annos
606 5789 704 5860 uiginti
718 5793 803 5861 paulo
818 5796 885 5848 ante
903 5793 962 5850 obi·
1015 5795 1156 5852 decennio
1171 5803 1274 5872 sanctu·
1290 5799 1475 5871 ltadegundis
1488 5799 1599 5858 obitum
1607 5800 1788 5875 praevertisse.
