3884 6150
185 315 236 371 lto
576 311 744 371 APPENDIX
763 311 807 368 ab
825 311 936 369 OPERA
955 310 1071 369 ShNdTl
1089 309 1240 368 amitti
1259 309 1473 368 PthSlENSlS.
1814 310 1866 365 t'lo

183 424 305 497 phanus,
325 423 426 482 fratres
443 422 590 493 rarissimi,
608 427 674 495 post
690 421 833 495 apostulos
851 422 999 478 ordinatus
1008 437 1038 512 Α
1143 420 1232 472 Lectio
1245 420 1327 470 sancti
1339 417 1473 482 Evangelii
1486 416 1631 470 secundnm
1644 416 1771 468 limeum.

184 523 236 587 est,
251 523 317 576 ante
331 517 472 592 apostulos
484 522 634 574 coronatus
645 520 698 584 est,
714 521 779 585 etc,
793 532 876 589 usqne
892 517 934 572 hd
952 532 997 571 sa·
1081 517 1184 574 Diebus
1196 515 1252 571 illis
1265 519 1443 571 accesserunt
1457 513 1492 570 ad
1505 513 1657 570 Dominum
1676 513 1772 569 lesum
1784 512 1864 567 laco·

183 618 303 674 nitatem
326 617 474 690 pristinam
504 620 672 671 revocantur
699 614 853 671 auxiliante
879 613 998 670 Domino
1046 612 1101 667 bus
1118 618 1146 669 et
1159 612 1309 677 lohannes,
1325 609 1377 663 lilii
1395 607 1533 677 Zebedaei,
1555 607 1701 663 dicentes:
1723 606 1865 678 Magister,

182 717 289 769 nostro.
1047 706 1178 762 volumus
1187 710 1218 760 ut
1227 705 1425 777 quodcumque
1433 701 1609 773 petierimus,
1618 699 1799 768 faciasnobis,
1811 703 1865 754 etc.

202 814 234 869 x.
247 828 368 868 manuos
387 828 417 867 tn
431 827 535 868 nerana
554 827 647 867 sanari
664 827 801 882 1111111111,
817 827 852 867 en
871 827 979 868 nissen.
1048 800 1144 871 (Mora.
1159 801 1198 873 x.)
1211 800 1343 856 Aoatmm
1356 801 1396 854 est
1406 812 1490 851 unum
1502 797 1609 863 solium.

381 903 468 953 Lectio
481 903 593 952 Aetuum
607 901 794 965 apostolorum.
1355 903 1562 951 casentino.

220 988 315 1062 110
331 989 361 1043 ln
375 988 474 1045 diebus
486 994 581 1044 autem
594 988 651 1043 illis
664 992 805 1044 crescente
814 1003 935 1044 numero
945 986 999 1043 dis
1083 990 1173 1045 Nullae
1187 988 1240 1044 hoc
1255 988 1317 1044 loco
1325 986 1460 1043 lectiones
1474 1000 1525 1057 pro
1538 981 1691 1050 llatutinis,
1703 996 1797 1054 neque
1810 981 1869 1037 ulla

182 1084 352 1156 cipulorum,
368 1088 433 1153 etc,
448 1099 531 1154 usque
542 1083 688 1139 Plancium
702 1098 841 1155 magnum
860 1098 946 1154 super
962 1081 997 1136 il·
1048 1084 1083 1140 ad
1102 1083 1218 1139 missam
1237 1081 1319 1137 lectio
1346 1097 1381 1135 er
1399 1078 1492 1134 Veteri
1511 1079 1697 1133 Testamenta.
1719 1077 1750 1130 ln
1765 1073 1869 1130 blissali

182 1177 254 1235 lum.
268 1178 338 1248 (dot.
354 1193 391 1247 vr,
407 1180 432 1245 1,
445 1192 529 1247 nsque
541 1193 599 1246 rut,
614 1178 652 1249 2.)
1047 1177 1163 1233 Gothico
1176 1175 1338 1231 inscribitur
1351 1190 1358 1228 :
1373 1175 1456 1229 Missa
1470 1174 1499 1226 in
1512 1171 1602 1225 natali
1612 1169 1704 1226 iacobi
1721 1173 1747 1223 et
1763 1169 1868 1223 lohan-

261 1283 349 1335 Lectio
363 1283 446 1333 sancti
460 1283 595 1348 Evangelii
606 1282 750 1334 seeundum
761 1282 920 1333 Mattheum.
1047 1275 1100 1328 nte.
1124 1272 1155 1326 lu
1173 1268 1341 1326 llozarabico
1363 1266 1447 1322 lectio
1470 1282 1506 1320 ex
1527 1263 1671 1336 Sapientia
1685 1261 1865 1318 Salomonis:

217 1367 354 1437 Tempore
366 1365 425 1434 illo,
439 1369 616 1421 accesserunt
630 1364 680 1437 qui
693 1363 859 1419 didrachma
877 1363 997 1435 accipie·
1047 1367 1189 1436 Sapientia
1195 1363 1421 1434 Juctnmdeduna't
1429 1376 1480 1432 per
1489 1362 1548 1415 vius
1560 1362 1656 1421 rectos,
1665 1361 1731 1426 etc.,
1742 1356 1869 1428 praemit·

183 1458 253 1515 bant
266 1459 300 1514 ad
316 1459 442 1530 Petrum,
458 1462 523 1527 etc,
537 1475 621 1530 usque
639 1458 751 1514 Salvere
771 1457 848 1530 quod
865 1457 997 1530 perierat.
1048 1459 1119 1515 titur
1132 1458 1246 1514 lectioni
1271 1473 1306 1512 ex
1318 1455 1439 1528 Epistola
1451 1454 1486 1509 nd
1500 1451 1759 1509 Thessalonicenses
1774 1469 1782 1506 z
1799 1450 1870 1510 n'oto

187 1548 295 1620 (notet.
311 1552 438 1620 111123,
453 1565 626 1620 1111111111,
642 1548 696 1620 11.)
1048 1568 1094 1610 uos
1116 1556 1242 1624 ignorare
1266 1548 1300 1605 de
1326 1549 1529 1610 dormientibus,
1549 1550 1602 1602 etc,
1622 1543 1808 1616 Evangelium
1832 1560 1868 1598 ex

371 1656 462 1701 norm
482 1657 521 1700 ar
543 1656 808 1702 observationes.
1050 1647 1199 1719 capitem
1214 1644 1349 1701 loannis:
1370 1644 1463 1700 simon
1488 1642 1610 1704 Joonnr‘s,
1626 1640 1719 1709 diligis
1744 1639 1869 1709 neptus

165 1750 174 1767 ⁸
220 1738 288 1794 Duoe
298 1736 399 1809 primae
411 1737 554 1807 lectiones,
569 1737 657 1792 allero
671 1753 706 1792 ex
719 1733 999 1808 letemiaprophels‚
1051 1742 1102 1806 tis,
1116 1746 1169 1796 etc.
1187 1740 1218 1795 ln
1231 1738 1406 1794 Lectionario
1425 1741 1522 1792 nostro
1536 1740 1600 1807 post
1619 1732 1748 1788 annisum
1763 1731 1869 1787 folium

184 1832 273 1888 altera
281 1848 316 1887 er
322 1847 452 1887 sermone
461 1830 550 1886 sancti
558 1830 709 1904 Augustini
717 1830 751 1887 de
757 1830 838 1885 beato
845 1829 999 1901 Stephano,
1011 1812 1039 1886 Β
1051 1835 1180 1908 sequitur
1199 1849 1292 1889 sermo
1312 1831 1428 1904 quidam
1442 1830 1547 1902 absque
1562 1828 1646 1883 initio
1657 1827 1691 1882 de
1704 1825 1868 1882 innocenti·

183 1923 413 1996 assignanturrtd
420 1924 595 1979 matutinum.
603 1922 658 1976 Hoc
666 1921 782 1976 nornine
789 1919 919 1992 plerique
926 1923 1001 1976 rete·
1049 1930 1112 2000 bus,
1128 1928 1204 1984 haud
1214 1927 1299 1983 dubie
1305 1926 1342 1982 ed
1349 1924 1526 1993 matutinum,
1541 1938 1627 1995 quem
1640 1921 1755 1977 titulum
1766 1919 1869 1992 utique

183 2034 249 2074 rum
262 2018 293 2072 in
303 2015 406 2089 plurali
418 2031 538 2070 numero
552 2020 673 2070 utuntur
686 2015 722 2070 ad
736 2014 952 2086 significandam
965 2013 999 2068 il·
1050 2023 1223 2096 supplemus,

183 2111 241 2167 lam
255 2109 526 2166 ecclesiasticioflicii
536 2112 647 2182 perlem
664 2125 751 2180 quam
760 2108 868 2163 Laudes
880 2107 1001 2179 appella·
1070 2125 1133 2199 [pfl.
1153 2140 1276 2181 LEGEM),
1299 2140 1328 2180 m
1346 2138 1426 2179 mm
1441 2136 1602 2191 mmmm
1618 2135 1652 2177 A„
1665 2118 1848 2191 mmmm]

183 2205 349 2276 mus,duota
358 2203 544 2277 appellatione
560 2203 712 2275 apsalmis,
722 2200 999 2274 qumalaudisroca—
1290 2218 1381 2268 sermo
1385 2249 1626 2266 ,,,,,,,,,,
1890 2270 1893 2281 Ι

183 2298 410 2370 bulcincipiunt.
427 2299 467 2353 lta
482 2297 571 2353 sancti
585 2296 763 2366 Benedictus,
779 2296 958 2365 Aurelianus,
973 2298 1001 2350 et
1088 2347 1143 2362 ,,,,,
1157 2311 1186 2361 gg
1197 2321 1253 2360 nou
1268 2304 1362 2373 faciet,
1381 2317 1474 2374 neque
1487 2300 1589 2372 aliquis
1611 2315 1646 2354 ex
1663 2297 1752 2367 vobis,
1766 2297 1870 2353 fratrer

184 2392 306 2449 isidorus
313 2392 343 2447 in
350 2391 457 2465 regulis
467 2391 837 2447 suisllatutinorumroccm
845 2393 997 2461 usurpant:
1050 2399 1232 2465 dilectissimi,
1250 2395 1346 2471 112
1367 2396 1472 2451 futueae
1483 2393 1686 2467 persecutionis
1696 2395 1790 2446 metus
1805 2407 1869 2445 mo·

183 2486 332 2544 Cassianus
346 2486 377 2540 in
389 2485 494 2558 duplici
508 2501 603 2554 sensu,
619 2501 724 2558 nempe
736 2501 789 2557 pr0
808 2483 959 2552 Laudibus,
973 2486 1002 2537 θῑ
1050 2499 1113 2548 reat
1125 2492 1290 2548 Antichristi
1305 2490 1483 2545 imminentis
1495 2488 1648 2543 adveutum
1662 2485 1701 2541 sic
1716 2490 1869 2551 terreatur,

184 2597 236 2654 pro
249 2580 340 2636 officio
356 2580 456 2635 Prima
468 2579 499 2634 in
516 2579 664 2651 singulari.
684 2583 720 2634 At
738 2594 836 2633 vocem
857 2577 930 2632 hanc
948 2592 1000 2648 pro
1050 2588 1083 2639 ut
1103 2599 1160 2637 non
1179 2580 1347 2652 evangelicis
1366 2577 1587 2634 exortationibus
1608 2582 1636 2631 et
1649 2575 1801 2648 praeceptis
1812 2590 1869 2630 oe·

183 2674 287 2748 rigiliis
296 2674 442 2729 nocturnis
451 2672 567 2727 adhibet
577 2672 730 2728 concilium
743 2673 904 2726 Turonense
920 2687 940 2725 11
953 2687 999 2725 ea-
1050 2671 1791 2743 lestibusinstruetus‚adomniainveniaturarmatus‚
1801 2674 1869 2736 ete„

183 2784 259 2825 none
273 2771 305 2824 18
317 2785 324 2822 :
336 2771 367 2823 ln
379 2767 472 2822 diebus
485 2768 562 2834 sestis
570 2767 608 2821 nd
618 2768 782 2822 Matutinum
791 2781 838 2821 sea
847 2766 1002 2836 antiphona
1050 2785 1134 2841 reque
1141 2771 1275 2840 Expectat
1284 2769 1367 2835 Deus,
1379 2768 1530 2838 expectant
1539 2769 1567 2820 et
1580 2763 1674 2835 angeli
1687 2763 1872 2834 1111111111-

185 2863 255 2919 binis
266 2862 380 2933 psalmis
393 2861 569 2931 explicentur.
584 2859 689 2914 Eodem
708 2859 739 2913 in
755 2858 915 2931 significatu
931 2858 1000 2913 Gre·
1050 2869 1092 2920 tet
1115 2868 1144 2919 et
1159 2863 1296 2917 Christus.
1312 2862 1420 2925 Quanta
1441 2864 1517 2915 est...
1533 2857 1657 2930 dignitas
1669 2861 1698 2912 et
1710 2861 1818 2928 quanta
1830 2862 1873 2911 est

185 2955 284 3028 gorius
296 2953 466 3009 Turonensis
477 2953 592 3008 antistes
606 2952 755 3007 Matutinas
766 2968 824 3007 non
835 2968 898 3007 raro
908 2951 1002 3023 appel·
1050 2956 1169 3012 felicitas
1180 2956 1299 3029 praeside
1313 2955 1369 3010 ileo
1385 2952 1530 3025 congredi,
1547 2956 1576 3007 et
1588 2951 1698 3007 Christo
1715 2949 1815 3022 judice
1827 2964 1871 3003 co

184 3048 235 3118 lat,
251 3052 282 3103 ut
293 3047 324 3101 in
336 3046 386 3101 lib.
401 3063 409 3100 t
423 3046 458 3101 de
473 3045 612 3100 Miraculis
625 3046 714 3100 sancti
726 3045 836 3101 llartini
857 3062 920 3116 cap.
941 3047 974 3100 33
991 3063 999 3100 1
1051 3050 1156 3106 reneri,

187 3164 202 3193 a
216 3143 294 3198 blane
313 3145 409 3196 aulem
428 3140 511 3209 iacto,
531 3139 613 3210 siguo
633 3139 667 3194 ad
687 3139 835 3194 Matutinus
849 3142 999 3209 commoto,
1103 3155 1168 3210 xm,
1183 3169 1305 3209 mm,
1319 3168 1348 3208 ω
1359 3168 1457 3208 mm,
1473 3164 1634 3219 mmm,
1649 3164 1685 3202 g„
1697 3161 1809 3203 mem,

184 3235 290 3294 reversi
302 3251 400 3291 sumus
416 3232 583 3289 dormitum.
597 3254 611 3282 a
623 3232 749 3288 Etinlib.
762 3233 796 3289 de
807 3233 875 3288 Vitis
885 3185 1039 3288 PetrumC
1268 3245 1356 3296 tectio
1368 3243 1500 3295 llierimim
1513 3241 1656 3308 prophete.

185 3346 247 3402 cop.
261 3331 300 3385 8:
320 3351 333 3379 «
347 3329 475 3394 Quodam
487 3332 584 3382 cutem
604 3342 688 3382 maro
706 3343 772 3381 cum
786 3327 953 3382 surrexisset
965 3326 1001 3382 sd
1086 3334 1149 3389 uoco
1162 3331 1394 3389 cicitnomtnus:
1410 3331 1470 3385 tor
1484 3329 1514 3384 in
1529 3328 1639 3384 excctso
1651 3325 1804 3381 connect
1824 3325 1867 3380 lo-

183 3423 333 3483 matutinos
347 3427 460 3479 sauctus
472 3421 606 3491 Nicetius,
621 3421 789 3493 exspectatis
803 3421 912 3476 duabus
925 3419 999 3476 anti·
1050 3427 1242 3497 mentetionie,
1264 3426 1347 3482 fletus
1365 3429 1394 3481 et
1416 3425 1518 3490 luctus,
1543 3427 1608 3490 eta,
1632 3435 1715 3492 nsque
1736 3420 1869 3475 bliserans

183 3518 287 3592 phonis
300 3517 444 3590 ingressus
457 3520 500 3571 est
513 3515 543 3570 in
554 3515 719 3570 sacrarium.
739 3515 790 3571 Ubi
808 3515 877 3570 dum
893 3514 999 3570 reside·
1050 3521 1215 3592 miserebor,
1238 3519 1278 3575 ait
1297 3519 1432 3575 [lominus
1453 3519 1536 3573 Deus,
1551 3517 1656 3587 (terem.
1673 3530 1750 3585 xxxi,
1767 3514 1870 3584 thio.)

184 3617 238 3679 ret,
250 3612 384 3667 diaconus
393 3607 605 3681 responsorium
615 3608 759 3664 Psalmum
768 3626 869 3665 cauere
879 3609 972 3681 erepit.
983 3629 998 3658 o
1190 3623 1278 3675 Lectio
1292 3620 1461 3688 apocalypsis
1473 3619 1595 3670 merente
1607 3616 1732 3683 Apostoll,

183 3704 240 3762 Cur
253 3720 320 3760 rero
333 3704 362 3758 iu
376 3702 549 3758 Lectiouario
559 3703 998 3776 nostroaliquandovigiliarum,
1086 3712 1223 3783 Tempore
1238 3709 1286 3764 illo
1299 3725 1352 3782 ego
1367 3708 1507 3764 Johanues
1520 3705 1577 3761 ridi
1591 3704 1642 3760 suh
1660 3703 1748 3759 altare
1761 3701 1871 3759 animm

185 3797 335 3869 aliquando
355 3796 484 3852 llatutini
504 3796 671 3851 vocabulum
698 3796 875 3867 adhibeatur,
897 3797 944 3851 illa
960 3796 1001 3851 di·
1050 3803 1273 3874 interfectcrum,
1288 3807 1353 3872 etc,
1369 3817 1453 3873 usque
1470 3800 1524 3865 Qui
1543 3795 1731 3855 interficiendi
1745 3801 1825 3868 sunt,
1837 3795 1871 3851 si·

186 3891 327 3948 acriminis
344 3906 428 3946 causa
444 3905 503 3945 csse
524 3889 645 3961 ridetur,
669 3890 746 3963 quod
765 3890 873 3962 Vigilim
897 3890 1000 3945 solem·
1051 3895 1462 3969 eutetitli,(gp00,v1‚n.t{,)

185 3984 314 4043 rioribus
326 3985 415 4054 festis,
430 3984 461 4039 in
474 3983 579 4056 quibus
595 3983 764 4056 prolixiores
777 4000 861 4039 sacrm
875 3984 1001 4040 excubia
1133 3999 1220 4050 Lectio
1234 3998 1317 4049 gance
1328 3996 1463 4061 Evangelii
1476 3995 1621 4046 seeundum
1632 3991 1796 4044 mattheum,

186 4084 278 4150 erant,
291 4078 462 4136 llatutinam
480 4093 530 4133 seu
548 4078 691 4134 llatutinae
709 4077 803 4134 minus
818 4078 999 4146 solemnibus,
1085 4086 1222 4157 Tempore
1248 4084 1298 4139 1110
1324 4099 1390 4138 cum
1416 4088 1499 4138 natus
1513 4078 1828 4136 esseillominuslesus
1841 4076 1872 4132 in

184 4174 215 4231 in
227 4174 331 4248 quibus
343 4172 451 4230 tardius
463 4172 643 4245 surgebatur,
658 4172 760 4228 melius
773 4171 943 4228 conveniret.
955 4173 1001 4229 Sa·
1050 4178 1196 4234 Bethleem
1208 4178 1313 4233 Judaeae
1322 4176 1352 4232 in
1366 4176 1465 4232 diebus
1478 4174 1595 4231 Herodis
1608 4173 1684 4245 regis
1697 4175 1765 4242 etc,
1784 4185 1872 4242 usquc

185 4269 416 4327 cerdolestumen
424 4266 651 4339 singulisdiebus
661 4267 696 4323 de
707 4272 790 4323 nocte
804 4266 959 4339 surgebant
965 4267 1000 4322 ad
1050 4271 1188 4339 Quoniam
1196 4272 1343 4327 Nazaroeus
1355 4270 1510 4326 vocabitur.
1522 4269 1630 4339 (Metili.
1645 4283 1676 4337 rt,
1694 4266 1781 4338 l·2d.)

186 4363 355 4432 orationem,
368 4367 401 4418 ut
413 4377 448 4417 cx
462 4360 600 4435 Gregorio
615 4360 734 4434 aliisque
747 4359 1001 4416 inferiusostende
1360 4376 1564 4424 oesenvmo.
1670 4364 1673 4371 '

185 4457 292 4513 missin
304 4456 501 4528 Disquisilione
516 4456 551 4511 de
565 4456 657 4512 Cursu
669 4454 821 4511 Gallicano·
1086 4461 1237 4534 Prophetis
1249 4460 1349 4517 eadem
1369 4458 1399 4514 in
1417 4456 1599 4527 blozorabico,
1612 4455 1663 4511 ubi
1675 4453 1797 4527 legitur,
1814 4455 1873 4510 Vos

223 4548 254 4603 ln
274 4548 358 4603 missa
375 4548 475 4604 natalis
495 4551 583 4605 sancti
602 4549 737 4623 Stephani
756 4549 834 4605 nulla
854 4548 901 4604 hic
921 4548 1082 4638 lectiones
1102 4560 1199 4618 Rama,
1222 4560 1275 4612 eto.
1293 4553 1386 4609 Lectio
1406 4552 1529 4608 mcunda
1546 4568 1581 4607 ex
1604 4548 1728 4621 Epistola
1753 4548 1776 4602 ll
1798 4546 1875 4602 beati

186 4657 226 4697 ex·
240 4640 333 4696 Veteri
348 4641 524 4697 Testamenta
546 4641 637 4715 111
664 4643 790 4714 epistolae
809 4642 1001 4715 proemittitur,
1052 4651 1129 4707 Pauli
1142 4650 1178 4706 ad
1192 4647 1350 4705 Corinthios
1363 4664 1426 4720 cap.
1443 4664 1451 4701 1
1467 4664 1474 4701 :
1490 4645 1650 4701 Benedictus
1663 4645 1735 4698 uros
1753 4647 1781 4697 et
1792 4642 1876 4696 Pater

185 4750 279 4807 neque
293 4732 405 4788 infesto
418 4733 506 4788 sancti
519 4735 634 4789 loannis
646 4736 823 4807 evangelistas
842 4736 1001 4792 nonnullis·
1051 4747 1161 4802 Domine·
1171 4745 1259 4799 nostri
1276 4745 1340 4799 Jesu
1355 4743 1465 4805 christi,
1482 4745 1536 4796 etc.
1550 4736 1738 4810 Evangelium
1753 4751 1791 4790 ex
1804 4735 1874 4790 itat-

186 4845 243 4902 quo
256 4826 327 4897 aliis,
342 4827 459 4882 fortasse
473 4827 957 4885 excommuniofficiodesumcnaa.
972 4831 1002 4885 ¹11
1051 4839 1120 4895 thei
1143 4838 1233 4910 capite
1254 4854 1343 4893 roro:
1367 4836 1458 4892 otton
1479 4839 1543 4890 suot
1564 4834 1676 4888 nomino
1694 4835 1790 4885 nostro
1811 4831 1875 4884 seco

186 4921 357 4979 hlozarabico
369 4936 517 4992 nunquam
531 4920 766 4992 praetermittitur.
781 4922 814 4977 Et
823 4922 931 4978 infesto
942 4922 1003 4996 qui·
1053 4934 1157 4991 censeo
1166 4933 1290 5004 parvule,
1305 4935 1358 4986 ete,

186 5016 252 5072 dem
265 5015 355 5071 sancti
367 5015 502 5088 Stephani
515 5014 598 5070 lectio
610 5013 750 5087 repetitur
769 5031 802 5070 ex
820 5014 891 5071 festo
911 5017 1002 5073 sancti
1070 5037 1135 5092 xlv,
1160 5050 1282 5091 LEGEM„
1308 5050 1336 5089 ,N
1360 5046 1563 5088 mmmm
1582 5040 1689 5099 mmm,
1708 5042 1745 5084 g„
1766 5042 1858 5084 m.

186 5110 347 5181 Clementis,
361 5126 465 5183 nempe
475 5126 509 5166 ex
519 5110 591 5166 libro
601 5109 761 5182 Sapientia,
776 5110 901 5165 tmtossi
918 5117 1002 5168 morte
1415 5119 1512 5159 rinutt.

182 5195 488 5278 preoccupatuctuert't,
501 5209 554 5265 cte.
565 5203 690 5277 Epistola
703 5219 769 5259 vero
779 5202 878 5259 eadem
889 5209 1002 5261 estoum
1295 5198 1381 5250 Lectio
1392 5196 1474 5248 recte
1487 5193 1630 5260 prophetas.

186 5297 336 5370 superiori,
350 5299 488 5372 tantisper
501 5304 597 5355 tamen
611 5298 759 5371 prolixior.
773 5297 957 5369 Evangelium
967 5315 1002 5355 er
1087 5290 1150 5346 Haee
1160 5286 1227 5342 dicit
1238 5285 1372 5340 Dominus
1386 5284 1540 5339 Redemtor
1546 5284 1613 5335 tuus
1620 5283 1649 5334 et
1658 5277 1801 5334 formator
1809 5283 1876 5334 tuus

185 5390 381 5465 Matthaeicup.
395 5409 485 5449 xxrtr:
501 5395 587 5465 Super
601 5393 758 5449 cathedram
772 5394 870 5463 Mopsi,
884 5397 938 5450 etc.
1052 5401 1088 5441 ex
1110 5387 1192 5439 utero
1209 5380 1289 5452 :Ego
1309 5395 1373 5434 sum
1390 5376 1527 5432 Dominus
1549 5373 1655 5429 tociens
1676 5371 1785 5442 omnia,
1807 5375 1873 5433 etc„
1933 5426 1936 5435 ⁴

202 5491 244 5549 xl.
264 5506 388 5549 morunt
406 5508 434 5547 nt
453 5508 533 5548 resno
552 5507 643 5548 sanari
661 5507 802 5562 iohannis,
822 5506 857 5546 aa
877 5507 983 5549 urssam
1052 5493 1137 5549 1131116
1150 5477 1208 5548 580
1228 5471 1325 5546 113
1345 5471 1481 5527 D⁰¹¹¹l1¹1¹⁵
1504 5468 1609 5524 faciem
1633 5464 1730 5522 ΜΒ
1749 5465 1824 5532 ms
1837 5465 1936 5525 ⁸5²³

279 5585 366 5637 Lectio
378 5585 549 5652 Apocalypsis
561 5585 643 5637 sancti
655 5585 778 5636 iohannis
788 5585 909 5650 apostoli.
1052 5570 1189 5628 hominus
1201 5567 1273 5624 Deus
1286 5568 1350 5639 tiso.
1364 5581 1437 5636 1111,
1452 5564 1497 5634 Ti,
1514 5577 1599 5634 usque
1611 5576 1672 5631 xer,
1683 5560 1721 5632 7.)

221 5671 621 5745 Temporeilloegolohannes
633 5671 692 5728 ridi
703 5675 816 5744 Agrium
829 5689 914 5744 super
925 5689 1003 5730 mon·
1068 5674 1121 5732 XV.
1141 5688 1265 5729 maanus
1288 5688 1316 5727 tn
1334 5683 1538 5726 crncurctsrone
1561 5679 1669 5735 11111111,
1687 5678 1725 5718 un
1745 5678 1854 5721 1111111.

184 5770 244 5824 tem
255 5768 331 5838 Sion,
345 5773 410 5839 etc,
424 5782 508 5840 nsum
519 5765 591 5824 liare
610 5774 638 5825 11
650 5767 742 5826 1111111
753 5786 890 5846 aquarum
908 5771 1002 5844 (Aper.
1286 5773 1375 5827 Lectio
1389 5770 1471 5824 Esaiae
1484 5768 1627 5836 prophete.

54 5858 64 5869 “
176 5876 236 5928 ιιν,
255 5864 322 5934 1·7.)
1088 5866 1152 5923 llaec
1164 5863 1232 5921 dicit
1243 5861 1394 5921 11111ιί11111
1407 5856 1510 5916 audite
1523 5855 1643 5913 verbum
1652 5851 1778 5924 Domini,
1792 5851 1890 5927 prin·

1906 5942 1936 6101 t
