3884 6150
130 251 180 305 907
783 240 942 299 ΑΝΤΟΝΙΝΙ
960 242 1158 299 PLACENTlNl
1480 193 1484 199 ι
1762 243 1811 298 908

129 357 257 413 rantium
281 351 414 410 deorsum
439 352 467 407 in
488 352 558 407 valle
576 351 719 422 losaphal,
739 351 776 406 ad
797 351 859 407 loca
880 367 944 423 quaa
955 355 1036 436 Αεει
1057 352 1095 407 ihi
1117 350 1233 407 basilica
1249 349 1390 417 volubilis,
1406 350 1441 406 de
1464 348 1515 405 sub
1537 365 1594 422 qua
1615 348 1711 420 surgit
1726 346 1810 416 Siloa,

129 450 286 524 respiciunt
300 452 399 505 contra
410 448 566 502 Sodomam
582 450 611 500 et
623 445 824 501 Gomorrham.
993 447 1121 501 clausura
1130 444 1336 514 cancellorum3
1357 445 1387 499 in
1402 444 1505 516 quibus
1515 460 1566 515 pro
1576 442 1812 499 benedictioneiu

164 548 208 600 ιι.
225 542 334 600 Deinde
349 541 478 596 venimus
497 539 527 594 in
543 540 691 594 basilicam
712 539 791 605 Sion,
810 538 858 594 ubi
878 542 945 593 sunt
993 558 1051 595 uno
1065 541 1193 595 lavantur
1206 540 1268 607 viri,
1280 540 1311 594 in
1325 539 1414 594 altero
1423 555 1490 594 vero
1501 538 1634 593 mulieres
1648 553 1656 592 τ
1668 537 1698 591 in
1709 537 1811 607 quihus

131 637 273 693 mirabilia
289 636 377 690 multa
392 652 399 689 ι
417 634 490 688 inter
506 651 569 705 quae
583 637 626 689 est
640 633 716 705 quod
733 632 839 704 legitur
853 633 888 687 de
902 634 942 687 la·
994 634 1074 706 aquis
1088 634 1178 689 multa
1189 633 1387 703 ostenduntur,
1399 632 1457 687 imo
1470 638 1498 688 ct
1509 631 1612 703 leprosi
1624 630 1808 685 mundantur.

130 733 197 806 pide
210 729 351 802 angulari,
373 728 420 799 qui
435 728 602 801 reprobatus
615 707 658 783 eil
673 727 708 804 ah
725 726 941 782 aedificantibus.
994 729 1027 782 El
1040 732 1104 783 ante
1118 729 1220 783 atrium
1235 733 1277 783 est
1288 727 1396 799 piscina
1409 725 1534 799 grandis,
1550 741 1642 780 manu
1657 723 1808 779 homiuum

128 825 250 882 Domino
267 821 540 893 enim‘ingrediente
556 822 584 876 in
598 822 691 892 ipsam
706 821 865 887 ecclesiam,
880 837 944 891 quae
993 821 1113 891 munita,
1126 822 1156 877 in
1170 839 1225 893 qua
1239 822 1350 876 lavatur
1367 821 1489 893 populus
1506 819 1618 875 assidue
1640 818 1709 873 solis
1730 818 1808 873 certis

128 918 182 975 luit
197 917 299 972 domus
318 916 407 971 sancti
430 915 536 982 Jacobi‚
552 915 661 970 invenit
680 914 807 986 lapidem
824 914 941 969 *delor-
993 916 1092 971 horis:
1109 933 1175 971 nam
1194 915 1239 971 ille
1253 915 1315 971 lons
1332 914 1434 986 irrigat
1450 930 1536 986 aquas
1551 913 1667 982 multas,
1680 928 1749 983 quae
1763 911 1808 967 de-

126 1029 214 1079 mam,
230 1012 259 1065 in
273 1010 369 1065 medio
378 1010 540 1081 jacentenr;
557 1009 705 1080 tenuitque
719 1026 796 1079 cum,
808 1012 837 1062 et
849 1008 944 1080 posuit
993 1010 1131 1066 scendunt
1143 1009 1308 1081 pervellem
1325 1009 1468 1079 losaphal,
1484 1024 1547 1079 qua
1565 1011 1593 1061 et
1614 1005 1809 1075 Gelhzemani,

128 1108 158 1161 in
169 1106 284 1177 angulo.
294 1105 386 1168 Quem
395 1107 500 1158 tenens
513 1103 588 1158 levas
598 1106 627 1157 et
639 1102 722 1174 ponis
733 1119 831 1157 aurem
844 1102 942 1173 inipso
993 1108 1021 1158 et
1034 1103 1235 1175 ingrediuntur
1248 1103 1279 1159 iu
1291 1103 1412 1158 iordane
1424 1101 1519 1171 lluvio,
1530 1100 1579 1156 ubi
1591 1098 1726 1156 lordanis
1744 1098 1809 1154 deli·

129 1201 234 1271 angulo
243 1203 264 1266 ',
276 1202 305 1253 ει
317 1201 400 1252 sonat
415 1197 444 1251 in
462 1197 578 1251 auribus
589 1196 646 1250 tuis
657 1196 738 1269 quasi
750 1196 942 1250 murmuratio
993 1197 1031 1252 cil
1044 1198 1075 1252 in
1090 1214 1168 1252 mare
1184 1197 1353 1265 Salinarum,
1370 1195 1469 1251 subtus
1482 1195 1637 1251 Sodomam
1651 1198 1682 1248 et
1694 1193 1809 1248 Gomor-

128 1294 282 1349 mullorum
298 1286 460 1346 hominum.
478 1293 509 1347 lu
525 1291 585 1361 ipsa
600 1291 724 1344 Ecclesia
740 1294 779 1343 est
797 1291 941 1356 columna,
993 1292 1087 1347 rham.

128 1387 157 1443 in
167 1388 288 1458 quatale
297 1388 338 1439 εει
348 1383 943 1456 signum,utdumeamquidamamplexus
1028 1381 1231 1452 batpalmis
1254 1380 1328 1436 Siloa
1352 1379 1426 1434 infra
1451 1378 1593 1434 civitatem
1619 1377 1749 1433 inclusus
1762 1379 1809 1443 est,

127 1481 237 1548 luissel,
250 1479 281 1534 iu
298 1479 360 1550 ipsa
376 1478 405 1533 ei
422 1480 521 1548 pectus
536 1477 656 1532 adhaesit
669 1481 697 1531 et
710 1480 851 1549 apparent
865 1477 895 1531 in
909 1494 943 1532 ea
993 1475 1060 1548 quia
1076 1475 1204 1530 Eudoria
1222 1474 1236 1514 b
1257 1491 1330 1530 uxor
1343 1471 1693 1545 iustinianilimperatoris
1706 1469 1811 1525 addidit

126 1576 232 1647 palmae
248 1577 277 1628 et
291 1572 389 1644 digiti;
405 1572 443 1627 ila
461 1576 490 1625 ul
504 1571 571 1625 inde
587 1588 639 1642 per
653 1570 779 1642 singulos
791 1572 943 1641 languores
992 1586 1089 1625 mitras
1103 1569 1132 1623 in
1145 1569 1258 1624 civitate
1270 1569 1435 1631 Jerusalem,
1451 1571 1480 1623 et
1497 1568 1559 1638 ipsa
1576 1564 1706 1621 munivit
1719 1564 1808 1635 sepul·

128 1669 253 1736 tollalur,
269 1670 298 1722 et
319 1667 366 1738 qui
389 1666 463 1720 circa
486 1666 591 1720 collum
612 1665 729 1731 habeut,
746 1668 892 1719 sanantur.
911 1667 941 1718 ln
992 1680 1072 1719 crum
1086 1669 1114 1719 et
1126 1663 1268 1718 basilicam
1287 1662 1361 1717 beati
1376 1661 1520 1734 Stephani,
1535 1666 1563 1716 ει
1576 1661 1638 1733 ipsa
1651 1674 1741 1715 suum
1760 1658 1806 1713 ha·

127 1762 189 1834 ipsa
204 1763 337 1817 columna
351 1763 394 1814 est
407 1776 496 1814 cornu
507 1757 577 1812 illud
590 1759 625 1812 de
639 1776 696 1830 quo
706 1775 790 1830 reges
800 1739 981 1839 ungebanss
992 1758 1040 1813 het
1061 1758 1223 1828 sepulerum
1237 1757 1319 1828 juxta
1333 1756 1496 1828 sepulcrum
1516 1755 1593 1810 beati
1613 1752 1769 1825 Stephani;
1784 1756 1808 1807 ει

128 1859 183 1924 tur,
200 1855 276 1910 unde
294 1859 323 1909 el.
337 1854 422 1908 llavid
439 1853 467 1907 in
486 1870 576 1923 regno
592 1859 693 1908 unctus
713 1857 765 1907 εει.
782 1853 822 1907 lbi
836 1857 877 1907 est
894 1869 941 1907 co·
993 1852 1069 1906 inira
1090 1851 1252 1922 sepulcrum
1275 1854 1341 1905 sunl
1363 1866 1476 1922 gressus
1494 1865 1568 1914 xxv'r,
1583 1853 1612 1902 et
1630 1847 1734 1902 heatus
1751 1846 1804 1901 Ste-

128 1966 200 2006 rona
210 1949 308 2021 spinea
319 1948 354 2002 de
365 1964 422 2020 qua
432 1947 570 2002 Dominus
579 1951 732 2002 coronatus
743 1949 795 2014 εει,
805 1951 834 2001 ει
843 1947 943 2001 lancea
992 1946 1105 2018 plranus
1113 1943 1262 2016 requiescit
1273 1944 1340 1998 loris
1351 1947 1463 2016 portam
1474 1942 1584 2014 sagittae
1593 1942 1688 2012 jactu,
1700 1955 1807 2011 unaque

128 2045 163 2099 de
175 2061 232 2116 qua
242 2044 272 2098 in
282 2045 371 2097 latere
385 2057 536 2113 percussus
548 2045 600 2108 est,
613 2040 760 2113 etlapides
773 2039 865 2109 multi,
877 2057 942 2095 cum
993 2040 1077 2095 modo
1090 2043 1170 2110 porta
1194 2054 1225 2092 ex
1247 2038 1365 2093 nomine
1386 2036 1475 2110 ipsius
1497 2036 1631 2108 martyris
1646 2038 1772 2102 vocatur,
1783 2039 1809 2089 et

127 2138 231 2211 quibus
245 2136 298 2191 luit
311 2135 453 2207 lapidatus
463 2135 634 2206 Stephanus.
646 2134 686 2188 lbi
698 2135 830 2189 columna
842 2134 871 2188 in
886 2150 943 2206 qua
994 2136 1036 2188 est
1049 2133 1084 2187 ad
1097 2132 1172 2186 viam
1185 2149 1249 2206 quae
1263 2131 1377 2204 respicit
1396 2131 1431 2186 ad
1452 2131 1646 2198 Occidentem,
1661 2145 1728 2202 quae
1749 2128 1807 2183 des·

126 2233 220 2305 posita
240 2231 294 2286 suit
314 2246 381 2285 crux
404 2229 480 2284 beati
497 2228 584 2296 Petri,
601 2228 650 2285 uhi
668 2228 816 2283 crucifixus
829 2231 873 2284 est
888 2229 941 2282 llo-
993 2227 1087 2282 cendit
1099 2227 1134 2281 ad
1149 2228 1267 2298 loppem
1280 2232 1308 2281 et
1320 2226 1478 2281 Caesaream
1502 2225 1664 2280 Palaestinae
1676 2223 1720 2279 vel
1733 2223 1806 2277 Dios·

127 2343 200 2393 mre,
217 2325 257 2379 ibi
270 2327 299 2378 ct
311 2324 382 2379 calix
393 2323 423 2378 in
437 2339 494 2394 quo
505 2325 570 2393 post
582 2322 820 2378 resurrectionem
831 2321 943 2377 llomini
993 2321 1064 2394 polis
1077 2320 1228 2388 civitatem,
1244 2337 1308 2392 quae
1328 2319 1484 2391 antiquitus
1503 2319 1652 2374 dicebatur
1673 2321 1773 2374 azotus
1786 2329 1806 2386 ⁸,

127 2419 228 2474 missas
241 2418 422 2472 celebrarunt
432 2416 569 2488 apostoli;
584 2418 613 2471 el
627 2417 718 2470 multa
731 2416 788 2470 alia
801 2414 943 2470 mirabilia
994 2416 1023 2471 in
1043 2432 1099 2488 qua
1120 2414 1271 2485 requiescit
1286 2417 1398 2469 sanctus
1412 2413 1547 2485 Georgius
1567 2417 1690 2485 martyr.
1704 2414 1736 2467 ln
1750 2413 1809 2483 ipsa

128 2529 192 2586 quae
212 2530 269 2568 non
290 2511 395 2566 recolo.
412 2511 454 2566 lbi
466 2517 504 2567 est
517 2512 709 2566 monasteriam
718 2511 875 2581 puellarum
890 2529 898 2564 :
914 2513 943 2564 et
992 2510 1048 2578 via,
1064 2526 1121 2564 non
1143 2509 1229 2579 longe
1253 2510 1326 2562 astat
1349 2508 1481 2562 columna
1505 2521 1678 2575 marmorea,
1703 2506 1734 2560 in
1755 2522 1809 2578 qua

127 2602 166 2657 ibi
181 2602 239 2657 vidi
257 2604 361 2656 lostam
378 2600 505 2655 hominis
524 2600 663 2655 inclusam
684 2599 713 2654 in
738 2600 833 2655 loculo
854 2615 941 2654 aureo
994 2603 1127 2658 [lominus
1148 2600 1227 2672 prius
1244 2601 1400 2656 ducebatur
1416 2601 1452 2656 ad
1473 2600 1680 2672 flagellandum
1699 2618 1706 2655 :
1723 2600 1808 2672 quire*

127 2699 228 2752 ornato
247 2694 370 2766 gemmis
387 2710 393 2748 :
409 2711 496 2766 quam
513 2694 613 2748 dicunt
629 2710 690 2748 esse
709 2697 794 2766 caput
808 2693 943 2765 martyris
991 2696 1104 2769 fugiens
1121 2696 1212 2751 levata
1228 2700 1270 2750 est
1286 2695 1320 2750 ad
1340 2695 1440 2762 nubes,
1455 2697 1484 2749 et
1495 2695 1622 2766 deposita
1640 2698 1685 2750 est
1702 2694 1735 2749 in
1754 2694 1809 2765 ipso

125 2788 524 2860 Theodovae11nquamu1ti
545 2792 719 2860 aquampro
740 2787 941 2842 benedictione
992 2792 1070 2862 loco3
1095 2797 1124 2847 at
1143 2791 1174 2846 in
1196 2793 1306 2846 tantum
1329 2805 1429 2845 verum
1451 2788 1632 2860 cognoscitur
1657 2805 1730 2857 esse,
1746 2789 1811 2861 quia

125 2883 239 2951 hibunt,
253 2889 282 2938 el
294 2898 348 2954 ego
361 2881 430 2937 hibi.
992 2904 1049 2942 non
1073 2885 1160 2940 habet
1179 2884 1269 2940 basim
1292 2883 1341 2939 uhi
1365 2876 1449 2939 dehet
1469 2899 1529 2938 esse
1550 2882 1680 2953 fundata,
1702 2882 1753 2938 sed
1774 2882 1809 2938 sic

162 2979 206 3031 23.
220 2978 257 3030 lle
273 2977 338 3033 Sion
354 2991 437 3045 usqae
455 2976 593 3030 basilicam
612 2981 711 3030 sanetae
727 2977 832 3038 Mariae,
847 2974 885 3029 ibi
903 2978 942 3029 est
991 2984 1045 3036 stat
1068 2996 1153 3052 super
1173 2984 1280 3035 terram
1299 2983 1327 3034 et
1349 2977 1483 3049 agitatur.
1498 2979 1528 3032 ln
1543 2977 1625 3048 cujus
1645 2977 1809 3032 summitate

127 3071 297 3140 congregatio
313 3084 415 3136 maana
434 3070 625 3123 monachorum
644 3084 675 3124 ac
688 3069 831 3123 mulierum
845 3084 978 3190 mensaec
992 3077 1065 3132 Crux
1086 3075 1180 3130 ferrea
1193 3073 1283 3145 posita
1296 3077 1347 3128 est.
1362 3073 1396 3126 Et
1409 3088 1507 3126 rursus
1522 3087 1574 3142 per
1586 3071 1692 3127 scalam
1709 3088 1807 3127 asceu-

124 3163 344 3224 laaamerabiles,
354 3162 420 3216 lecta
433 3162 618 3232 languentium
629 3163 693 3232 plus
702 3162 940 3231 quinquemillta',
992 3171 1078 3238 ditur,
1093 3172 1121 3224 et
1134 3168 1208 3223 fiunt
1222 3167 1260 3222 ihi
1272 3166 1427 3223 luminaria
1442 3166 1644 3237 etiamnum,
1660 3169 1689 3220 et
1701 3167 1806 3222 daemo-

126 3259 268 3314 adruinus
283 3259 348 3311 aaa
365 3256 400 3310 Et
411 3255 555 3310 oravimus
572 3255 601 3309 in
616 3255 749 3327 praetorio
765 3256 814 3310 ubi
826 3256 941 3310 auditus
990 3263 1062 3319 maci
1076 3264 1268 3319 mundantur:
1284 3277 1350 3316 nam
1366 3264 1393 3315 ei
1406 3260 1440 3330 Ι1η
1454 3260 1514 3332 ipsa
1526 3260 1674 3331 provincia
1688 3264 1733 3316 est
1744 3261 1805 3315 bea.

125 3356 169 3408 est
184 3351 340 3418 Dominus;
356 3355 384 3404 et
396 3349 425 3405 in
436 3366 470 3404 eo
483 3349 600 3405 basilica
614 3355 719 3406 saneta
732 3350 857 3422 Sophiae.
867 3353 940 3406 Ante
990 3362 1035 3413 tus
1048 3361 1156 3429 martyr
1168 3355 1315 3427 Georgius.

124 3447 223 3503 ruinas
234 3445 334 3516 templi
350 3443 512 3500 Salomonis
522 3444 574 3499 suh
589 3445 685 3518 platea
699 3461 775 3515 aqua
786 3444 941 3500 decurrite
1025 3454 1069 3507 εδ,
1092 3454 1189 3522 ltaque
1214 3453 1349 3505 exeuntes
1374 3466 1406 3504 ex
1428 3448 1502 3504 Siloa
1523 3448 1614 3518 fonte,
1628 3448 1761 3503 venimus
1777 3448 1805 3503 in

125 3542 205 3597 lonle
220 3541 307 3597 Siloe.
323 3541 410 3596 Secus
422 3539 565 3611 porticum
579 3539 743 3594 Salomonis
755 3539 784 3594 in
798 3540 859 3611 ipsa
869 3540 941 3595 basi·
990 3563 1092 3618 agrum
1105 3545 1154 3617 qui
1169 3548 1348 3616 comparatus
1363 3547 1405 3599 εει
1421 3542 1512 3614 pretio
1523 3543 1673 3614 sanguinis
1687 3543 1804 3612 Domini,

125 3636 179 3691 lica
200 3641 242 3690 εει
260 3635 338 3689 sedes
352 3634 381 3688 iu
405 3649 461 3704 qua
482 3634 556 3688 sedit
570 3634 684 3704 Pilatus,
700 3635 814 3705 quando
834 3633 942 3689 audivit
990 3641 1039 3713 qui
1062 3641 1178 3695 vocatur
1197 3637 1373 3700 Haceldomo,
1396 3637 1425 3691 id
1449 3641 1490 3692 est
1511 3639 1583 3706 Ager
1604 3636 1805 3705 adommin

125 3729 288 3784 Dominum.
301 3729 382 3782 Petra
395 3732 437 3781 est
448 3729 642 3799 quadrangula
653 3728 746 3800 inqua
757 3728 941 3784 reuslevaha-
990 3751 1047 3807 quo
1066 3733 1241 3805 sepeliuntur
1254 3746 1353 3786 omnes
1373 3729 1527 3802 peregrini.
1547 3732 1581 3786 Et
1598 3731 1677 3786 intra
1689 3731 1751 3803 ipsa
1764 3746 1804 3785 se·

125 3827 182 3893 tur,
197 3822 278 3877 ulab
291 3820 422 3876 omuibus
436 3821 583 3876 audiretur
595 3825 624 3876 et
637 3821 789 3878 videretur.
809 3823 838 3877 lu
852 3840 885 3878 ea
897 3823 939 3879 le·
989 3827 1086 3901 pulcra
1100 3828 1167 3882 sunl
1185 3825 1293 3881 cellulae
1307 3841 1451 3880 servorum
1473 3824 1531 3892 llei,
1547 3824 1594 3879 uhi
1617 3824 1694 3880 siunt
1713 3824 1806 3881 multa

124 3919 205 3970 vatus
218 3918 260 3969 est
273 3913 420 3980 Dominus,
434 3913 548 3985 quando
561 3914 673 3970 auditus
686 3920 728 3971 εει
740 3933 756 3970 a
770 3916 868 3983 Pilato,
884 3917 938 3971 ihi·
988 3922 1127 3978 virtutes:
1142 3924 1171 3976 ει
1184 3936 1235 3992 per
1252 3918 1312 3974 loca
1330 3919 1404 3974 infra
1423 3919 1482 3990 ipsa
1496 3919 1627 3991 sepulcra
1639 3924 1710 3975 sunl
1721 3919 1806 3975 vinea

125 4026 181 4082 que
194 4008 269 4064 illius
282 4007 418 4063 remansit
431 4008 540 4080 imago,
551 4008 654 4080 pedem
666 4009 772 4065 hahens
785 4009 938 4081 modicum,
990 4021 1018 4071 et
1029 4033 1122 4089 poma.

123 4104 286 4178 pulchrum,
300 4101 443 4157 subtilem.
460 4103 564 4157 Natura
582 4103 750 4173 communis,
766 4104 883 4175 pulchra
897 4105 939 4159 fa·
1024 4115 1069 4166 27.
1079 4112 1260 4167 Revertentes
1272 4110 1302 4166 in
1314 4109 1466 4178 civitatem,
1477 4107 1609 4163 venimus
1622 4108 1657 4164 ad
1670 4108 1805 4180 piscinam

123 4199 189 4270 cies,
218 4197 317 4270 capillo
342 4197 546 4267 subannulato,
574 4213 676 4252 manus
700 4197 832 4267 formosa,
860 4199 940 4270 digiti
989 4205 1169 4274 natatoriam,
1184 4221 1248 4277 qua
1262 4204 1389 4277 quinque
1407 4203 1531 4276 porticus
1551 4202 1649 4272 habet,
1665 4207 1697 4259 et
1711 4203 1741 4258 in
1753 4218 1806 4258 um

123 4294 212 4366 longi,
227 4297 366 4365 quantum
380 4291 474 4364 imago
494 4290 632 4363 designat,
644 4308 708 4362 quaa
727 4292 775 4347 illo
789 4292 898 4348 vivente
912 4299 941 4350 et
990 4316 1089 4355 aarum
1107 4302 1150 4354 est
1169 4298 1280 4354 basilica
1302 4302 1404 4353 sanctae
1425 4296 1529 4366 Mamer,
1545 4295 1596 4352 uhi
1616 4297 1720 4353 multae
1740 4297 1806 4353 lium

123 4389 243 4462 pedibus
255 4387 418 4442 ambulante
431 4386 442 4408 ⁴
456 4385 530 4457 pieta
543 4389 595 4456 εει,
611 4390 639 4442 ει
650 4387 741 4458 posita
753 4387 783 4442 in
797 4387 858 4459 ipso
871 4404 940 4459 prec-
989 4395 1117 4448 virtutes.
1132 4394 1195 4466 ipsa
1210 4409 1276 4448 vero
1292 4391 1400 4466 piscina
1417 4391 1501 4447 modo
1510 4390 1617 4462 jactata
1631 4397 1676 4447 est
1693 4391 1725 4447 in
1739 4396 1804 4447 ster·

122 4482 207 4538 torio.
222 4481 313 4537 Etiam
327 4481 362 4536 de
375 4480 435 4552 ipsa
447 4485 526 4552 petra
536 4480 635 4536 multae
649 4481 721 4537 fiunt
735 4482 851 4538 virtutes
866 4499 872 4537 :
889 4484 940 4537 tol·
948 4497 978 4570 D
990 4504 1063 4557 core,
1075 4492 1103 4543 et
1115 4486 1156 4541 ibi
1167 4486 1299 4542 lavantur
1313 4486 1488 4558 omniaque
1500 4485 1664 4541 necessaria
1679 4490 1756 4541 sunt.
1764 4485 1804 4540 lli·

122 4575 214 4632 lentes
229 4591 393 4629 mensuram
406 4574 441 4629 de
454 4574 515 4646 ipso
529 4574 657 4646 vestigio,
674 4576 763 4648 ligant
773 4593 825 4648 per
839 4576 938 4649 singu·
991 4581 1085 4635 dinms
1095 4586 1123 4636 et
1134 4581 1164 4636 in
1177 4598 1235 4636 uno
1247 4580 1353 4653 angulo
1366 4583 1493 4635 catenum
1506 4579 1632 4636 terream
1644 4579 1669 4647 ⁸,
1681 4597 1748 4636 cum
1758 4595 1805 4652 qua

123 4669 166 4726 los
187 4669 338 4741 languores
351 4670 379 4723 et
393 4672 538 4724 sanantur.
552 4670 586 4724 Et
599 4670 660 4742 ipsa
679 4672 762 4741 porta
780 4676 878 4726 ornata
899 4678 942 4728 est
990 4692 1019 4731 se
1033 4674 1195 4747 illaqueavit
1207 4673 1304 4731 infelix
1318 4674 1412 4730 ludas.
1427 4675 1533 4728 lterum
1547 4677 1691 4730 excuntes
1701 4674 1738 4729 ad
1747 4657 1804 4746 porss

124 4781 159 4821 ex
171 4781 240 4821 auro
255 4767 283 4820 et
296 4766 425 4833 argento.
989 4773 1051 4824 tam
1066 4768 1215 4840 majorem,
1231 4769 1360 4824 venimus
1377 4767 1414 4823 ad
1430 4766 1524 4822 locum
1536 4766 1568 4821 in
1587 4783 1647 4839 quo
1662 4764 1804 4840 requiescit

159 4859 204 4915 tl.
227 4858 294 4914 lude
318 4855 448 4911 venimus
469 4856 504 4912 ad
528 4873 605 4911 aram
631 4857 680 4912 ubi
703 4858 756 4914 fuit
784 4859 941 4932 antiquitus
990 4862 1089 4918 heatus
1108 4862 1235 4917 Ysitiusd
1251 4879 1258 4916 ε
1274 4861 1370 4934 ibique
1391 4863 1546 4934 erogantur
1564 4877 1656 4932 panes
1680 4859 1802 4934 pauperi·

124 4958 207 5026 porta
219 4952 338 5008 civitatis
352 4969 358 5007 :
372 4953 402 5007 in
424 4951 485 5024 ipso
505 4951 566 5006 loco
586 4956 652 5006 sunt
665 4969 746 5024 aquae
765 4954 896 5024 putridae,
910 4955 940 5008 in
990 4956 1053 5024 hus,
1067 4973 1137 5028 quos
1149 4957 1294 5029 deputavit
1305 4957 1388 5012 beata
1401 4955 1513 5011 llelena.
1558 4973 1563 4979 ·
1618 5012 1624 5029 ‚

126 5062 195 5118 quas
204 5047 306 5102 missus
318 5051 360 5103 est
369 5045 503 5102 Ieremias
517 5045 667 5117 propheta.
678 5046 719 5101 dh
734 5063 802 5102 areu
817 5047 864 5103 illo
880 5049 941 5104 des
1025 5054 1070 5106 28.
1088 5050 1139 5108 Via
1152 5068 1215 5123 quae
1230 5050 1308 5106 ducit
1321 5050 1357 5105 ad
1369 5049 1515 5107 Bethleem
1528 5048 1665 5105 milliario
1682 5051 1764 5107 tertio
1773 5046 1802 5102 ab

126 5139 310 5196 candentibus
319 5140 441 5195 nohisad
448 5140 557 5196 fontem
567 5139 640 5196 Siloa
650 5156 702 5212 per
711 5141 815 5213 gradus
825 5145 939 5216 multos,
990 5145 1154 5215 Jerusalem,
1164 5145 1241 5216 jacet
1260 5145 1373 5214 Rachel,
1391 5160 1464 5200 uxor
1481 5144 1577 5215 Jacob,
1593 5150 1692 5201 mater
1710 5142 1804 5200 scilicet

163 5307 175 5337 ι
189 5293 278 5375 Variae
290 5295 372 5350 variis
388 5296 486 5376 diebus
498 5297 649 5353 Theodolae
661 5302 799 5369 martyres
811 5299 941 5356 coluntur
991 5298 1032 5355 uti
1043 5304 1071 5354 ει
1083 5300 1145 5368 hoc,
1158 5299 1235 5370 quod
1250 5303 1363 5354 mortuo
1375 5299 1498 5369 conjuge
1512 5286 1616 5354 eodem
1628 5315 1752 5369 reversa,
1765 5312 1801 5352 sc·

125 5368 266 5433 aGraecrs,
282 5380 333 5446 uec
346 5365 426 5421 facile
441 5373 483 5422 εει
496 5369 621 5423 divinare
642 5372 741 5423 utrum
763 5369 867 5425 barum
887 5373 939 5427 ali-
989 5371 1068 5442 pulta
1080 5371 1116 5425 sit
1126 5371 1156 5424 in
1171 5371 1288 5426 ecclesia
1306 5371 1394 5425 sancti
1409 5369 1552 5441 Stephani.

125 5455 210 5512 quam
226 5436 270 5492 vel
282 5436 366 5491 aliam
379 5436 518 5517 diversam
535 5439 673 5512 intelligat
688 5447 794 5496 auctor.
1026 5446 1100 5497 cllst
1121 5441 1318 5496 diversissimae
1342 5441 1466 5498 civitates
1484 5444 1552 5495 sunt
1576 5439 1643 5496 ilios
1684 5443 1719 5498 lis
1736 5440 1804 5512 (alias

160 5511 175 5551 b
189 5509 299 5565 Nullam
314 5508 368 5563 hoc
382 5524 500 5562 nomine
512 5526 631 5590 uxorem
645 5512 745 5567 hahuit
757 5514 938 5584 lastinianus,
989 5514 1075 5570 hiddo
1088 5530 1120 5567 ac
1134 5514 1259 5582 Remulo)
1273 5518 1301 5567 et
1312 5516 1427 5580 Azotus;
1443 5512 1504 5567 hec
1523 5511 1603 5567 enim
1615 5529 1634 5566 a
1668 5530 1747 5569 mare
1758 5511 1804 5567 sita

125 5580 345 5663 necllheodora,
363 5595 450 5705 quam
467 5579 576 5646 habuit,
590 5583 795 5655 Hierosolymas
813 5603 939 5657 unquam
990 5592 1032 5640 est
1045 5586 1075 5639 in
1087 5584 1191 5639 linibus
1203 5586 1261 5639 llam
1276 5584 1312 5639 ad
1327 5585 1485 5654 meridiem,
1496 5583 1546 5638 illa
1557 5599 1625 5639 vero
1637 5584 1669 5641 in
1685 5584 1803 5657 eiusdem

124 5659 223 5734 venit,
240 5653 288 5734 scd
310 5656 368 5736 inte
380 5651 507 5734 ligenda'
517 5657 589 5706 essct
609 5654 828 5718 deductarum
849 5658 938 5712 Theo·
989 5657 1079 5711 trihus
1092 5656 1194 5711 linibus
1209 5655 1369 5710 borealibus
1382 5655 1600 5710 mediterranea.

126 5723 196 5777 dosii
213 5739 344 5804 puniaris,
360 5724 394 5779 de
407 5740 488 5793 quus
499 5739 530 5778 rn
543 5723 629 5778 Terra
641 5724 740 5779 Sancta
755 5728 838 5782 rebus
856 5730 940 5799 gestis
1025 5729 1037 5767 d
1054 5728 1149 5799 Neque
1164 5726 1290 5796 isitium,
1304 5743 1397 5799 neque
1417 5725 1590 5799 hesychium
1610 5732 1745 5785 sanctum
1757 5725 1801 5781 ali·

127 5798 155 5850 ει
168 5794 293 5852 aedificiis
305 5795 389 5850 sacris
403 5794 498 5851 licebit
506 5796 596 5851 multa
607 5794 701 5868 legere
714 5797 788 5867 apud
798 5799 938 5872 antiquos;
990 5813 1075 5873 quem
1089 5798 1154 5853 novi
1167 5798 1202 5854 de
1215 5814 1272 5873 quo
1283 5798 1329 5854 hic
1341 5799 1418 5855 locus
1429 5797 1520 5872 possit
1530 5796 1668 5875 intelligi.
