<?xml version="1.0" encoding="UTF-8"?>
<!DOCTYPE html PUBLIC "-//W3C//DTD XHTML 1.0 Transitional//EN"
    "http://www.w3.org/TR/xhtml1/DTD/xhtml1-transitional.dtd">
<html xmlns="http://www.w3.org/1999/xhtml" xml:lang="en" lang="en">
 <head>
  <title>
</title>
<meta http-equiv="Content-Type" content="text/html;charset=utf-8" />
  <meta name='ocr-system' content='tesseract 3.04.00' />
  <meta name='ocr-capabilities' content='ocr_page ocr_carea ocr_par ocr_line ocrx_word'/>
</head>
<body>
  <div class='ocr_page' id='page_1' title='image "./patrologiaecurs00migngoog/patrologiaecurs00migngoog_0019.png"; bbox 0 0 3884 6150; ppageno 0'>
   <div class='ocr_carea' id='block_1_1' title="bbox 133 276 973 342">
    <p class='ocr_par' dir='ltr' id='par_1_1' title="bbox 133 276 973 342">
     <span class='ocr_line' id='line_1_1' title="bbox 133 276 973 342; baseline -0.005 -6"><span class='ocrx_word' id='word_1_1' title='bbox 133 282 166 336; x_wconf 71' lang='grc' dir='ltr'>ΞΤ</span> <span class='ocrx_word' id='word_1_2' title='bbox 459 283 486 339; x_wconf 90' lang='lat' dir='ltr'>S.</span> <span class='ocrx_word' id='word_1_3' title='bbox 505 281 645 342; x_wconf 75' lang='lat' dir='ltr'>adunat</span> <span class='ocrx_word' id='word_1_4' title='bbox 664 277 841 336; x_wconf 80' lang='lat' dir='ltr'>ucltlnusts</span> <span class='ocrx_word' id='word_1_5' title='bbox 860 276 973 333; x_wconf 82' lang='lat' dir='ltr'>OPUSC.</span> 
     </span>
    </p>
   </div>
   <div class='ocr_carea' id='block_1_2' title="bbox 994 274 1812 333">
    <p class='ocr_par' dir='ltr' id='par_1_2' title="bbox 994 274 1812 333">
     <span class='ocr_line' id='line_1_2' title="bbox 994 274 1812 333; baseline 0.001 -3"><span class='ocrx_word' id='word_1_6' title='bbox 994 275 1015 330; x_wconf 90' lang='lat' dir='ltr'>l.</span> <span class='ocrx_word' id='word_1_7' title='bbox 1036 276 1194 332; x_wconf 74' lang='lat' dir='ltr'>rostrum</span> <span class='ocrx_word' id='word_1_8' title='bbox 1215 277 1377 333; x_wconf 79' lang='lat' dir='ltr'><strong>HONESTAE</strong></span> <span class='ocrx_word' id='word_1_9' title='bbox 1396 274 1490 333; x_wconf 78' lang='lat' dir='ltr'>VlTAE.</span> <span class='ocrx_word' id='word_1_10' title='bbox 1777 277 1812 331; x_wconf 77' lang='grc'>28</span> 
     </span>
    </p>
   </div>
   <div class='ocr_carea' id='block_1_3' title="bbox 128 380 1812 471">
    <p class='ocr_par' dir='ltr' id='par_1_3' title="bbox 128 380 1812 471">
     <span class='ocr_line' id='line_1_3' title="bbox 128 380 1812 471; baseline -0.005 -26"><span class='ocrx_word' id='word_1_11' title='bbox 128 388 267 463; x_wconf 88' lang='lat' dir='ltr'>populum</span> <span class='ocrx_word' id='word_1_12' title='bbox 280 387 311 446; x_wconf 93' lang='lat' dir='ltr'>in</span> <span class='ocrx_word' id='word_1_13' title='bbox 324 404 353 447; x_wconf 89' lang='lat' dir='ltr'>se</span> <span class='ocrx_word' id='word_1_14' title='bbox 365 387 430 447; x_wconf 83' lang='lat' dir='ltr'>vitoe</span> <span class='ocrx_word' id='word_1_15' title='bbox 447 390 569 446; x_wconf 86' lang='lat' dir='ltr'>novitate</span> <span class='ocrx_word' id='word_1_16' title='bbox 586 390 739 443; x_wconf 88' lang='lat' dir='ltr'>convertet.</span> <span class='ocrx_word' id='word_1_17' title='bbox 751 384 870 442; x_wconf 80' lang='lat' dir='ltr'>institiae</span> <span class='ocrx_word' id='word_1_18' title='bbox 882 387 947 458; x_wconf 88' lang='lat' dir='ltr'>post</span> <span class='ocrx_word' id='word_1_19' title='bbox 957 394 986 471; x_wconf 68' lang='grc' dir='ltr'>Α</span> <span class='ocrx_word' id='word_1_20' title='bbox 997 398 1064 455; x_wconf 86' lang='lat' dir='ltr'>ergo</span> <span class='ocrx_word' id='word_1_21' title='bbox 1074 384 1197 439; x_wconf 86' lang='lat' dir='ltr'>maculas</span> <span class='ocrx_word' id='word_1_22' title='bbox 1209 384 1361 456; x_wconf 89' lang='lat' dir='ltr'>prudentia</span> <span class='ocrx_word' id='word_1_23' title='bbox 1375 383 1578 440; x_wconf 80' lang='lat' dir='ltr'><strong>immensurata</strong></span> <span class='ocrx_word' id='word_1_24' title='bbox 1590 380 1735 455; x_wconf 75' lang='lat' dir='ltr'><strong>perducet.</strong></span> <span class='ocrx_word' id='word_1_25' title='bbox 1747 381 1812 448; x_wconf 84' lang='lat' dir='ltr'>Qui·</span> 
     </span>
    </p>
   </div>
   <div class='ocr_carea' id='block_1_4' title="bbox 129 484 641 776">
    <p class='ocr_par' dir='ltr' id='par_1_4' title="bbox 129 484 641 776">
     <span class='ocr_line' id='line_1_4' title="bbox 129 484 355 545; baseline 0.018 -5"><span class='ocrx_word' id='word_1_26' title='bbox 129 484 191 541; x_wconf 80' lang='lat' dir='ltr'>haec</span> <span class='ocrx_word' id='word_1_27' title='bbox 201 485 290 541; x_wconf 88' lang='lat' dir='ltr'>virtus</span> <span class='ocrx_word' id='word_1_28' title='bbox 304 488 355 545; x_wconf 87' lang='lat' dir='ltr'>cst.</span> 
     </span>
     <span class='ocr_line' id='line_1_5' title="bbox 433 595 641 652; baseline 0.005 -1"><span class='ocrx_word' id='word_1_29' title='bbox 433 596 566 652; x_wconf 79' lang='lat' dir='ltr'>CAPUT</span> <span class='ocrx_word' id='word_1_30' title='bbox 590 595 641 652; x_wconf 88' lang='lat' dir='ltr'>lV.</span> 
     </span>
     <span class='ocr_line' id='line_1_6' title="bbox 453 707 619 776; baseline 0 -13"><span class='ocrx_word' id='word_1_31' title='bbox 453 710 490 763; x_wconf 81' lang='lat' dir='ltr'>De</span> <span class='ocrx_word' id='word_1_32' title='bbox 498 707 619 776; x_wconf 78' lang='lat' dir='ltr'>justitia.</span> 
     </span>
    </p>
   </div>
   <div class='ocr_carea' id='block_1_5' title="bbox 59 837 979 3797">
    <p class='ocr_par' dir='ltr' id='par_1_5' title="bbox 59 837 979 3797">
     <span class='ocr_line' id='line_1_7' title="bbox 164 837 945 911; baseline -0.006 -13"><span class='ocrx_word' id='word_1_33' title='bbox 164 841 236 909; x_wconf 88' lang='lat' dir='ltr'>Quid</span> <span class='ocrx_word' id='word_1_34' title='bbox 249 843 291 896; x_wconf 92' lang='lat' dir='ltr'>cst</span> <span class='ocrx_word' id='word_1_35' title='bbox 303 837 423 911; x_wconf 89' lang='lat' dir='ltr'>justitia,</span> <span class='ocrx_word' id='word_1_36' title='bbox 440 837 497 894; x_wconf 91' lang='lat' dir='ltr'>uisi</span> <span class='ocrx_word' id='word_1_37' title='bbox 516 841 625 894; x_wconf 72' lang='lat' dir='ltr'>natiuae</span> <span class='ocrx_word' id='word_1_38' title='bbox 639 837 725 894; x_wconf 88' lang='lat' dir='ltr'>tacita</span> <span class='ocrx_word' id='word_1_39' title='bbox 742 838 899 909; x_wconf 87' lang='lat' dir='ltr'>conventio,</span> <span class='ocrx_word' id='word_1_40' title='bbox 914 838 945 894; x_wconf 89' lang='lat' dir='ltr'>in</span> 
     </span>
     <span class='ocr_line' id='line_1_8' title="bbox 128 932 945 1007; baseline -0.006 -14"><span class='ocrx_word' id='word_1_41' title='bbox 128 935 300 1007; x_wconf 84' lang='lat' dir='ltr'>adjutorium</span> <span class='ocrx_word' id='word_1_42' title='bbox 318 933 476 988; x_wconf 87' lang='lat' dir='ltr'>multorum</span> <span class='ocrx_word' id='word_1_43' title='bbox 493 932 627 989; x_wconf 81' lang='lat' dir='ltr'>inventa?</span> <span class='ocrx_word' id='word_1_44' title='bbox 647 933 759 988; x_wconf 90' lang='lat' dir='ltr'>lustitia</span> <span class='ocrx_word' id='word_1_45' title='bbox 774 951 832 989; x_wconf 92' lang='lat' dir='ltr'>uon</span> <span class='ocrx_word' id='word_1_46' title='bbox 848 937 945 988; x_wconf 88' lang='lat' dir='ltr'>nostra</span> 
     </span>
     <span class='ocr_line' id='line_1_9' title="bbox 128 1026 945 1095; baseline -0.004 -10"><span class='ocrx_word' id='word_1_47' title='bbox 128 1028 299 1094; x_wconf 88' lang='lat' dir='ltr'>constitutio,</span> <span class='ocrx_word' id='word_1_48' title='bbox 316 1026 365 1082; x_wconf 92' lang='lat' dir='ltr'>sed</span> <span class='ocrx_word' id='word_1_49' title='bbox 387 1026 481 1083; x_wconf 88' lang='lat' dir='ltr'>divina</span> <span class='ocrx_word' id='word_1_50' title='bbox 499 1027 545 1082; x_wconf 79' lang='lat' dir='ltr'>lex</span> <span class='ocrx_word' id='word_1_51' title='bbox 564 1032 615 1095; x_wconf 90' lang='lat' dir='ltr'>est,</span> <span class='ocrx_word' id='word_1_52' title='bbox 634 1027 782 1082; x_wconf 87' lang='lat' dir='ltr'>vinculum</span> <span class='ocrx_word' id='word_1_53' title='bbox 804 1027 945 1083; x_wconf 89' lang='lat' dir='ltr'>societatis</span> 
     </span>
     <span class='ocr_line' id='line_1_10' title="bbox 126 1121 943 1193; baseline 0.001 -17"><span class='ocrx_word' id='word_1_54' title='bbox 126 1123 270 1177; x_wconf 77' lang='lat' dir='ltr'>humanis.</span> <span class='ocrx_word' id='word_1_55' title='bbox 284 1122 313 1175; x_wconf 91' lang='lat' dir='ltr'>ln</span> <span class='ocrx_word' id='word_1_56' title='bbox 322 1121 441 1176; x_wconf 87' lang='lat' dir='ltr'>haenau</span> <span class='ocrx_word' id='word_1_57' title='bbox 451 1121 576 1193; x_wconf 78' lang='lat' dir='ltr'><strong>estquod</strong></span> <span class='ocrx_word' id='word_1_58' title='bbox 589 1122 763 1176; x_wconf 74' lang='lat' dir='ltr'>aestimemus</span> <span class='ocrx_word' id='word_1_59' title='bbox 773 1122 842 1193; x_wconf 89' lang='lat' dir='ltr'>quid</span> <span class='ocrx_word' id='word_1_60' title='bbox 857 1138 943 1193; x_wconf 84' lang='lat' dir='ltr'>espe-</span> 
     </span>
     <span class='ocr_line' id='line_1_11' title="bbox 127 1214 944 1288; baseline -0.001 -17"><span class='ocrx_word' id='word_1_61' title='bbox 127 1215 185 1271; x_wconf 89' lang='lat' dir='ltr'>diat</span> <span class='ocrx_word' id='word_1_62' title='bbox 199 1234 206 1270; x_wconf 74' lang='grc' dir='ltr'><strong>ι</strong></span> <span class='ocrx_word' id='word_1_63' title='bbox 221 1215 336 1286; x_wconf 89' lang='lat' dir='ltr'>expedit</span> <span class='ocrx_word' id='word_1_64' title='bbox 349 1214 412 1284; x_wconf 93' lang='lat' dir='ltr'>tibi,</span> <span class='ocrx_word' id='word_1_65' title='bbox 426 1214 566 1286; x_wconf 90' lang='lat' dir='ltr'>quidquid</span> <span class='ocrx_word' id='word_1_66' title='bbox 579 1215 628 1270; x_wconf 87' lang='lat' dir='ltr'>illa</span> <span class='ocrx_word' id='word_1_67' title='bbox 641 1214 797 1270; x_wconf 71' lang='lat' dir='ltr'>dictaverit.</span> <span class='ocrx_word' id='word_1_68' title='bbox 812 1215 944 1288; x_wconf 83' lang='lat' dir='ltr'>Quisquis</span> 
     </span>
     <span class='ocr_line' id='line_1_12' title="bbox 126 1308 945 1380; baseline 0 -16"><span class='ocrx_word' id='word_1_69' title='bbox 126 1325 194 1380; x_wconf 90' lang='lat' dir='ltr'>ergo</span> <span class='ocrx_word' id='word_1_70' title='bbox 216 1308 290 1364; x_wconf 90' lang='lat' dir='ltr'>hanc</span> <span class='ocrx_word' id='word_1_71' title='bbox 310 1309 411 1363; x_wconf 87' lang='lat' dir='ltr'>sectari</span> <span class='ocrx_word' id='word_1_72' title='bbox 433 1308 584 1378; x_wconf 86' lang='lat' dir='ltr'>desideras,</span> <span class='ocrx_word' id='word_1_73' title='bbox 610 1309 699 1363; x_wconf 82' lang='lat' dir='ltr'>llerrm</span> <span class='ocrx_word' id='word_1_74' title='bbox 724 1309 793 1364; x_wconf 87' lang='lat' dir='ltr'>tiure</span> <span class='ocrx_word' id='word_1_75' title='bbox 816 1310 896 1380; x_wconf 90' lang='lat' dir='ltr'>prius</span> <span class='ocrx_word' id='word_1_76' title='bbox 917 1313 945 1364; x_wconf 89' lang='lat' dir='ltr'>et</span> 
     </span>
     <span class='ocr_line' id='line_1_13' title="bbox 126 1401 944 1472; baseline -0.001 -13"><span class='ocrx_word' id='word_1_77' title='bbox 126 1419 200 1472; x_wconf 83' lang='lat' dir='ltr'>anau,</span> <span class='ocrx_word' id='word_1_78' title='bbox 216 1408 247 1458; x_wconf 93' lang='lat' dir='ltr'>ut</span> <span class='ocrx_word' id='word_1_79' title='bbox 268 1402 372 1457; x_wconf 77' lang='lat' dir='ltr'>anseris</span> <span class='ocrx_word' id='word_1_80' title='bbox 390 1419 407 1456; x_wconf 91' lang='lat' dir='ltr'>a</span> <span class='ocrx_word' id='word_1_81' title='bbox 426 1403 491 1457; x_wconf 87' lang='lat' dir='ltr'>Deo.</span> <span class='ocrx_word' id='word_1_82' title='bbox 504 1401 640 1457; x_wconf 77' lang='lat' dir='ltr'>durabilis</span> <span class='ocrx_word' id='word_1_83' title='bbox 660 1403 715 1457; x_wconf 90' lang='lat' dir='ltr'>eris</span> <span class='ocrx_word' id='word_1_84' title='bbox 730 1403 796 1471; x_wconf 82' lang='lat' dir='ltr'>lleo,</span> <span class='ocrx_word' id='word_1_85' title='bbox 811 1403 834 1457; x_wconf 89' lang='lat' dir='ltr'>si</span> <span class='ocrx_word' id='word_1_86' title='bbox 848 1403 877 1457; x_wconf 93' lang='lat' dir='ltr'>in</span> <span class='ocrx_word' id='word_1_87' title='bbox 890 1403 944 1458; x_wconf 91' lang='lat' dir='ltr'>hoc</span> 
     </span>
     <span class='ocr_line' id='line_1_14' title="bbox 59 1495 944 1568; baseline 0.003 -19"><span class='ocrx_word' id='word_1_88' title='bbox 59 1542 66 1549; x_wconf 93' lang='lat'>.</span> <span class='ocrx_word' id='word_1_89' title='bbox 125 1496 207 1551; x_wconf 91' lang='lat' dir='ltr'>illum</span> <span class='ocrx_word' id='word_1_90' title='bbox 221 1495 385 1564; x_wconf 75' lang='lat' dir='ltr'>imitaberis,</span> <span class='ocrx_word' id='word_1_91' title='bbox 400 1500 433 1550; x_wconf 91' lang='lat' dir='ltr'>ut</span> <span class='ocrx_word' id='word_1_92' title='bbox 449 1496 518 1550; x_wconf 90' lang='lat' dir='ltr'>velis</span> <span class='ocrx_word' id='word_1_93' title='bbox 532 1497 664 1551; x_wconf 74' lang='lat' dir='ltr'>ancilibus</span> <span class='ocrx_word' id='word_1_94' title='bbox 676 1497 819 1568; x_wconf 81' lang='lat' dir='ltr'>prodesse,</span> <span class='ocrx_word' id='word_1_95' title='bbox 833 1501 861 1552; x_wconf 90' lang='lat' dir='ltr'>et</span> <span class='ocrx_word' id='word_1_96' title='bbox 873 1497 944 1552; x_wconf 78' lang='lat' dir='ltr'>arilli</span> 
     </span>
     <span class='ocr_line' id='line_1_15' title="bbox 124 1590 942 1662; baseline 0 -17"><span class='ocrx_word' id='word_1_97' title='bbox 124 1605 236 1645; x_wconf 89' lang='lat' dir='ltr'>nocere.</span> <span class='ocrx_word' id='word_1_98' title='bbox 248 1590 281 1644; x_wconf 86' lang='lat' dir='ltr'>Et</span> <span class='ocrx_word' id='word_1_99' title='bbox 293 1593 359 1644; x_wconf 92' lang='lat' dir='ltr'>tunc</span> <span class='ocrx_word' id='word_1_100' title='bbox 375 1592 401 1644; x_wconf 91' lang='lat' dir='ltr'>te</span> <span class='ocrx_word' id='word_1_101' title='bbox 411 1590 522 1660; x_wconf 86' lang='lat' dir='ltr'>justum</span> <span class='ocrx_word' id='word_1_102' title='bbox 531 1590 625 1644; x_wconf 87' lang='lat' dir='ltr'>virrun</span> <span class='ocrx_word' id='word_1_103' title='bbox 639 1591 821 1662; x_wconf 85' lang='lat' dir='ltr'>appellabunt</span> <span class='ocrx_word' id='word_1_104' title='bbox 834 1606 942 1661; x_wconf 89' lang='lat' dir='ltr'>omues,</span> 
     </span>
     <span class='ocr_line' id='line_1_16' title="bbox 126 1683 945 1755; baseline -0.001 -16"><span class='ocrx_word' id='word_1_105' title='bbox 126 1687 290 1755; x_wconf 85' lang='lat' dir='ltr'>sequentur,</span> <span class='ocrx_word' id='word_1_106' title='bbox 301 1683 513 1739; x_wconf 85' lang='lat' dir='ltr'>venerabuntur</span> <span class='ocrx_word' id='word_1_107' title='bbox 525 1687 554 1738; x_wconf 92' lang='lat' dir='ltr'>et</span> <span class='ocrx_word' id='word_1_108' title='bbox 567 1684 698 1754; x_wconf 87' lang='lat' dir='ltr'>diligent.</span> <span class='ocrx_word' id='word_1_109' title='bbox 713 1683 807 1739; x_wconf 89' lang='lat' dir='ltr'>lustus</span> <span class='ocrx_word' id='word_1_110' title='bbox 822 1684 900 1739; x_wconf 89' lang='lat' dir='ltr'>enim</span> <span class='ocrx_word' id='word_1_111' title='bbox 913 1689 945 1739; x_wconf 90' lang='lat' dir='ltr'>ut</span> 
     </span>
     <span class='ocr_line' id='line_1_17' title="bbox 125 1774 979 1849; baseline -0.001 -17"><span class='ocrx_word' id='word_1_112' title='bbox 125 1777 173 1846; x_wconf 88' lang='lat' dir='ltr'>sis,</span> <span class='ocrx_word' id='word_1_113' title='bbox 188 1793 245 1831; x_wconf 91' lang='lat' dir='ltr'>non</span> <span class='ocrx_word' id='word_1_114' title='bbox 258 1776 351 1832; x_wconf 89' lang='lat' dir='ltr'>solum</span> <span class='ocrx_word' id='word_1_115' title='bbox 364 1793 420 1831; x_wconf 91' lang='lat' dir='ltr'>nou</span> <span class='ocrx_word' id='word_1_116' title='bbox 432 1777 556 1848; x_wconf 76' lang='lat' dir='ltr'>nocebis,</span> <span class='ocrx_word' id='word_1_117' title='bbox 570 1777 619 1832; x_wconf 91' lang='lat' dir='ltr'>sed</span> <span class='ocrx_word' id='word_1_118' title='bbox 632 1777 717 1832; x_wconf 86' lang='lat' dir='ltr'>etiarn</span> <span class='ocrx_word' id='word_1_119' title='bbox 729 1782 862 1833; x_wconf 79' lang='lat' dir='ltr'>nocentes</span> <span class='ocrx_word' id='word_1_120' title='bbox 874 1794 940 1849; x_wconf 88' lang='lat' dir='ltr'>pro·</span> <span class='ocrx_word' id='word_1_121' title='bbox 951 1774 979 1845; x_wconf 87' lang='grc' dir='ltr'><strong>Β</strong></span> 
     </span>
     <span class='ocr_line' id='line_1_18' title="bbox 124 1869 939 1942; baseline 0.001 -17"><span class='ocrx_word' id='word_1_122' title='bbox 124 1869 234 1925; x_wconf 89' lang='lat' dir='ltr'>hibebis</span> <span class='ocrx_word' id='word_1_123' title='bbox 250 1889 256 1925; x_wconf 92' lang='lat'><strong>:</strong></span> <span class='ocrx_word' id='word_1_124' title='bbox 271 1887 337 1926; x_wconf 91' lang='lat' dir='ltr'>narn</span> <span class='ocrx_word' id='word_1_125' title='bbox 352 1870 392 1925; x_wconf 91' lang='lat' dir='ltr'>nil</span> <span class='ocrx_word' id='word_1_126' title='bbox 402 1887 513 1937; x_wconf 75' lang='lat' dir='ltr'>crecere,</span> <span class='ocrx_word' id='word_1_127' title='bbox 530 1887 587 1925; x_wconf 89' lang='lat' dir='ltr'>non</span> <span class='ocrx_word' id='word_1_128' title='bbox 601 1875 643 1925; x_wconf 91' lang='lat' dir='ltr'>est</span> <span class='ocrx_word' id='word_1_129' title='bbox 653 1871 772 1942; x_wconf 88' lang='lat' dir='ltr'>justitia,</span> <span class='ocrx_word' id='word_1_130' title='bbox 789 1870 837 1926; x_wconf 90' lang='lat' dir='ltr'>sed</span> <span class='ocrx_word' id='word_1_131' title='bbox 853 1870 939 1926; x_wconf 87' lang='lat' dir='ltr'>absti-</span> 
     </span>
     <span class='ocr_line' id='line_1_19' title="bbox 124 1963 939 2036; baseline 0 -18"><span class='ocrx_word' id='word_1_132' title='bbox 124 1964 222 2018; x_wconf 87' lang='lat' dir='ltr'>nentia</span> <span class='ocrx_word' id='word_1_133' title='bbox 234 1963 318 2018; x_wconf 89' lang='lat' dir='ltr'>alieni</span> <span class='ocrx_word' id='word_1_134' title='bbox 332 1969 383 2019; x_wconf 88' lang='lat' dir='ltr'>est.</span> <span class='ocrx_word' id='word_1_135' title='bbox 394 1964 435 2018; x_wconf 86' lang='lat' dir='ltr'>llb</span> <span class='ocrx_word' id='word_1_136' title='bbox 451 1964 495 2019; x_wconf 86' lang='lat' dir='ltr'>his</span> <span class='ocrx_word' id='word_1_137' title='bbox 510 1980 578 2036; x_wconf 86' lang='lat' dir='ltr'>crgo</span> <span class='ocrx_word' id='word_1_138' title='bbox 592 1964 695 2035; x_wconf 85' lang='lat' dir='ltr'>incipe,</span> <span class='ocrx_word' id='word_1_139' title='bbox 708 1969 739 2019; x_wconf 91' lang='lat' dir='ltr'>ut</span> <span class='ocrx_word' id='word_1_140' title='bbox 752 1980 809 2019; x_wconf 89' lang='lat' dir='ltr'>nou</span> <span class='ocrx_word' id='word_1_141' title='bbox 819 1965 939 2035; x_wconf 81' lang='lat' dir='ltr'>atrlcras,</span> 
     </span>
     <span class='ocr_line' id='line_1_20' title="bbox 123 2057 942 2129; baseline 0.001 -17"><span class='ocrx_word' id='word_1_142' title='bbox 123 2060 156 2112; x_wconf 90' lang='lat' dir='ltr'>ut</span> <span class='ocrx_word' id='word_1_143' title='bbox 168 2057 204 2112; x_wconf 86' lang='lat' dir='ltr'>ad</span> <span class='ocrx_word' id='word_1_144' title='bbox 216 2058 325 2129; x_wconf 86' lang='lat' dir='ltr'>majora</span> <span class='ocrx_word' id='word_1_145' title='bbox 337 2058 510 2129; x_wconf 89' lang='lat' dir='ltr'>proveharis,</span> <span class='ocrx_word' id='word_1_146' title='bbox 522 2062 550 2113; x_wconf 91' lang='lat' dir='ltr'>et</span> <span class='ocrx_word' id='word_1_147' title='bbox 559 2058 622 2112; x_wconf 90' lang='lat' dir='ltr'>aliis</span> <span class='ocrx_word' id='word_1_148' title='bbox 635 2058 728 2113; x_wconf 87' lang='lat' dir='ltr'>ablata</span> <span class='ocrx_word' id='word_1_149' title='bbox 737 2058 878 2114; x_wconf 89' lang='lat' dir='ltr'>restituas.</span> <span class='ocrx_word' id='word_1_150' title='bbox 891 2059 942 2113; x_wconf 83' lang='lat' dir='ltr'>ua-</span> 
     </span>
     <span class='ocr_line' id='line_1_21' title="bbox 123 2151 979 2223; baseline 0 -17"><span class='ocrx_word' id='word_1_151' title='bbox 123 2154 219 2223; x_wconf 88' lang='lat' dir='ltr'>ptores</span> <span class='ocrx_word' id='word_1_152' title='bbox 237 2168 352 2223; x_wconf 91' lang='lat' dir='ltr'>quoque</span> <span class='ocrx_word' id='word_1_153' title='bbox 368 2152 443 2223; x_wconf 91' lang='lat' dir='ltr'>ipsos</span> <span class='ocrx_word' id='word_1_154' title='bbox 458 2169 494 2206; x_wconf 92' lang='lat' dir='ltr'>ne</span> <span class='ocrx_word' id='word_1_155' title='bbox 507 2152 569 2206; x_wconf 80' lang='lat' dir='ltr'>aliis</span> <span class='ocrx_word' id='word_1_156' title='bbox 581 2151 700 2207; x_wconf 88' lang='lat' dir='ltr'>timendi</span> <span class='ocrx_word' id='word_1_157' title='bbox 713 2153 779 2221; x_wconf 90' lang='lat' dir='ltr'>sint,</span> <span class='ocrx_word' id='word_1_158' title='bbox 795 2152 901 2223; x_wconf 86' lang='lat' dir='ltr'>castiga</span> <span class='ocrx_word' id='word_1_159' title='bbox 914 2154 943 2206; x_wconf 91' lang='lat' dir='ltr'>et</span> <span class='ocrx_word' id='word_1_160' title='bbox 977 2153 979 2157; x_wconf 67' lang='lat'>‘</span> 
     </span>
     <span class='ocr_line' id='line_1_22' title="bbox 124 2243 942 2317; baseline 0.001 -19"><span class='ocrx_word' id='word_1_161' title='bbox 124 2243 233 2300; x_wconf 86' lang='lat' dir='ltr'>cohibe.</span> <span class='ocrx_word' id='word_1_162' title='bbox 253 2246 293 2299; x_wconf 81' lang='lat' dir='ltr'>Ex</span> <span class='ocrx_word' id='word_1_163' title='bbox 313 2245 390 2299; x_wconf 83' lang='lat' dir='ltr'>nrrlla</span> <span class='ocrx_word' id='word_1_164' title='bbox 414 2245 488 2300; x_wconf 89' lang='lat' dir='ltr'>vocis</span> <span class='ocrx_word' id='word_1_165' title='bbox 509 2245 696 2317; x_wconf 85' lang='lat' dir='ltr'>ambiguitate</span> <span class='ocrx_word' id='word_1_166' title='bbox 719 2246 942 2300; x_wconf 85' lang='lat' dir='ltr'>controversiam</span> 
     </span>
     <span class='ocr_line' id='line_1_23' title="bbox 122 2338 940 2411; baseline 0.002 -19"><span class='ocrx_word' id='word_1_167' title='bbox 122 2343 228 2405; x_wconf 89' lang='lat' dir='ltr'>nectes,</span> <span class='ocrx_word' id='word_1_168' title='bbox 240 2338 289 2393; x_wconf 89' lang='lat' dir='ltr'>scd</span> <span class='ocrx_word' id='word_1_169' title='bbox 302 2339 392 2393; x_wconf 90' lang='lat' dir='ltr'>animi</span> <span class='ocrx_word' id='word_1_170' title='bbox 401 2340 565 2410; x_wconf 75' lang='lat' dir='ltr'>qualitatem</span> <span class='ocrx_word' id='word_1_171' title='bbox 579 2339 736 2411; x_wconf 86' lang='lat' dir='ltr'>speculare.</span> <span class='ocrx_word' id='word_1_172' title='bbox 747 2339 821 2395; x_wconf 82' lang='lat' dir='ltr'>Nihil</span> <span class='ocrx_word' id='word_1_173' title='bbox 832 2339 882 2394; x_wconf 91' lang='lat' dir='ltr'>tihi</span> <span class='ocrx_word' id='word_1_174' title='bbox 895 2339 940 2394; x_wconf 91' lang='lat' dir='ltr'>in-</span> 
     </span>
     <span class='ocr_line' id='line_1_24' title="bbox 125 2431 942 2504; baseline -0.001 -17"><span class='ocrx_word' id='word_1_175' title='bbox 125 2432 214 2500; x_wconf 87' lang='lat' dir='ltr'>tersit,</span> <span class='ocrx_word' id='word_1_176' title='bbox 231 2448 267 2487; x_wconf 89' lang='lat' dir='ltr'>aa</span> <span class='ocrx_word' id='word_1_177' title='bbox 281 2431 386 2499; x_wconf 84' lang='lat' dir='ltr'>firmes,</span> <span class='ocrx_word' id='word_1_178' title='bbox 398 2449 434 2486; x_wconf 90' lang='lat' dir='ltr'>au</span> <span class='ocrx_word' id='word_1_179' title='bbox 443 2433 551 2504; x_wconf 64' lang='lat' dir='ltr'>juresl.</span> <span class='ocrx_word' id='word_1_180' title='bbox 563 2435 601 2488; x_wconf 88' lang='lat' dir='ltr'>De</span> <span class='ocrx_word' id='word_1_181' title='bbox 613 2433 668 2488; x_wconf 90' lang='lat' dir='ltr'>tide</span> <span class='ocrx_word' id='word_1_182' title='bbox 681 2438 709 2488; x_wconf 90' lang='lat' dir='ltr'>ct</span> <span class='ocrx_word' id='word_1_183' title='bbox 722 2433 860 2503; x_wconf 83' lang='lat' dir='ltr'>religione</span> <span class='ocrx_word' id='word_1_184' title='bbox 873 2432 942 2486; x_wconf 91' lang='lat' dir='ltr'>scias</span> 
     </span>
     <span class='ocr_line' id='line_1_25' title="bbox 126 2525 943 2597; baseline 0.002 -19"><span class='ocrx_word' id='word_1_185' title='bbox 126 2525 356 2596; x_wconf 78' lang='lat' dir='ltr'>ugi,ubieun1uc</span> <span class='ocrx_word' id='word_1_186' title='bbox 371 2526 405 2580; x_wconf 91' lang='lat' dir='ltr'>de</span> <span class='ocrx_word' id='word_1_187' title='bbox 418 2526 534 2581; x_wconf 87' lang='lat' dir='ltr'>veritate</span> <span class='ocrx_word' id='word_1_188' title='bbox 550 2531 684 2582; x_wconf 80' lang='lat' dir='ltr'>tractatur</span> <span class='ocrx_word' id='word_1_189' title='bbox 699 2544 705 2581; x_wconf 73' lang='grc' dir='ltr'><strong>ε</strong></span> <span class='ocrx_word' id='word_1_190' title='bbox 722 2527 825 2581; x_wconf 87' lang='lat' dir='ltr'>namsi</span> <span class='ocrx_word' id='word_1_191' title='bbox 835 2526 943 2597; x_wconf 85' lang='lat' dir='ltr'>jureju-</span> 
     </span>
     <span class='ocr_line' id='line_1_26' title="bbox 124 2618 940 2687; baseline 0.001 -15"><span class='ocrx_word' id='word_1_192' title='bbox 124 2618 213 2673; x_wconf 89' lang='lat' dir='ltr'>rando</span> <span class='ocrx_word' id='word_1_193' title='bbox 234 2620 307 2673; x_wconf 88' lang='lat' dir='ltr'>Deus</span> <span class='ocrx_word' id='word_1_194' title='bbox 328 2620 484 2687; x_wconf 90' lang='lat' dir='ltr'>invocetur,</span> <span class='ocrx_word' id='word_1_195' title='bbox 506 2625 535 2674; x_wconf 92' lang='lat' dir='ltr'>et</span> <span class='ocrx_word' id='word_1_196' title='bbox 551 2638 609 2675; x_wconf 90' lang='lat' dir='ltr'>nou</span> <span class='ocrx_word' id='word_1_197' title='bbox 626 2620 770 2675; x_wconf 80' lang='lat' dir='ltr'>invocanti</span> <span class='ocrx_word' id='word_1_198' title='bbox 789 2620 868 2676; x_wconf 89' lang='lat' dir='ltr'>tostis</span> <span class='ocrx_word' id='word_1_199' title='bbox 890 2624 940 2687; x_wconf 88' lang='lat' dir='ltr'>est,</span> 
     </span>
     <span class='ocr_line' id='line_1_27' title="bbox 126 2698 944 2784; baseline 0.001 -19"><span class='ocrx_word' id='word_1_200' title='bbox 126 2714 222 2766; x_wconf 75' lang='lat' dir='ltr'>teleneu</span> <span class='ocrx_word' id='word_1_201' title='bbox 239 2728 297 2766; x_wconf 91' lang='lat' dir='ltr'>nou</span> <span class='ocrx_word' id='word_1_202' title='bbox 320 2698 438 2767; x_wconf 84' lang='lat' dir='ltr'>transies</span> <span class='ocrx_word' id='word_1_203' title='bbox 458 2714 615 2780; x_wconf 89' lang='lat' dir='ltr'>veritatem,</span> <span class='ocrx_word' id='word_1_204' title='bbox 631 2731 667 2767; x_wconf 90' lang='lat' dir='ltr'>ne</span> <span class='ocrx_word' id='word_1_205' title='bbox 687 2714 806 2784; x_wconf 72' lang='lat' dir='ltr'>justitias</span> <span class='ocrx_word' id='word_1_206' title='bbox 821 2718 944 2768; x_wconf 83' lang='lat' dir='ltr'>transeas</span> 
     </span>
     <span class='ocr_line' id='line_1_28' title="bbox 124 2805 941 2878; baseline 0.002 -20"><span class='ocrx_word' id='word_1_207' title='bbox 124 2805 226 2876; x_wconf 87' lang='lat' dir='ltr'>legem.</span> <span class='ocrx_word' id='word_1_208' title='bbox 242 2806 322 2870; x_wconf 89' lang='lat' dir='ltr'>Quod</span> <span class='ocrx_word' id='word_1_209' title='bbox 343 2806 366 2859; x_wconf 89' lang='lat' dir='ltr'>si</span> <span class='ocrx_word' id='word_1_210' title='bbox 383 2807 535 2878; x_wconf 87' lang='lat' dir='ltr'>aliquando</span> <span class='ocrx_word' id='word_1_211' title='bbox 556 2808 704 2862; x_wconf 87' lang='lat' dir='ltr'>coarcteris</span> <span class='ocrx_word' id='word_1_212' title='bbox 725 2807 766 2863; x_wconf 86' lang='lat' dir='ltr'>uti</span> <span class='ocrx_word' id='word_1_213' title='bbox 784 2807 941 2873; x_wconf 89' lang='lat' dir='ltr'>mendacio,</span> 
     </span>
     <span class='ocr_line' id='line_1_29' title="bbox 125 2899 944 2969; baseline 0.002 -17"><span class='ocrx_word' id='word_1_214' title='bbox 125 2902 206 2953; x_wconf 91' lang='lat' dir='ltr'>utere</span> <span class='ocrx_word' id='word_1_215' title='bbox 228 2915 285 2954; x_wconf 90' lang='lat' dir='ltr'>non</span> <span class='ocrx_word' id='word_1_216' title='bbox 307 2899 343 2953; x_wconf 90' lang='lat' dir='ltr'>ad</span> <span class='ocrx_word' id='word_1_217' title='bbox 367 2899 440 2966; x_wconf 85' lang='lat' dir='ltr'>salsi,</span> <span class='ocrx_word' id='word_1_218' title='bbox 466 2900 514 2954; x_wconf 92' lang='lat' dir='ltr'>sed</span> <span class='ocrx_word' id='word_1_219' title='bbox 540 2900 576 2953; x_wconf 88' lang='lat' dir='ltr'>ud</span> <span class='ocrx_word' id='word_1_220' title='bbox 596 2900 656 2954; x_wconf 88' lang='lat' dir='ltr'>veri</span> <span class='ocrx_word' id='word_1_221' title='bbox 678 2900 886 2969; x_wconf 65' lang='lat' dir='ltr'>custodiant,</span> <span class='ocrx_word' id='word_1_222' title='bbox 916 2904 944 2954; x_wconf 90' lang='lat' dir='ltr'>et</span> 
     </span>
     <span class='ocr_line' id='line_1_30' title="bbox 125 2990 942 3062; baseline 0.004 -17"><span class='ocrx_word' id='word_1_223' title='bbox 125 2990 148 3044; x_wconf 92' lang='lat' dir='ltr'>si</span> <span class='ocrx_word' id='word_1_224' title='bbox 162 2991 312 3062; x_wconf 88' lang='lat' dir='ltr'>contigerit</span> <span class='ocrx_word' id='word_1_225' title='bbox 325 2991 490 3046; x_wconf 81' lang='lat' dir='ltr'>fidelitatem</span> <span class='ocrx_word' id='word_1_226' title='bbox 502 2993 648 3048; x_wconf 87' lang='lat' dir='ltr'>mendacio</span> <span class='ocrx_word' id='word_1_227' title='bbox 664 2994 776 3060; x_wconf 83' lang='lat' dir='ltr'>redimi,</span> <span class='ocrx_word' id='word_1_228' title='bbox 790 3010 847 3048; x_wconf 91' lang='lat' dir='ltr'>non</span> <span class='ocrx_word' id='word_1_229' title='bbox 861 3009 942 3048; x_wconf 88' lang='lat' dir='ltr'>rnen·</span> 
     </span>
     <span class='ocr_line' id='line_1_31' title="bbox 125 3083 945 3158; baseline 0.005 -20"><span class='ocrx_word' id='word_1_230' title='bbox 125 3083 214 3152; x_wconf 86' lang='lat' dir='ltr'>ticris,</span> <span class='ocrx_word' id='word_1_231' title='bbox 245 3085 294 3140; x_wconf 89' lang='lat' dir='ltr'>sed</span> <span class='ocrx_word' id='word_1_232' title='bbox 317 3085 411 3157; x_wconf 89' lang='lat' dir='ltr'>potius</span> <span class='ocrx_word' id='word_1_233' title='bbox 437 3086 613 3141; x_wconf 75' lang='lat' dir='ltr'>excusaberis</span> <span class='ocrx_word' id='word_1_234' title='bbox 635 3103 642 3141; x_wconf 73' lang='grc' dir='ltr'><strong>ι</strong></span> <span class='ocrx_word' id='word_1_235' title='bbox 661 3087 728 3158; x_wconf 87' lang='lat' dir='ltr'>quia</span> <span class='ocrx_word' id='word_1_236' title='bbox 754 3087 803 3142; x_wconf 89' lang='lat' dir='ltr'>nbi</span> <span class='ocrx_word' id='word_1_237' title='bbox 827 3087 945 3142; x_wconf 88' lang='lat' dir='ltr'>honesta</span> 
     </span>
     <span class='ocr_line' id='line_1_32' title="bbox 125 3178 943 3251; baseline 0.006 -20"><span class='ocrx_word' id='word_1_238' title='bbox 125 3193 208 3232; x_wconf 79' lang='lat' dir='ltr'>carisa</span> <span class='ocrx_word' id='word_1_239' title='bbox 224 3181 275 3245; x_wconf 90' lang='lat' dir='ltr'>est,</span> <span class='ocrx_word' id='word_1_240' title='bbox 292 3178 386 3249; x_wconf 89' lang='lat' dir='ltr'>justus</span> <span class='ocrx_word' id='word_1_241' title='bbox 404 3184 511 3234; x_wconf 88' lang='lat' dir='ltr'>secretu</span> <span class='ocrx_word' id='word_1_242' title='bbox 531 3196 590 3236; x_wconf 91' lang='lat' dir='ltr'>noa</span> <span class='ocrx_word' id='word_1_243' title='bbox 606 3180 710 3251; x_wconf 88' lang='lat' dir='ltr'>prodit,</span> <span class='ocrx_word' id='word_1_244' title='bbox 728 3181 845 3236; x_wconf 88' lang='lat' dir='ltr'>tacenda</span> <span class='ocrx_word' id='word_1_245' title='bbox 866 3180 943 3236; x_wconf 86' lang='lat' dir='ltr'>enirn</span> 
     </span>
     <span class='ocr_line' id='line_1_33' title="bbox 125 3271 943 3346; baseline 0.004 -21"><span class='ocrx_word' id='word_1_246' title='bbox 125 3275 207 3339; x_wconf 85' lang='lat' dir='ltr'>tacet,</span> <span class='ocrx_word' id='word_1_247' title='bbox 221 3271 362 3343; x_wconf 89' lang='lat' dir='ltr'>loquenda</span> <span class='ocrx_word' id='word_1_248' title='bbox 375 3272 501 3345; x_wconf 91' lang='lat' dir='ltr'>loquitur</span> <span class='ocrx_word' id='word_1_249' title='bbox 512 3290 518 3328; x_wconf 94' lang='lat'><strong>:</strong></span> <span class='ocrx_word' id='word_1_250' title='bbox 530 3279 614 3345; x_wconf 88' lang='lat' dir='ltr'>atque</span> <span class='ocrx_word' id='word_1_251' title='bbox 627 3274 668 3329; x_wconf 88' lang='lat' dir='ltr'>illi</span> <span class='ocrx_word' id='word_1_252' title='bbox 682 3279 788 3346; x_wconf 89' lang='lat' dir='ltr'>aperta,</span> <span class='ocrx_word' id='word_1_253' title='bbox 805 3281 832 3330; x_wconf 89' lang='lat' dir='ltr'>et</span> <span class='ocrx_word' id='word_1_254' title='bbox 846 3291 943 3330; x_wconf 87' lang='lat' dir='ltr'>secura</span> 
     </span>
     <span class='ocr_line' id='line_1_34' title="bbox 124 3365 944 3436; baseline 0.007 -18"><span class='ocrx_word' id='word_1_255' title='bbox 124 3365 323 3436; x_wconf 88' lang='lat' dir='ltr'>tranquillitas,</span> <span class='ocrx_word' id='word_1_256' title='bbox 338 3371 372 3421; x_wconf 88' lang='lat' dir='ltr'>ut</span> <span class='ocrx_word' id='word_1_257' title='bbox 387 3366 456 3421; x_wconf 84' lang='lat' dir='ltr'>duna</span> <span class='ocrx_word' id='word_1_258' title='bbox 474 3366 521 3422; x_wconf 90' lang='lat' dir='ltr'>alii</span> <span class='ocrx_word' id='word_1_259' title='bbox 535 3367 682 3423; x_wconf 87' lang='lat' dir='ltr'>vincantur</span> <span class='ocrx_word' id='word_1_260' title='bbox 695 3386 712 3423; x_wconf 89' lang='lat' dir='ltr'>a</span> <span class='ocrx_word' id='word_1_261' title='bbox 725 3368 816 3436; x_wconf 83' lang='lat' dir='ltr'>rualis,</span> <span class='ocrx_word' id='word_1_262' title='bbox 831 3369 944 3424; x_wconf 91' lang='lat' dir='ltr'>vincan-</span> 
     </span>
     <span class='ocr_line' id='line_1_35' title="bbox 125 3458 942 3533; baseline 0.006 -22"><span class='ocrx_word' id='word_1_263' title='bbox 125 3458 216 3513; x_wconf 85' lang='lat' dir='ltr'>turab</span> <span class='ocrx_word' id='word_1_264' title='bbox 230 3458 280 3514; x_wconf 92' lang='lat' dir='ltr'>illo</span> <span class='ocrx_word' id='word_1_265' title='bbox 289 3460 373 3515; x_wconf 85' lang='lat' dir='ltr'>mala.</span> <span class='ocrx_word' id='word_1_266' title='bbox 385 3461 447 3517; x_wconf 83' lang='lat' dir='ltr'>lloec</span> <span class='ocrx_word' id='word_1_267' title='bbox 459 3477 527 3533; x_wconf 90' lang='lat' dir='ltr'>ergo</span> <span class='ocrx_word' id='word_1_268' title='bbox 537 3461 560 3517; x_wconf 91' lang='lat' dir='ltr'>si</span> <span class='ocrx_word' id='word_1_269' title='bbox 573 3462 686 3517; x_wconf 89' lang='lat' dir='ltr'>studere</span> <span class='ocrx_word' id='word_1_270' title='bbox 699 3463 849 3531; x_wconf 90' lang='lat' dir='ltr'>curaveris,</span> <span class='ocrx_word' id='word_1_271' title='bbox 862 3463 942 3518; x_wconf 76' lang='lat' dir='ltr'>lectus</span> 
     </span>
     <span class='ocr_line' id='line_1_36' title="bbox 124 3551 942 3629; baseline 0.007 -24"><span class='ocrx_word' id='word_1_272' title='bbox 124 3554 153 3606; x_wconf 89' lang='lat' dir='ltr'>et</span> <span class='ocrx_word' id='word_1_273' title='bbox 161 3551 321 3624; x_wconf 88' lang='lat' dir='ltr'>intrepidus</span> <span class='ocrx_word' id='word_1_274' title='bbox 332 3571 431 3609; x_wconf 89' lang='lat' dir='ltr'>cursus</span> <span class='ocrx_word' id='word_1_275' title='bbox 442 3555 483 3610; x_wconf 92' lang='lat' dir='ltr'>tui</span> <span class='ocrx_word' id='word_1_276' title='bbox 493 3557 580 3611; x_wconf 90' lang='lat' dir='ltr'>linem</span> <span class='ocrx_word' id='word_1_277' title='bbox 591 3556 776 3627; x_wconf 83' lang='lat' dir='ltr'>exspectabis,</span> <span class='ocrx_word' id='word_1_278' title='bbox 789 3557 942 3629; x_wconf 85' lang='lat' dir='ltr'>prospicies</span> 
     </span>
     <span class='ocr_line' id='line_1_37' title="bbox 125 3645 941 3724; baseline 0.01 -25"><span class='ocrx_word' id='word_1_279' title='bbox 125 3645 186 3700; x_wconf 70' lang='lat' dir='ltr'>haec</span> <span class='ocrx_word' id='word_1_280' title='bbox 199 3646 290 3701; x_wconf 90' lang='lat' dir='ltr'>tristia</span> <span class='ocrx_word' id='word_1_281' title='bbox 302 3647 389 3718; x_wconf 87' lang='lat' dir='ltr'>hujus</span> <span class='ocrx_word' id='word_1_282' title='bbox 403 3648 503 3703; x_wconf 91' lang='lat' dir='ltr'>mundi</span> <span class='ocrx_word' id='word_1_283' title='bbox 517 3649 625 3718; x_wconf 87' lang='lat' dir='ltr'>hilaris,</span> <span class='ocrx_word' id='word_1_284' title='bbox 634 3650 809 3706; x_wconf 88' lang='lat' dir='ltr'>tumultuosa</span> <span class='ocrx_word' id='word_1_285' title='bbox 820 3651 941 3724; x_wconf 88' lang='lat' dir='ltr'>quietus,</span> 
     </span>
     <span class='ocr_line' id='line_1_38' title="bbox 125 3742 393 3797; baseline 0.011 -4"><span class='ocrx_word' id='word_1_286' title='bbox 125 3742 254 3795; x_wconf 83' lang='lat' dir='ltr'>extrema</span> <span class='ocrx_word' id='word_1_287' title='bbox 268 3756 393 3797; x_wconf 87' lang='lat' dir='ltr'>securus.</span> 
     </span>
    </p>
   </div>
   <div class='ocr_carea' id='block_1_6' title="bbox 242 3855 825 4039">
    <p class='ocr_par' dir='ltr' id='par_1_6' title="bbox 242 3855 825 4039">
     <span class='ocr_line' id='line_1_39' title="bbox 455 3855 615 3911; baseline 0 -1"><span class='ocrx_word' id='word_1_288' title='bbox 455 3855 565 3910; x_wconf 80' lang='lat' dir='ltr'><strong>CAPUT</strong></span> <span class='ocrx_word' id='word_1_289' title='bbox 584 3856 615 3911; x_wconf 84' lang='lat' dir='ltr'>V.</span> 
     </span>
     <span class='ocr_line' id='line_1_40' title="bbox 242 3967 825 4039; baseline 0.002 -17"><span class='ocrx_word' id='word_1_290' title='bbox 242 3969 279 4022; x_wconf 82' lang='lat' dir='ltr'>De</span> <span class='ocrx_word' id='word_1_291' title='bbox 291 3980 415 4022; x_wconf 82' lang='lat' dir='ltr'>mensuro</span> <span class='ocrx_word' id='word_1_292' title='bbox 430 3970 455 4022; x_wconf 90' lang='lat' dir='ltr'>et</span> <span class='ocrx_word' id='word_1_293' title='bbox 472 3967 652 4023; x_wconf 69' lang='lat' dir='ltr'>acceleratione</span> <span class='ocrx_word' id='word_1_294' title='bbox 662 3967 825 4039; x_wconf 81' lang='lat' dir='ltr'>prudentie.</span> 
     </span>
    </p>
   </div>
   <div class='ocr_carea' id='block_1_7' title="bbox 123 4095 945 5293">
    <p class='ocr_par' dir='ltr' id='par_1_7' title="bbox 123 4095 945 5293">
     <span class='ocr_line' id='line_1_41' title="bbox 160 4095 941 4171; baseline 0.005 -20"><span class='ocrx_word' id='word_1_295' title='bbox 160 4095 208 4151; x_wconf 88' lang='lat' dir='ltr'>llis</span> <span class='ocrx_word' id='word_1_296' title='bbox 221 4109 289 4167; x_wconf 86' lang='lat' dir='ltr'>ergo</span> <span class='ocrx_word' id='word_1_297' title='bbox 303 4095 530 4152; x_wconf 87' lang='lat' dir='ltr'>institutionibus</span> <span class='ocrx_word' id='word_1_298' title='bbox 543 4097 705 4170; x_wconf 89' lang='lat' dir='ltr'>observatis,</span> <span class='ocrx_word' id='word_1_299' title='bbox 717 4103 838 4171; x_wconf 88' lang='lat' dir='ltr'>quatuor</span> <span class='ocrx_word' id='word_1_300' title='bbox 853 4099 941 4155; x_wconf 93' lang='lat' dir='ltr'>virtu-</span> 
     </span>
     <span class='ocr_line' id='line_1_42' title="bbox 123 4189 942 4262; baseline 0.004 -16"><span class='ocrx_word' id='word_1_301' title='bbox 123 4194 184 4246; x_wconf 88' lang='lat' dir='ltr'>tum</span> <span class='ocrx_word' id='word_1_302' title='bbox 196 4189 301 4262; x_wconf 87' lang='lat' dir='ltr'>species</span> <span class='ocrx_word' id='word_1_303' title='bbox 313 4190 470 4261; x_wconf 85' lang='lat' dir='ltr'>perfectum</span> <span class='ocrx_word' id='word_1_304' title='bbox 481 4196 507 4247; x_wconf 91' lang='lat' dir='ltr'>te</span> <span class='ocrx_word' id='word_1_305' title='bbox 518 4192 621 4247; x_wconf 81' lang='lat' dir='ltr'>facient</span> <span class='ocrx_word' id='word_1_306' title='bbox 630 4193 734 4261; x_wconf 90' lang='lat' dir='ltr'>virum,</span> <span class='ocrx_word' id='word_1_307' title='bbox 746 4193 769 4246; x_wconf 91' lang='lat' dir='ltr'>si</span> <span class='ocrx_word' id='word_1_308' title='bbox 779 4209 942 4249; x_wconf 88' lang='lat' dir='ltr'>mensuram</span> 
     </span>
     <span class='ocr_line' id='line_1_43' title="bbox 124 4285 940 4358; baseline 0.004 -18"><span class='ocrx_word' id='word_1_309' title='bbox 124 4285 301 4341; x_wconf 87' lang='lat' dir='ltr'>rectitudinis</span> <span class='ocrx_word' id='word_1_310' title='bbox 322 4301 422 4340; x_wconf 89' lang='lat' dir='ltr'>earum</span> <span class='ocrx_word' id='word_1_311' title='bbox 444 4302 536 4358; x_wconf 64' lang='lat' dir='ltr'>aequo,</span> <span class='ocrx_word' id='word_1_312' title='bbox 560 4285 671 4342; x_wconf 89' lang='lat' dir='ltr'>vivendi</span> <span class='ocrx_word' id='word_1_313' title='bbox 696 4286 752 4342; x_wconf 87' lang='lat' dir='ltr'>fine</span> <span class='ocrx_word' id='word_1_314' title='bbox 777 4288 940 4343; x_wconf 84' lang='lat' dir='ltr'>servaveris.</span> 
     </span>
     <span class='ocr_line' id='line_1_44' title="bbox 124 4379 943 4459; baseline 0.005 -27"><span class='ocrx_word' id='word_1_315' title='bbox 124 4379 194 4433; x_wconf 81' lang='lat' dir='ltr'>Nam</span> <span class='ocrx_word' id='word_1_316' title='bbox 211 4379 234 4433; x_wconf 91' lang='lat' dir='ltr'>si</span> <span class='ocrx_word' id='word_1_317' title='bbox 256 4379 407 4451; x_wconf 88' lang='lat' dir='ltr'>prudentia</span> <span class='ocrx_word' id='word_1_318' title='bbox 418 4380 560 4459; x_wconf 76' lang='lat' dir='ltr'>¹terminos</span> <span class='ocrx_word' id='word_1_319' title='bbox 578 4397 643 4435; x_wconf 90' lang='lat' dir='ltr'>suos</span> <span class='ocrx_word' id='word_1_320' title='bbox 662 4381 787 4448; x_wconf 81' lang='lat' dir='ltr'>excedat,</span> <span class='ocrx_word' id='word_1_321' title='bbox 803 4382 902 4436; x_wconf 91' lang='lat' dir='ltr'>callida</span> <span class='ocrx_word' id='word_1_322' title='bbox 915 4385 943 4437; x_wconf 90' lang='lat' dir='ltr'>et</span> 
     </span>
     <span class='ocr_line' id='line_1_45' title="bbox 124 4472 941 4548; baseline 0.006 -23"><span class='ocrx_word' id='word_1_323' title='bbox 124 4472 224 4543; x_wconf 89' lang='lat' dir='ltr'>pavida</span> <span class='ocrx_word' id='word_1_324' title='bbox 244 4473 431 4542; x_wconf 88' lang='lat' dir='ltr'>commiseris,</span> <span class='ocrx_word' id='word_1_325' title='bbox 445 4475 630 4548; x_wconf 77' lang='lat' dir='ltr'>investigator</span> <span class='ocrx_word' id='word_1_326' title='bbox 641 4474 802 4543; x_wconf 88' lang='lat' dir='ltr'>latentium,</span> <span class='ocrx_word' id='word_1_327' title='bbox 817 4479 846 4530; x_wconf 91' lang='lat' dir='ltr'>ct</span> <span class='ocrx_word' id='word_1_328' title='bbox 862 4492 941 4530; x_wconf 89' lang='lat' dir='ltr'>scru-</span> 
     </span>
     <span class='ocr_line' id='line_1_46' title="bbox 123 4565 943 4640; baseline 0.005 -21"><span class='ocrx_word' id='word_1_329' title='bbox 123 4569 198 4619; x_wconf 85' lang='lat' dir='ltr'>tator</span> <span class='ocrx_word' id='word_1_330' title='bbox 212 4565 453 4639; x_wconf 86' lang='lat' dir='ltr'>qualiumcunque</span> <span class='ocrx_word' id='word_1_331' title='bbox 466 4586 606 4624; x_wconf 79' lang='lat' dir='ltr'>noxarum</span> <span class='ocrx_word' id='word_1_332' title='bbox 620 4570 786 4640; x_wconf 86' lang='lat' dir='ltr'>ostenderis,</span> <span class='ocrx_word' id='word_1_333' title='bbox 801 4569 943 4625; x_wconf 87' lang='lat' dir='ltr'>notaberis</span> 
     </span>
     <span class='ocr_line' id='line_1_47' title="bbox 125 4656 941 4737; baseline 0.011 -27"><span class='ocrx_word' id='word_1_334' title='bbox 125 4656 250 4727; x_wconf 88' lang='lat' dir='ltr'>timidus,</span> <span class='ocrx_word' id='word_1_335' title='bbox 262 4659 405 4730; x_wconf 87' lang='lat' dir='ltr'>speciosus</span> <span class='ocrx_word' id='word_1_336' title='bbox 421 4662 510 4731; x_wconf 68' lang='lat' dir='ltr'>[sorte</span> <span class='ocrx_word' id='word_1_337' title='bbox 526 4663 719 4737; x_wconf 77' lang='lat' dir='ltr'>suspiciosnsl,</span> <span class='ocrx_word' id='word_1_338' title='bbox 735 4669 941 4719; x_wconf 86' lang='lat' dir='ltr'>attentassem-</span> 
     </span>
     <span class='ocr_line' id='line_1_48' title="bbox 124 4751 945 4833; baseline 0.009 -27"><span class='ocrx_word' id='word_1_339' title='bbox 124 4767 176 4823; x_wconf 88' lang='lat' dir='ltr'>per</span> <span class='ocrx_word' id='word_1_340' title='bbox 189 4751 296 4833; x_wconf 86' lang='lat' dir='ltr'>aliquid</span> <span class='ocrx_word' id='word_1_341' title='bbox 309 4769 449 4824; x_wconf 75' lang='lat' dir='ltr'>quaerens,</span> <span class='ocrx_word' id='word_1_342' title='bbox 462 4770 575 4826; x_wconf 90' lang='lat' dir='ltr'>semper</span> <span class='ocrx_word' id='word_1_343' title='bbox 587 4756 694 4827; x_wconf 89' lang='lat' dir='ltr'>aliquid</span> <span class='ocrx_word' id='word_1_344' title='bbox 706 4757 820 4824; x_wconf 87' lang='lat' dir='ltr'>timens,</span> <span class='ocrx_word' id='word_1_345' title='bbox 832 4774 945 4830; x_wconf 87' lang='lat' dir='ltr'>semper</span> 
     </span>
     <span class='ocr_line' id='line_1_49' title="bbox 125 4844 944 4921; baseline 0.007 -21"><span class='ocrx_word' id='word_1_346' title='bbox 125 4844 234 4918; x_wconf 87' lang='lat' dir='ltr'>aliquid</span> <span class='ocrx_word' id='word_1_347' title='bbox 247 4845 388 4914; x_wconf 83' lang='lat' dir='ltr'>dubitans,</span> <span class='ocrx_word' id='word_1_348' title='bbox 401 4851 429 4901; x_wconf 88' lang='lat' dir='ltr'>et</span> <span class='ocrx_word' id='word_1_349' title='bbox 442 4847 638 4903; x_wconf 89' lang='lat' dir='ltr'>subtilissimas</span> <span class='ocrx_word' id='word_1_350' title='bbox 651 4848 825 4921; x_wconf 89' lang='lat' dir='ltr'>suspiciones</span> <span class='ocrx_word' id='word_1_351' title='bbox 835 4868 898 4906; x_wconf 90' lang='lat' dir='ltr'>suas</span> <span class='ocrx_word' id='word_1_352' title='bbox 909 4851 944 4906; x_wconf 87' lang='lat' dir='ltr'>ad</span> 
     </span>
     <span class='ocr_line' id='line_1_50' title="bbox 125 4940 944 5014; baseline 0.007 -20"><span class='ocrx_word' id='word_1_353' title='bbox 125 4942 215 4996; x_wconf 88' lang='lat' dir='ltr'>animi</span> <span class='ocrx_word' id='word_1_354' title='bbox 232 4940 275 4995; x_wconf 90' lang='lat' dir='ltr'>tui</span> <span class='ocrx_word' id='word_1_355' title='bbox 297 4940 555 5012; x_wconf 87' lang='lat' dir='ltr'>apprehensionem</span> <span class='ocrx_word' id='word_1_356' title='bbox 574 4942 727 5014; x_wconf 77' lang='lat' dir='ltr'>impingas.</span> <span class='ocrx_word' id='word_1_357' title='bbox 749 4944 944 5000; x_wconf 89' lang='lat' dir='ltr'>ltlonstraberis</span> 
     </span>
     <span class='ocr_line' id='line_1_51' title="bbox 125 5034 945 5109; baseline 0.004 -19"><span class='ocrx_word' id='word_1_358' title='bbox 125 5035 214 5105; x_wconf 89' lang='lat' dir='ltr'>digito</span> <span class='ocrx_word' id='word_1_359' title='bbox 224 5034 328 5089; x_wconf 85' lang='lat' dir='ltr'>astutia</span> <span class='ocrx_word' id='word_1_360' title='bbox 341 5036 441 5107; x_wconf 89' lang='lat' dir='ltr'>plenus</span> <span class='ocrx_word' id='word_1_361' title='bbox 456 5035 632 5107; x_wconf 65' lang='lat' dir='ltr'>,versipellis</span> <span class='ocrx_word' id='word_1_362' title='bbox 649 5053 664 5091; x_wconf 89' lang='lat' dir='ltr'>c</span> <span class='ocrx_word' id='word_1_363' title='bbox 679 5037 877 5109; x_wconf 62' lang='lat' dir='ltr'>:simplicitatis</span> <span class='ocrx_word' id='word_1_364' title='bbox 891 5039 945 5093; x_wconf 88' lang='lat' dir='ltr'>iui-</span> 
     </span>
     <span class='ocr_line' id='line_1_52' title="bbox 125 5128 943 5203; baseline 0.007 -22"><span class='ocrx_word' id='word_1_365' title='bbox 125 5128 225 5198; x_wconf 88' lang='lat' dir='ltr'>micus,</span> <span class='ocrx_word' id='word_1_366' title='bbox 240 5129 500 5201; x_wconf 68' lang='lat' dir='ltr'>contemplatcrqce</span> <span class='ocrx_word' id='word_1_367' title='bbox 514 5130 664 5202; x_wconf 87' lang='lat' dir='ltr'>culparum</span> <span class='ocrx_word' id='word_1_368' title='bbox 686 5136 713 5186; x_wconf 90' lang='lat' dir='ltr'>et</span> <span class='ocrx_word' id='word_1_369' title='bbox 728 5137 871 5203; x_wconf 92' lang='lat' dir='ltr'>postremo</span> <span class='ocrx_word' id='word_1_370' title='bbox 886 5149 943 5187; x_wconf 90' lang='lat' dir='ltr'>uno</span> 
     </span>
     <span class='ocr_line' id='line_1_53' title="bbox 125 5221 943 5293; baseline 0.005 -17"><span class='ocrx_word' id='word_1_371' title='bbox 125 5221 240 5277; x_wconf 88' lang='lat' dir='ltr'>nomine</span> <span class='ocrx_word' id='word_1_372' title='bbox 267 5222 408 5278; x_wconf 88' lang='lat' dir='ltr'>vocaberis</span> <span class='ocrx_word' id='word_1_373' title='bbox 431 5240 447 5278; x_wconf 89' lang='lat' dir='ltr'>a</span> <span class='ocrx_word' id='word_1_374' title='bbox 467 5224 585 5293; x_wconf 90' lang='lat' dir='ltr'>cunctis,</span> <span class='ocrx_word' id='word_1_375' title='bbox 608 5225 698 5280; x_wconf 83' lang='lat' dir='ltr'>nialus</span> <span class='ocrx_word' id='word_1_376' title='bbox 722 5225 818 5283; x_wconf 89' lang='lat' dir='ltr'>bomo.</span> <span class='ocrx_word' id='word_1_377' title='bbox 841 5226 874 5282; x_wconf 90' lang='lat' dir='ltr'>ln</span> <span class='ocrx_word' id='word_1_378' title='bbox 893 5226 943 5281; x_wconf 87' lang='lat' dir='ltr'>bns</span> 
     </span>
    </p>
   </div>
   <div class='ocr_carea' id='block_1_8' title="bbox 125 5376 944 5883">
    <p class='ocr_par' dir='ltr' id='par_1_8' title="bbox 125 5376 943 5806">
     <span class='ocr_line' id='line_1_54' title="bbox 161 5376 941 5452; baseline 0.008 -22"><span class='ocrx_word' id='word_1_379' title='bbox 161 5377 272 5431; x_wconf 70' lang='lat' dir='ltr'>⁸Corde</span> <span class='ocrx_word' id='word_1_380' title='bbox 290 5376 353 5450; x_wconf 89' lang='lat' dir='ltr'>lege</span> <span class='ocrx_word' id='word_1_381' title='bbox 367 5394 374 5432; x_wconf 77' lang='grc' dir='ltr'><strong>ι</strong></span> <span class='ocrx_word' id='word_1_382' title='bbox 390 5394 458 5433; x_wconf 90' lang='lat' dir='ltr'>nam</span> <span class='ocrx_word' id='word_1_383' title='bbox 477 5379 600 5433; x_wconf 89' lang='lat' dir='ltr'>multum</span> <span class='ocrx_word' id='word_1_384' title='bbox 615 5379 732 5435; x_wconf 88' lang='lat' dir='ltr'>interest</span> <span class='ocrx_word' id='word_1_385' title='bbox 743 5380 819 5435; x_wconf 89' lang='lat' dir='ltr'>inter</span> <span class='ocrx_word' id='word_1_386' title='bbox 832 5380 941 5452; x_wconf 88' lang='lat' dir='ltr'>simpli·</span> 
     </span>
     <span class='ocr_line' id='line_1_55' title="bbox 125 5449 943 5523; baseline 0.002 -19"><span class='ocrx_word' id='word_1_387' title='bbox 125 5464 187 5504; x_wconf 87' lang='lat' dir='ltr'>cem</span> <span class='ocrx_word' id='word_1_388' title='bbox 205 5449 388 5504; x_wconf 83' lang='lat' dir='ltr'>assertionem</span> <span class='ocrx_word' id='word_1_389' title='bbox 406 5455 434 5505; x_wconf 90' lang='lat' dir='ltr'>ct</span> <span class='ocrx_word' id='word_1_390' title='bbox 448 5450 655 5520; x_wconf 82' lang='lat' dir='ltr'>juramentum.</span> <span class='ocrx_word' id='word_1_391' title='bbox 672 5452 705 5505; x_wconf 86' lang='lat' dir='ltr'>Et</span> <span class='ocrx_word' id='word_1_392' title='bbox 723 5452 777 5505; x_wconf 88' lang='lat' dir='ltr'>hoc</span> <span class='ocrx_word' id='word_1_393' title='bbox 793 5468 859 5506; x_wconf 88' lang='lat' dir='ltr'>sane</span> <span class='ocrx_word' id='word_1_394' title='bbox 873 5469 943 5523; x_wconf 91' lang='lat' dir='ltr'>opus</span> 
     </span>
     <span class='ocr_line' id='line_1_56' title="bbox 126 5519 942 5593; baseline 0.002 -18"><span class='ocrx_word' id='word_1_395' title='bbox 126 5525 169 5575; x_wconf 88' lang='lat' dir='ltr'>est</span> <span class='ocrx_word' id='word_1_396' title='bbox 185 5519 347 5592; x_wconf 78' lang='lat' dir='ltr'>religionis:</span> <span class='ocrx_word' id='word_1_397' title='bbox 363 5521 433 5576; x_wconf 93' lang='lat' dir='ltr'>illud</span> <span class='ocrx_word' id='word_1_398' title='bbox 448 5538 515 5576; x_wconf 91' lang='lat' dir='ltr'>non.</span> <span class='ocrx_word' id='word_1_399' title='bbox 531 5522 634 5577; x_wconf 84' lang='lat' dir='ltr'>Forsan</span> <span class='ocrx_word' id='word_1_400' title='bbox 653 5522 832 5593; x_wconf 73' lang='lat' dir='ltr'>hyperbolice</span> <span class='ocrx_word' id='word_1_401' title='bbox 847 5523 885 5577; x_wconf 82' lang='lat' dir='ltr'>itu</span> <span class='ocrx_word' id='word_1_402' title='bbox 901 5523 942 5577; x_wconf 93' lang='lat' dir='ltr'>lo-</span> 
     </span>
     <span class='ocr_line' id='line_1_57' title="bbox 126 5591 940 5672; baseline 0.002 -26"><span class='ocrx_word' id='word_1_403' title='bbox 126 5597 208 5646; x_wconf 91' lang='lat' dir='ltr'>cutus</span> <span class='ocrx_word' id='word_1_404' title='bbox 225 5596 277 5659; x_wconf 92' lang='lat' dir='ltr'>est,</span> <span class='ocrx_word' id='word_1_405' title='bbox 292 5591 368 5672; x_wconf 92' lang='lat' dir='ltr'>quod</span> <span class='ocrx_word' id='word_1_406' title='bbox 381 5592 425 5645; x_wconf 90' lang='lat' dir='ltr'>vir</span> <span class='ocrx_word' id='word_1_407' title='bbox 438 5593 544 5664; x_wconf 88' lang='lat' dir='ltr'>probus</span> <span class='ocrx_word' id='word_1_408' title='bbox 562 5598 646 5663; x_wconf 90' lang='lat' dir='ltr'>atque</span> <span class='ocrx_word' id='word_1_409' title='bbox 664 5594 814 5663; x_wconf 83' lang='lat' dir='ltr'>perlectus.</span> <span class='ocrx_word' id='word_1_410' title='bbox 830 5595 877 5647; x_wconf 86' lang='lat' dir='ltr'>Est</span> <span class='ocrx_word' id='word_1_411' title='bbox 890 5600 940 5662; x_wconf 93' lang='lat' dir='ltr'>est,</span> 
     </span>
     <span class='ocr_line' id='line_1_58' title="bbox 126 5662 943 5733; baseline 0.005 -16"><span class='ocrx_word' id='word_1_412' title='bbox 126 5664 186 5717; x_wconf 78' lang='lat' dir='ltr'>Non</span> <span class='ocrx_word' id='word_1_413' title='bbox 200 5679 269 5731; x_wconf 91' lang='lat' dir='ltr'>non,</span> <span class='ocrx_word' id='word_1_414' title='bbox 283 5663 338 5718; x_wconf 84' lang='lat' dir='ltr'>ursi</span> <span class='ocrx_word' id='word_1_415' title='bbox 357 5662 447 5733; x_wconf 88' lang='lat' dir='ltr'>major</span> <span class='ocrx_word' id='word_1_416' title='bbox 460 5663 532 5718; x_wconf 90' lang='lat' dir='ltr'>adsit</span> <span class='ocrx_word' id='word_1_417' title='bbox 545 5663 704 5729; x_wconf 87' lang='lat' dir='ltr'>necessitas,</span> <span class='ocrx_word' id='word_1_418' title='bbox 723 5669 871 5720; x_wconf 89' lang='lat' dir='ltr'>contentus</span> <span class='ocrx_word' id='word_1_419' title='bbox 883 5681 943 5721; x_wconf 88' lang='lat' dir='ltr'>esse</span> 
     </span>
     <span class='ocr_line' id='line_1_59' title="bbox 127 5734 738 5806; baseline 0.003 -18"><span class='ocrx_word' id='word_1_420' title='bbox 127 5734 220 5803; x_wconf 90' lang='lat' dir='ltr'>debet,</span> <span class='ocrx_word' id='word_1_421' title='bbox 234 5739 266 5789; x_wconf 91' lang='lat' dir='ltr'>ut</span> <span class='ocrx_word' id='word_1_422' title='bbox 278 5734 407 5791; x_wconf 82' lang='lat' dir='ltr'>Christus</span> <span class='ocrx_word' id='word_1_423' title='bbox 419 5738 518 5790; x_wconf 89' lang='lat' dir='ltr'>monet</span> <span class='ocrx_word' id='word_1_424' title='bbox 532 5735 561 5791; x_wconf 92' lang='lat' dir='ltr'>in</span> <span class='ocrx_word' id='word_1_425' title='bbox 576 5734 738 5806; x_wconf 86' lang='lat' dir='ltr'>Evangelio.</span> 
     </span>
    </p>

    <p class='ocr_par' dir='ltr' id='par_1_9' title="bbox 161 5805 944 5883">
     <span class='ocr_line' id='line_1_60' title="bbox 161 5805 944 5883; baseline 0.005 -21"><span class='ocrx_word' id='word_1_426' title='bbox 161 5805 175 5845; x_wconf 78' lang='lat' dir='ltr'>b</span> <span class='ocrx_word' id='word_1_427' title='bbox 199 5806 285 5879; x_wconf 73' lang='lat' dir='ltr'>Caum</span> <span class='ocrx_word' id='word_1_428' title='bbox 306 5806 360 5883; x_wconf 81' lang='lat' dir='ltr'>ista</span> <span class='ocrx_word' id='word_1_429' title='bbox 375 5806 439 5880; x_wconf 77' lang='lat' dir='ltr'>lege</span> <span class='ocrx_word' id='word_1_430' title='bbox 454 5822 460 5863; x_wconf 94' lang='lat'><strong>:</strong></span> <span class='ocrx_word' id='word_1_431' title='bbox 476 5822 544 5865; x_wconf 86' lang='lat' dir='ltr'>nam</span> <span class='ocrx_word' id='word_1_432' title='bbox 561 5811 671 5865; x_wconf 88' lang='lat' dir='ltr'>certum</span> <span class='ocrx_word' id='word_1_433' title='bbox 689 5811 740 5876; x_wconf 86' lang='lat' dir='ltr'>est,</span> <span class='ocrx_word' id='word_1_434' title='bbox 763 5806 944 5866; x_wconf 87' lang='lat' dir='ltr'>mendacium</span> 
     </span>
    </p>
   </div>
   <div class='ocr_carea' id='block_1_9' title="bbox 952 4519 982 4592">
    <p class='ocr_par' dir='ltr' id='par_1_10' title="bbox 952 4519 982 4592">
     <span class='ocr_line' id='line_1_61' title="bbox 952 4519 982 4592; baseline 0 0"><span class='ocrx_word' id='word_1_435' title='bbox 952 4519 982 4592; x_wconf 86' lang='lat' dir='ltr'>D</span> 
     </span>
    </p>
   </div>
   <div class='ocr_carea' id='block_1_10' title="bbox 995 476 1813 648">
    <p class='ocr_par' dir='ltr' id='par_1_11' title="bbox 995 476 1813 648">
     <span class='ocr_line' id='line_1_62' title="bbox 996 476 1813 551; baseline 0 -19"><span class='ocrx_word' id='word_1_436' title='bbox 996 495 1107 550; x_wconf 90' lang='lat' dir='ltr'>cunque</span> <span class='ocrx_word' id='word_1_437' title='bbox 1119 479 1149 533; x_wconf 92' lang='lat' dir='ltr'>in</span> <span class='ocrx_word' id='word_1_438' title='bbox 1163 479 1210 532; x_wconf 92' lang='lat' dir='ltr'>illa</span> <span class='ocrx_word' id='word_1_439' title='bbox 1223 480 1358 535; x_wconf 90' lang='lat' dir='ltr'>mediocri</span> <span class='ocrx_word' id='word_1_440' title='bbox 1371 479 1450 534; x_wconf 88' lang='lat' dir='ltr'>lance</span> <span class='ocrx_word' id='word_1_441' title='bbox 1465 478 1598 551; x_wconf 86' lang='lat' dir='ltr'>persistit,</span> <span class='ocrx_word' id='word_1_442' title='bbox 1612 494 1664 533; x_wconf 89' lang='lat' dir='ltr'>nee</span> <span class='ocrx_word' id='word_1_443' title='bbox 1678 476 1813 533; x_wconf 88' lang='lat' dir='ltr'>obtusum</span> 
     </span>
     <span class='ocr_line' id='line_1_63' title="bbox 995 572 1549 648; baseline 0.004 -22"><span class='ocrx_word' id='word_1_444' title='bbox 995 572 1025 627; x_wconf 93' lang='lat' dir='ltr'>in</span> <span class='ocrx_word' id='word_1_445' title='bbox 1038 588 1067 628; x_wconf 90' lang='lat' dir='ltr'>sc</span> <span class='ocrx_word' id='word_1_446' title='bbox 1081 572 1189 648; x_wconf 89' lang='lat' dir='ltr'>aliquid</span> <span class='ocrx_word' id='word_1_447' title='bbox 1203 573 1313 642; x_wconf 88' lang='lat' dir='ltr'>babeat,</span> <span class='ocrx_word' id='word_1_448' title='bbox 1329 589 1381 628; x_wconf 91' lang='lat' dir='ltr'>uec</span> <span class='ocrx_word' id='word_1_449' title='bbox 1393 578 1549 628; x_wconf 89' lang='lat' dir='ltr'>versutum.</span> 
     </span>
    </p>
   </div>
   <div class='ocr_carea' id='block_1_11' title="bbox 1203 726 1604 897">
    <p class='ocr_par' dir='ltr' id='par_1_12' title="bbox 1203 726 1604 897">
     <span class='ocr_line' id='line_1_64' title="bbox 1314 726 1488 782; baseline -0.011 0"><span class='ocrx_word' id='word_1_450' title='bbox 1314 726 1423 782; x_wconf 80' lang='lat' dir='ltr'>CAPUT</span> <span class='ocrx_word' id='word_1_451' title='bbox 1446 727 1488 781; x_wconf 86' lang='lat' dir='ltr'>VI.</span> 
     </span>
     <span class='ocr_line' id='line_1_65' title="bbox 1203 829 1604 897; baseline -0.002 -12"><span class='ocrx_word' id='word_1_452' title='bbox 1203 833 1240 886; x_wconf 83' lang='lat' dir='ltr'>De</span> <span class='ocrx_word' id='word_1_453' title='bbox 1253 829 1420 885; x_wconf 82' lang='lat' dir='ltr'>moderando</span> <span class='ocrx_word' id='word_1_454' title='bbox 1432 830 1604 897; x_wconf 75' lang='lat' dir='ltr'>fortitudine.</span> 
     </span>
    </p>
   </div>
   <div class='ocr_carea' id='block_1_12' title="bbox 990 955 1813 1963">
    <p class='ocr_par' dir='ltr' id='par_1_13' title="bbox 990 955 1813 1963">
     <span class='ocr_line' id='line_1_66' title="bbox 1027 955 1811 1028; baseline -0.001 -17"><span class='ocrx_word' id='word_1_455' title='bbox 1027 955 1244 1028; x_wconf 84' lang='lat' dir='ltr'>Magnanimitas</span> <span class='ocrx_word' id='word_1_456' title='bbox 1268 960 1364 1011; x_wconf 89' lang='lat' dir='ltr'>autem</span> <span class='ocrx_word' id='word_1_457' title='bbox 1387 955 1411 1008; x_wconf 90' lang='lat' dir='ltr'>si</span> <span class='ocrx_word' id='word_1_458' title='bbox 1436 970 1465 1009; x_wconf 90' lang='lat' dir='ltr'>sc</span> <span class='ocrx_word' id='word_1_459' title='bbox 1487 959 1567 1010; x_wconf 83' lang='lat' dir='ltr'>extra</span> <span class='ocrx_word' id='word_1_460' title='bbox 1588 955 1705 1010; x_wconf 89' lang='lat' dir='ltr'>modum</span> <span class='ocrx_word' id='word_1_461' title='bbox 1726 971 1811 1011; x_wconf 79' lang='lat' dir='ltr'>surim</span> 
     </span>
     <span class='ocr_line' id='line_1_67' title="bbox 993 1045 1810 1120; baseline 0 -16"><span class='ocrx_word' id='word_1_462' title='bbox 993 1051 1116 1120; x_wconf 84' lang='lat' dir='ltr'>extollat,</span> <span class='ocrx_word' id='word_1_463' title='bbox 1130 1051 1214 1107; x_wconf 80' lang='lat' dir='ltr'>faciet</span> <span class='ocrx_word' id='word_1_464' title='bbox 1226 1050 1320 1105; x_wconf 90' lang='lat' dir='ltr'>virum</span> <span class='ocrx_word' id='word_1_465' title='bbox 1335 1045 1486 1115; x_wconf 83' lang='lat' dir='ltr'>minacem,</span> <span class='ocrx_word' id='word_1_466' title='bbox 1497 1048 1639 1117; x_wconf 85' lang='lat' dir='ltr'>inflatum,</span> <span class='ocrx_word' id='word_1_467' title='bbox 1651 1050 1810 1119; x_wconf 88' lang='lat' dir='ltr'>turbidum,</span> 
     </span>
     <span class='ocr_line' id='line_1_68' title="bbox 991 1143 1812 1216; baseline -0.002 -17"><span class='ocrx_word' id='word_1_468' title='bbox 991 1144 1170 1216; x_wconf 87' lang='lat' dir='ltr'>inquietum:</span> <span class='ocrx_word' id='word_1_469' title='bbox 1185 1149 1213 1200; x_wconf 90' lang='lat' dir='ltr'>et</span> <span class='ocrx_word' id='word_1_470' title='bbox 1232 1145 1262 1199; x_wconf 92' lang='lat' dir='ltr'>in</span> <span class='ocrx_word' id='word_1_471' title='bbox 1280 1159 1463 1216; x_wconf 89' lang='lat' dir='ltr'>quascunque</span> <span class='ocrx_word' id='word_1_472' title='bbox 1478 1143 1656 1198; x_wconf 80' lang='lat' dir='ltr'>extollentias</span> <span class='ocrx_word' id='word_1_473' title='bbox 1670 1143 1812 1198; x_wconf 88' lang='lat' dir='ltr'>dictorum</span> 
     </span>
     <span class='ocr_line' id='line_1_69' title="bbox 992 1237 1812 1310; baseline -0.001 -17"><span class='ocrx_word' id='word_1_474' title='bbox 992 1243 1192 1310; x_wconf 88' lang='lat' dir='ltr'>actorumque,</span> <span class='ocrx_word' id='word_1_475' title='bbox 1219 1237 1349 1308; x_wconf 88' lang='lat' dir='ltr'>neglecta</span> <span class='ocrx_word' id='word_1_476' title='bbox 1385 1237 1547 1304; x_wconf 89' lang='lat' dir='ltr'>honestate,</span> <span class='ocrx_word' id='word_1_477' title='bbox 1578 1237 1730 1305; x_wconf 81' lang='lat' dir='ltr'>festinum3</span> <span class='ocrx_word' id='word_1_478' title='bbox 1762 1237 1812 1308; x_wconf 93' lang='lat' dir='ltr'>qui</span> 
     </span>
     <span class='ocr_line' id='line_1_70' title="bbox 993 1330 1811 1403; baseline -0.004 -17"><span class='ocrx_word' id='word_1_479' title='bbox 993 1332 1286 1387; x_wconf 87' lang='lat' dir='ltr'>momentisorunibus</span> <span class='ocrx_word' id='word_1_480' title='bbox 1296 1330 1653 1403; x_wconf 89' lang='lat' dir='ltr'>superciliasubrigens,et</span> <span class='ocrx_word' id='word_1_481' title='bbox 1662 1331 1811 1385; x_wconf 84' lang='lat' dir='ltr'>bestiarius</span> 
     </span>
     <span class='ocr_line' id='line_1_71' title="bbox 993 1423 1812 1499; baseline -0.001 -19"><span class='ocrx_word' id='word_1_482' title='bbox 993 1426 1079 1480; x_wconf 90' lang='lat' dir='ltr'>ctiam</span> <span class='ocrx_word' id='word_1_483' title='bbox 1097 1426 1193 1499; x_wconf 86' lang='lat' dir='ltr'>quieta</span> <span class='ocrx_word' id='word_1_484' title='bbox 1211 1426 1324 1494; x_wconf 79' lang='lat' dir='ltr'>excitat,</span> <span class='ocrx_word' id='word_1_485' title='bbox 1342 1424 1430 1479; x_wconf 76' lang='lat' dir='ltr'>alitem</span> <span class='ocrx_word' id='word_1_486' title='bbox 1449 1424 1524 1493; x_wconf 84' lang='lat' dir='ltr'>ferit,</span> <span class='ocrx_word' id='word_1_487' title='bbox 1538 1425 1627 1479; x_wconf 88' lang='lat' dir='ltr'>aliurn</span> <span class='ocrx_word' id='word_1_488' title='bbox 1648 1424 1739 1495; x_wconf 88' lang='lat' dir='ltr'>lugat.</span> <span class='ocrx_word' id='word_1_489' title='bbox 1758 1423 1812 1479; x_wconf 88' lang='lat' dir='ltr'>Sed</span> 
     </span>
     <span class='ocr_line' id='line_1_72' title="bbox 992 1517 1813 1591; baseline -0.001 -18"><span class='ocrx_word' id='word_1_490' title='bbox 992 1521 1120 1591; x_wconf 88' lang='lat' dir='ltr'>quamvis</span> <span class='ocrx_word' id='word_1_491' title='bbox 1140 1520 1230 1574; x_wconf 78' lang='lat' dir='ltr'>audax</span> <span class='ocrx_word' id='word_1_492' title='bbox 1249 1520 1285 1574; x_wconf 91' lang='lat' dir='ltr'>sit</span> <span class='ocrx_word' id='word_1_493' title='bbox 1304 1519 1497 1590; x_wconf 89' lang='lat' dir='ltr'>impugnator,</span> <span class='ocrx_word' id='word_1_494' title='bbox 1514 1522 1610 1572; x_wconf 87' lang='lat' dir='ltr'>tamen</span> <span class='ocrx_word' id='word_1_495' title='bbox 1628 1517 1718 1572; x_wconf 90' lang='lat' dir='ltr'>multa</span> <span class='ocrx_word' id='word_1_496' title='bbox 1732 1521 1813 1573; x_wconf 81' lang='lat' dir='ltr'>extra</span> 
     </span>
     <span class='ocr_line' id='line_1_73' title="bbox 992 1612 1813 1684; baseline -0.002 -16"><span class='ocrx_word' id='word_1_497' title='bbox 992 1630 1021 1668; x_wconf 90' lang='lat' dir='ltr'>se</span> <span class='ocrx_word' id='word_1_498' title='bbox 1031 1613 1152 1667; x_wconf 86' lang='lat' dir='ltr'>valentia</span> <span class='ocrx_word' id='word_1_499' title='bbox 1165 1613 1239 1668; x_wconf 85' lang='lat' dir='ltr'>ferre</span> <span class='ocrx_word' id='word_1_500' title='bbox 1252 1629 1310 1667; x_wconf 90' lang='lat' dir='ltr'>non</span> <span class='ocrx_word' id='word_1_501' title='bbox 1323 1612 1438 1684; x_wconf 89' lang='lat' dir='ltr'>poterit.</span> <span class='ocrx_word' id='word_1_502' title='bbox 1450 1612 1504 1668; x_wconf 87' lang='lat' dir='ltr'>Sed</span> <span class='ocrx_word' id='word_1_503' title='bbox 1516 1616 1566 1666; x_wconf 85' lang='lat' dir='ltr'>arrt</span> <span class='ocrx_word' id='word_1_504' title='bbox 1578 1613 1714 1666; x_wconf 89' lang='lat' dir='ltr'>miserum</span> <span class='ocrx_word' id='word_1_505' title='bbox 1727 1627 1813 1683; x_wconf 89' lang='lat' dir='ltr'>appe-</span> 
     </span>
     <span class='ocr_line' id='line_1_74' title="bbox 992 1705 1811 1777; baseline -0.002 -15"><span class='ocrx_word' id='word_1_506' title='bbox 992 1707 1026 1762; x_wconf 90' lang='lat' dir='ltr'>tit</span> <span class='ocrx_word' id='word_1_507' title='bbox 1037 1708 1132 1776; x_wconf 83' lang='lat' dir='ltr'>finem,</span> <span class='ocrx_word' id='word_1_508' title='bbox 1142 1711 1191 1761; x_wconf 91' lang='lat' dir='ltr'>aut</span> <span class='ocrx_word' id='word_1_509' title='bbox 1198 1723 1387 1761; x_wconf 85' lang='lat' dir='ltr'>aerumnosam</span> <span class='ocrx_word' id='word_1_510' title='bbox 1397 1707 1441 1760; x_wconf 92' lang='lat' dir='ltr'>sui</span> <span class='ocrx_word' id='word_1_511' title='bbox 1451 1706 1618 1760; x_wconf 88' lang='lat' dir='ltr'>memoriam</span> <span class='ocrx_word' id='word_1_512' title='bbox 1626 1705 1811 1777; x_wconf 85' lang='lat' dir='ltr'>derelinquit.</span> 
     </span>
     <span class='ocr_line' id='line_1_75' title="bbox 991 1799 1812 1873; baseline -0.001 -18"><span class='ocrx_word' id='word_1_513' title='bbox 991 1802 1120 1855; x_wconf 85' lang='lat' dir='ltr'>blensura</span> <span class='ocrx_word' id='word_1_514' title='bbox 1133 1817 1202 1873; x_wconf 87' lang='lat' dir='ltr'>crgo</span> <span class='ocrx_word' id='word_1_515' title='bbox 1215 1799 1457 1872; x_wconf 85' lang='lat' dir='ltr'>magnanimitatis</span> <span class='ocrx_word' id='word_1_516' title='bbox 1472 1803 1524 1870; x_wconf 90' lang='lat' dir='ltr'>est,</span> <span class='ocrx_word' id='word_1_517' title='bbox 1541 1816 1593 1854; x_wconf 91' lang='lat' dir='ltr'>nec</span> <span class='ocrx_word' id='word_1_518' title='bbox 1606 1799 1739 1855; x_wconf 90' lang='lat' dir='ltr'>timidum</span> <span class='ocrx_word' id='word_1_519' title='bbox 1752 1815 1812 1854; x_wconf 89' lang='lat' dir='ltr'>esse</span> 
     </span>
     <span class='ocr_line' id='line_1_76' title="bbox 990 1894 1372 1963; baseline -0.005 -13"><span class='ocrx_word' id='word_1_520' title='bbox 990 1894 1147 1963; x_wconf 88' lang='lat' dir='ltr'>hominem,</span> <span class='ocrx_word' id='word_1_521' title='bbox 1159 1911 1212 1949; x_wconf 92' lang='lat' dir='ltr'>nec</span> <span class='ocrx_word' id='word_1_522' title='bbox 1225 1894 1372 1950; x_wconf 83' lang='lat' dir='ltr'>audacem.</span> 
     </span>
    </p>
   </div>
   <div class='ocr_carea' id='block_1_13' title="bbox 1232 2053 1567 2235">
    <p class='ocr_par' dir='ltr' id='par_1_14' title="bbox 1232 2053 1567 2235">
     <span class='ocr_line' id='line_1_77' title="bbox 1306 2053 1490 2108; baseline -0.011 0"><span class='ocrx_word' id='word_1_523' title='bbox 1306 2053 1415 2108; x_wconf 76' lang='lat' dir='ltr'>caput</span> <span class='ocrx_word' id='word_1_524' title='bbox 1434 2053 1490 2107; x_wconf 93' lang='lat' dir='ltr'>Vll.</span> 
     </span>
     <span class='ocr_line' id='line_1_78' title="bbox 1232 2163 1567 2235; baseline -0.003 -16"><span class='ocrx_word' id='word_1_525' title='bbox 1232 2163 1360 2219; x_wconf 83' lang='lat' dir='ltr'>Demade</span> <span class='ocrx_word' id='word_1_526' title='bbox 1375 2164 1567 2235; x_wconf 75' lang='lat' dir='ltr'>temperantiae.</span> 
     </span>
    </p>
   </div>
   <div class='ocr_carea' id='block_1_14' title="bbox 992 2292 1814 3225">
    <p class='ocr_par' dir='ltr' id='par_1_15' title="bbox 992 2292 1814 3004">
     <span class='ocr_line' id='line_1_79' title="bbox 1026 2292 1813 2365; baseline -0.001 -16"><span class='ocrx_word' id='word_1_527' title='bbox 1026 2293 1206 2349; x_wconf 86' lang='lat' dir='ltr'>Continentia</span> <span class='ocrx_word' id='word_1_528' title='bbox 1224 2293 1326 2349; x_wconf 90' lang='lat' dir='ltr'>deinde</span> <span class='ocrx_word' id='word_1_529' title='bbox 1345 2293 1390 2347; x_wconf 92' lang='lat' dir='ltr'>his</span> <span class='ocrx_word' id='word_1_530' title='bbox 1411 2293 1541 2348; x_wconf 88' lang='lat' dir='ltr'>terminis</span> <span class='ocrx_word' id='word_1_531' title='bbox 1564 2292 1726 2365; x_wconf 89' lang='lat' dir='ltr'>astringat:</span> <span class='ocrx_word' id='word_1_532' title='bbox 1746 2309 1813 2348; x_wconf 89' lang='lat' dir='ltr'>cave</span> 
     </span>
     <span class='ocr_line' id='line_1_80' title="bbox 992 2387 1811 2459; baseline -0.001 -18"><span class='ocrx_word' id='word_1_533' title='bbox 992 2402 1027 2441; x_wconf 90' lang='lat' dir='ltr'>ne</span> <span class='ocrx_word' id='word_1_534' title='bbox 1039 2404 1142 2458; x_wconf 90' lang='lat' dir='ltr'>parcus</span> <span class='ocrx_word' id='word_1_535' title='bbox 1156 2388 1203 2457; x_wconf 90' lang='lat' dir='ltr'>sis,</span> <span class='ocrx_word' id='word_1_536' title='bbox 1218 2404 1254 2443; x_wconf 93' lang='lat' dir='ltr'>ne</span> <span class='ocrx_word' id='word_1_537' title='bbox 1267 2387 1391 2459; x_wconf 90' lang='lat' dir='ltr'>speciose</span> <span class='ocrx_word' id='word_1_538' title='bbox 1406 2393 1434 2442; x_wconf 90' lang='lat' dir='ltr'>et</span> <span class='ocrx_word' id='word_1_539' title='bbox 1447 2387 1547 2442; x_wconf 90' lang='lat' dir='ltr'>timide</span> <span class='ocrx_word' id='word_1_540' title='bbox 1560 2403 1678 2442; x_wconf 90' lang='lat' dir='ltr'>manum</span> <span class='ocrx_word' id='word_1_541' title='bbox 1697 2393 1811 2442; x_wconf 86' lang='lat' dir='ltr'>contra-</span> 
     </span>
     <span class='ocr_line' id='line_1_81' title="bbox 992 2481 1813 2553; baseline 0.002 -19"><span class='ocrx_word' id='word_1_542' title='bbox 992 2481 1053 2535; x_wconf 92' lang='lat' dir='ltr'>has.</span> <span class='ocrx_word' id='word_1_543' title='bbox 1070 2482 1108 2535; x_wconf 82' lang='lat' dir='ltr'>Ne</span> <span class='ocrx_word' id='word_1_544' title='bbox 1126 2481 1157 2536; x_wconf 91' lang='lat' dir='ltr'>iu</span> <span class='ocrx_word' id='word_1_545' title='bbox 1176 2482 1301 2544; x_wconf 86' lang='lat' dir='ltr'>minimis</span> <span class='ocrx_word' id='word_1_546' title='bbox 1321 2498 1433 2553; x_wconf 91' lang='lat' dir='ltr'>quoque</span> <span class='ocrx_word' id='word_1_547' title='bbox 1452 2482 1597 2552; x_wconf 88' lang='lat' dir='ltr'>speculum</span> <span class='ocrx_word' id='word_1_548' title='bbox 1618 2497 1717 2552; x_wconf 88' lang='lat' dir='ltr'>ponas.</span> <span class='ocrx_word' id='word_1_549' title='bbox 1741 2481 1813 2536; x_wconf 78' lang='lat' dir='ltr'>Nam</span> 
     </span>
     <span class='ocr_line' id='line_1_82' title="bbox 992 2575 1812 2646; baseline 0.002 -18"><span class='ocrx_word' id='word_1_550' title='bbox 992 2575 1056 2629; x_wconf 88' lang='lat' dir='ltr'>talis</span> <span class='ocrx_word' id='word_1_551' title='bbox 1066 2580 1094 2629; x_wconf 91' lang='lat' dir='ltr'>et</span> <span class='ocrx_word' id='word_1_552' title='bbox 1104 2580 1161 2630; x_wconf 90' lang='lat' dir='ltr'>tam</span> <span class='ocrx_word' id='word_1_553' title='bbox 1173 2576 1339 2644; x_wconf 80' lang='lat' dir='ltr'>circumcisa</span> <span class='ocrx_word' id='word_1_554' title='bbox 1349 2576 1412 2630; x_wconf 92' lang='lat' dir='ltr'>vilis</span> <span class='ocrx_word' id='word_1_555' title='bbox 1425 2575 1572 2646; x_wconf 77' lang='lat' dir='ltr'>put‘cbitur</span> <span class='ocrx_word' id='word_1_556' title='bbox 1585 2575 1743 2646; x_wconf 87' lang='lat' dir='ltr'>integritas.</span> <span class='ocrx_word' id='word_1_557' title='bbox 1756 2576 1812 2630; x_wconf 89' lang='lat' dir='ltr'>Hac</span> 
     </span>
     <span class='ocr_line' id='line_1_83' title="bbox 993 2668 1814 2739; baseline 0 -17"><span class='ocrx_word' id='word_1_558' title='bbox 993 2684 1061 2739; x_wconf 90' lang='lat' dir='ltr'>crgo</span> <span class='ocrx_word' id='word_1_559' title='bbox 1074 2668 1274 2724; x_wconf 87' lang='lat' dir='ltr'>mediocritatis</span> <span class='ocrx_word' id='word_1_560' title='bbox 1287 2669 1362 2724; x_wconf 90' lang='lat' dir='ltr'>linea</span> <span class='ocrx_word' id='word_1_561' title='bbox 1376 2668 1580 2724; x_wconf 88' lang='lat' dir='ltr'>continentiam</span> <span class='ocrx_word' id='word_1_562' title='bbox 1594 2668 1763 2737; x_wconf 78' lang='lat' dir='ltr'>observabis,</span> <span class='ocrx_word' id='word_1_563' title='bbox 1779 2674 1814 2722; x_wconf 91' lang='lat' dir='ltr'>ut</span> 
     </span>
     <span class='ocr_line' id='line_1_84' title="bbox 992 2761 1813 2833; baseline -0.002 -17"><span class='ocrx_word' id='word_1_564' title='bbox 992 2779 1045 2816; x_wconf 92' lang='lat' dir='ltr'>nec</span> <span class='ocrx_word' id='word_1_565' title='bbox 1059 2762 1195 2833; x_wconf 89' lang='lat' dir='ltr'>voluptati</span> <span class='ocrx_word' id='word_1_566' title='bbox 1215 2763 1334 2832; x_wconf 88' lang='lat' dir='ltr'>deditus,</span> <span class='ocrx_word' id='word_1_567' title='bbox 1351 2762 1486 2833; x_wconf 86' lang='lat' dir='ltr'>prodigus</span> <span class='ocrx_word' id='word_1_568' title='bbox 1506 2766 1534 2816; x_wconf 89' lang='lat' dir='ltr'>et</span> <span class='ocrx_word' id='word_1_569' title='bbox 1550 2761 1709 2816; x_wconf 79' lang='lat' dir='ltr'>luxuriosus</span> <span class='ocrx_word' id='word_1_570' title='bbox 1726 2777 1813 2832; x_wconf 87' lang='lat' dir='ltr'>appa·</span> 
     </span>
     <span class='ocr_line' id='line_1_85' title="bbox 993 2854 1813 2927; baseline -0.002 -18"><span class='ocrx_word' id='word_1_571' title='bbox 993 2872 1054 2910; x_wconf 89' lang='lat' dir='ltr'>reas</span> <span class='ocrx_word' id='word_1_572' title='bbox 1079 2872 1131 2909; x_wconf 92' lang='lat' dir='ltr'>nec</span> <span class='ocrx_word' id='word_1_573' title='bbox 1158 2872 1241 2927; x_wconf 79' lang='lat' dir='ltr'>avara</span> <span class='ocrx_word' id='word_1_574' title='bbox 1271 2856 1421 2910; x_wconf 86' lang='lat' dir='ltr'>tenacitate</span> <span class='ocrx_word' id='word_1_575' title='bbox 1448 2855 1577 2910; x_wconf 91' lang='lat' dir='ltr'>sordidus</span> <span class='ocrx_word' id='word_1_576' title='bbox 1604 2859 1653 2909; x_wconf 88' lang='lat' dir='ltr'>aut</span> <span class='ocrx_word' id='word_1_577' title='bbox 1676 2854 1813 2908; x_wconf 89' lang='lat' dir='ltr'>obscurus</span> 
     </span>
     <span class='ocr_line' id='line_1_86' title="bbox 994 2949 1382 3004; baseline 0.005 -1"><span class='ocrx_word' id='word_1_578' title='bbox 994 2949 1119 3004; x_wconf 78' lang='lat' dir='ltr'>exsistas.</span> <span class='ocrx_word' id='word_1_579' title='bbox 1378 2982 1382 2993; x_wconf 90' lang='lat'><strong>·</strong></span> 
     </span>
    </p>

    <p class='ocr_par' dir='ltr' id='par_1_16' title="bbox 1155 3044 1651 3225">
     <span class='ocr_line' id='line_1_87' title="bbox 1305 3044 1499 3099; baseline 0.005 -2"><span class='ocrx_word' id='word_1_580' title='bbox 1305 3044 1415 3098; x_wconf 74' lang='lat' dir='ltr'>CAPUT</span> <span class='ocrx_word' id='word_1_581' title='bbox 1434 3044 1499 3099; x_wconf 85' lang='lat' dir='ltr'>Vlll.</span> 
     </span>
     <span class='ocr_line' id='line_1_88' title="bbox 1155 3155 1651 3225; baseline 0 -17"><span class='ocrx_word' id='word_1_582' title='bbox 1155 3155 1277 3223; x_wconf 85' lang='lat' dir='ltr'>Qualiter</span> <span class='ocrx_word' id='word_1_583' title='bbox 1295 3157 1331 3209; x_wconf 83' lang='lat' dir='ltr'>stt</span> <span class='ocrx_word' id='word_1_584' title='bbox 1351 3156 1516 3212; x_wconf 79' lang='lat' dir='ltr'>morimundo</span> <span class='ocrx_word' id='word_1_585' title='bbox 1530 3155 1651 3225; x_wconf 79' lang='lat' dir='ltr'>justitio.</span> 
     </span>
    </p>
   </div>
   <div class='ocr_carea' id='block_1_15' title="bbox 989 3285 1860 4469">
    <p class='ocr_par' dir='ltr' id='par_1_17' title="bbox 989 3285 1860 4469">
     <span class='ocr_line' id='line_1_89' title="bbox 1026 3285 1814 3356; baseline -0.001 -14"><span class='ocrx_word' id='word_1_586' title='bbox 1026 3285 1137 3342; x_wconf 85' lang='lat' dir='ltr'>lustitia</span> <span class='ocrx_word' id='word_1_587' title='bbox 1153 3289 1296 3356; x_wconf 87' lang='lat' dir='ltr'>postremo</span> <span class='ocrx_word' id='word_1_588' title='bbox 1316 3301 1349 3339; x_wconf 91' lang='lat' dir='ltr'>eo</span> <span class='ocrx_word' id='word_1_589' title='bbox 1367 3285 1569 3341; x_wconf 89' lang='lat' dir='ltr'>mediocritatis</span> <span class='ocrx_word' id='word_1_590' title='bbox 1589 3286 1639 3341; x_wconf 91' lang='lat' dir='ltr'>tihi</span> <span class='ocrx_word' id='word_1_591' title='bbox 1654 3287 1757 3341; x_wconf 88' lang='lat' dir='ltr'>itinere</span> <span class='ocrx_word' id='word_1_592' title='bbox 1771 3303 1814 3340; x_wconf 87' lang='lat' dir='ltr'>re.-</span> 
     </span>
     <span class='ocr_line' id='line_1_90' title="bbox 994 3378 1813 3453; baseline 0 -18"><span class='ocrx_word' id='word_1_593' title='bbox 994 3381 1086 3451; x_wconf 86' lang='lat' dir='ltr'>genda</span> <span class='ocrx_word' id='word_1_594' title='bbox 1095 3384 1145 3447; x_wconf 88' lang='lat' dir='ltr'>cst,</span> <span class='ocrx_word' id='word_1_595' title='bbox 1157 3383 1189 3434; x_wconf 91' lang='lat' dir='ltr'>ut</span> <span class='ocrx_word' id='word_1_596' title='bbox 1202 3395 1253 3433; x_wconf 91' lang='lat' dir='ltr'>nec</span> <span class='ocrx_word' id='word_1_597' title='bbox 1265 3378 1352 3433; x_wconf 91' lang='lat' dir='ltr'>ductu</span> <span class='ocrx_word' id='word_1_598' title='bbox 1357 3379 1467 3450; x_wconf 88' lang='lat' dir='ltr'>jugiter</span> <span class='ocrx_word' id='word_1_599' title='bbox 1480 3378 1535 3451; x_wconf 82' lang='lat' dir='ltr'>[Al.</span> <span class='ocrx_word' id='word_1_600' title='bbox 1548 3379 1676 3453; x_wconf 77' lang='lat' dir='ltr'>turpiter]</span> <span class='ocrx_word' id='word_1_601' title='bbox 1691 3380 1744 3436; x_wconf 89' lang='lat' dir='ltr'>levi</span> <span class='ocrx_word' id='word_1_602' title='bbox 1756 3381 1813 3435; x_wconf 90' lang='lat' dir='ltr'>im-</span> 
     </span>
     <span class='ocr_line' id='line_1_91' title="bbox 992 3471 1860 3545; baseline 0.001 -18"><span class='ocrx_word' id='word_1_603' title='bbox 992 3478 1099 3528; x_wconf 87' lang='lat' dir='ltr'>motam</span> <span class='ocrx_word' id='word_1_604' title='bbox 1118 3489 1231 3543; x_wconf 87' lang='lat' dir='ltr'>semper</span> <span class='ocrx_word' id='word_1_605' title='bbox 1252 3471 1341 3526; x_wconf 82' lang='lat' dir='ltr'>mumi</span> <span class='ocrx_word' id='word_1_606' title='bbox 1364 3473 1503 3528; x_wconf 88' lang='lat' dir='ltr'>rationem</span> <span class='ocrx_word' id='word_1_607' title='bbox 1525 3474 1700 3545; x_wconf 87' lang='lat' dir='ltr'>negligentia</span> <span class='ocrx_word' id='word_1_608' title='bbox 1721 3474 1816 3528; x_wconf 89' lang='lat' dir='ltr'>subse·</span> <span class='ocrx_word' id='word_1_609' title='bbox 1857 3490 1860 3495; x_wconf 86' lang='lat'><em>·</em></span> 
     </span>
     <span class='ocr_line' id='line_1_92' title="bbox 992 3566 1814 3639; baseline 0 -17"><span class='ocrx_word' id='word_1_610' title='bbox 992 3571 1106 3639; x_wconf 87' lang='lat' dir='ltr'>quatur.</span> <span class='ocrx_word' id='word_1_611' title='bbox 1122 3568 1194 3622; x_wconf 85' lang='lat' dir='ltr'>Dum</span> <span class='ocrx_word' id='word_1_612' title='bbox 1209 3581 1301 3637; x_wconf 90' lang='lat' dir='ltr'>neque</span> <span class='ocrx_word' id='word_1_613' title='bbox 1321 3566 1355 3621; x_wconf 93' lang='lat' dir='ltr'>de</span> <span class='ocrx_word' id='word_1_614' title='bbox 1377 3567 1497 3638; x_wconf 88' lang='lat' dir='ltr'>magnis,</span> <span class='ocrx_word' id='word_1_615' title='bbox 1518 3584 1611 3639; x_wconf 88' lang='lat' dir='ltr'>neque</span> <span class='ocrx_word' id='word_1_616' title='bbox 1631 3568 1665 3623; x_wconf 91' lang='lat' dir='ltr'>de</span> <span class='ocrx_word' id='word_1_617' title='bbox 1688 3567 1814 3622; x_wconf 90' lang='lat' dir='ltr'>minimis</span> 
     </span>
     <span class='ocr_line' id='line_1_93' title="bbox 993 3659 1813 3732; baseline -0.002 -16"><span class='ocrx_word' id='word_1_618' title='bbox 993 3661 1150 3716; x_wconf 89' lang='lat' dir='ltr'>errantium</span> <span class='ocrx_word' id='word_1_619' title='bbox 1163 3659 1237 3715; x_wconf 89' lang='lat' dir='ltr'>vitiis</span> <span class='ocrx_word' id='word_1_620' title='bbox 1257 3659 1417 3730; x_wconf 86' lang='lat' dir='ltr'>corrigendi</span> <span class='ocrx_word' id='word_1_621' title='bbox 1435 3677 1532 3714; x_wconf 91' lang='lat' dir='ltr'>curam</span> <span class='ocrx_word' id='word_1_622' title='bbox 1554 3661 1638 3731; x_wconf 86' lang='lat' dir='ltr'>geris,</span> <span class='ocrx_word' id='word_1_623' title='bbox 1653 3661 1700 3715; x_wconf 91' lang='lat' dir='ltr'>sed</span> <span class='ocrx_word' id='word_1_624' title='bbox 1718 3677 1813 3732; x_wconf 90' lang='lat' dir='ltr'>neque</span> 
     </span>
     <span class='ocr_line' id='line_1_94' title="bbox 993 3754 1815 3825; baseline 0 -15"><span class='ocrx_word' id='word_1_625' title='bbox 993 3755 1136 3810; x_wconf 85' lang='lat' dir='ltr'>licentiam</span> <span class='ocrx_word' id='word_1_626' title='bbox 1149 3754 1293 3825; x_wconf 88' lang='lat' dir='ltr'>peccandi,</span> <span class='ocrx_word' id='word_1_627' title='bbox 1308 3759 1358 3808; x_wconf 90' lang='lat' dir='ltr'>aut</span> <span class='ocrx_word' id='word_1_628' title='bbox 1369 3754 1553 3809; x_wconf 88' lang='lat' dir='ltr'>illudentibus</span> <span class='ocrx_word' id='word_1_629' title='bbox 1564 3754 1615 3810; x_wconf 93' lang='lat' dir='ltr'>tibi</span> <span class='ocrx_word' id='word_1_630' title='bbox 1635 3754 1747 3821; x_wconf 88' lang='lat' dir='ltr'>blande,</span> <span class='ocrx_word' id='word_1_631' title='bbox 1764 3760 1815 3810; x_wconf 84' lang='lat' dir='ltr'>arrt</span> 
     </span>
     <span class='ocr_line' id='line_1_95' title="bbox 992 3847 1814 3919; baseline 0 -16"><span class='ocrx_word' id='word_1_632' title='bbox 992 3848 1174 3903; x_wconf 89' lang='lat' dir='ltr'>illudentibus</span> <span class='ocrx_word' id='word_1_633' title='bbox 1189 3853 1317 3918; x_wconf 87' lang='lat' dir='ltr'>proterve</span> <span class='ocrx_word' id='word_1_634' title='bbox 1330 3847 1481 3917; x_wconf 87' lang='lat' dir='ltr'>permittis,</span> <span class='ocrx_word' id='word_1_635' title='bbox 1502 3863 1593 3919; x_wconf 91' lang='lat' dir='ltr'>neque</span> <span class='ocrx_word' id='word_1_636' title='bbox 1611 3864 1709 3902; x_wconf 88' lang='lat' dir='ltr'>rursus</span> <span class='ocrx_word' id='word_1_637' title='bbox 1723 3850 1814 3903; x_wconf 89' lang='lat' dir='ltr'>nimia</span> 
     </span>
     <span class='ocr_line' id='line_1_96' title="bbox 993 3940 1812 4013; baseline 0 -16"><span class='ocrx_word' id='word_1_638' title='bbox 993 3941 1136 4013; x_wconf 88' lang='lat' dir='ltr'>rigiditate</span> <span class='ocrx_word' id='word_1_639' title='bbox 1150 3945 1179 3996; x_wconf 87' lang='lat' dir='ltr'>et</span> <span class='ocrx_word' id='word_1_640' title='bbox 1190 3940 1349 4011; x_wconf 85' lang='lat' dir='ltr'>asperitate,</span> <span class='ocrx_word' id='word_1_641' title='bbox 1363 3940 1404 3994; x_wconf 92' lang='lat' dir='ltr'>nil</span> <span class='ocrx_word' id='word_1_642' title='bbox 1419 3940 1508 3996; x_wconf 86' lang='lat' dir='ltr'>veniae</span> <span class='ocrx_word' id='word_1_643' title='bbox 1520 3946 1570 3996; x_wconf 89' lang='lat' dir='ltr'>aut</span> <span class='ocrx_word' id='word_1_644' title='bbox 1581 3942 1751 4012; x_wconf 80' lang='lat' dir='ltr'>benignitati</span> <span class='ocrx_word' id='word_1_645' title='bbox 1767 3960 1812 3997; x_wconf 92' lang='lat' dir='ltr'>rc·</span> 
     </span>
     <span class='ocr_line' id='line_1_97' title="bbox 992 4034 1814 4107; baseline -0.001 -16"><span class='ocrx_word' id='word_1_646' title='bbox 992 4052 1116 4106; x_wconf 88' lang='lat' dir='ltr'>servans,</span> <span class='ocrx_word' id='word_1_647' title='bbox 1132 4036 1265 4089; x_wconf 75' lang='lat' dir='ltr'>hunrauaa</span> <span class='ocrx_word' id='word_1_648' title='bbox 1278 4034 1404 4089; x_wconf 88' lang='lat' dir='ltr'>societati</span> <span class='ocrx_word' id='word_1_649' title='bbox 1417 4035 1504 4090; x_wconf 90' lang='lat' dir='ltr'>durus</span> <span class='ocrx_word' id='word_1_650' title='bbox 1523 4052 1669 4107; x_wconf 88' lang='lat' dir='ltr'>appareas.</span> <span class='ocrx_word' id='word_1_651' title='bbox 1687 4037 1726 4090; x_wconf 89' lang='lat' dir='ltr'>lta</span> <span class='ocrx_word' id='word_1_652' title='bbox 1744 4053 1814 4107; x_wconf 90' lang='lat' dir='ltr'>ergo</span> 
     </span>
     <span class='ocr_line' id='line_1_98' title="bbox 989 4128 1813 4204; baseline -0.001 -18"><span class='ocrx_word' id='word_1_653' title='bbox 989 4130 1106 4204; x_wconf 72' lang='lat' dir='ltr'>justitias</span> <span class='ocrx_word' id='word_1_654' title='bbox 1121 4129 1219 4201; x_wconf 87' lang='lat' dir='ltr'>regula</span> <span class='ocrx_word' id='word_1_655' title='bbox 1232 4128 1355 4183; x_wconf 88' lang='lat' dir='ltr'>tenenda</span> <span class='ocrx_word' id='word_1_656' title='bbox 1367 4133 1418 4197; x_wconf 90' lang='lat' dir='ltr'>cst,</span> <span class='ocrx_word' id='word_1_657' title='bbox 1433 4133 1464 4184; x_wconf 92' lang='lat' dir='ltr'>ut</span> <span class='ocrx_word' id='word_1_658' title='bbox 1480 4129 1636 4184; x_wconf 87' lang='lat' dir='ltr'>reverentia</span> <span class='ocrx_word' id='word_1_659' title='bbox 1655 4129 1813 4200; x_wconf 75' lang='lat' dir='ltr'>disciplina</span> 
     </span>
     <span class='ocr_line' id='line_1_99' title="bbox 993 4222 1813 4297; baseline -0.002 -17"><span class='ocrx_word' id='word_1_660' title='bbox 993 4226 1053 4297; x_wconf 87' lang='lat' dir='ltr'>ejus</span> <span class='ocrx_word' id='word_1_661' title='bbox 1068 4240 1162 4297; x_wconf 89' lang='lat' dir='ltr'>nequo</span> <span class='ocrx_word' id='word_1_662' title='bbox 1174 4222 1264 4278; x_wconf 89' lang='lat' dir='ltr'>nimia</span> <span class='ocrx_word' id='word_1_663' title='bbox 1276 4222 1460 4293; x_wconf 82' lang='lat' dir='ltr'>negligentiae</span> <span class='ocrx_word' id='word_1_664' title='bbox 1471 4222 1672 4277; x_wconf 87' lang='lat' dir='ltr'>communitate</span> <span class='ocrx_word' id='word_1_665' title='bbox 1683 4223 1813 4295; x_wconf 75' lang='lat' dir='ltr'>despecta</span> 
     </span>
     <span class='ocr_line' id='line_1_100' title="bbox 992 4316 1812 4390; baseline 0 -17"><span class='ocrx_word' id='word_1_666' title='bbox 992 4320 1115 4387; x_wconf 87' lang='lat' dir='ltr'>vilescat,</span> <span class='ocrx_word' id='word_1_667' title='bbox 1130 4333 1222 4390; x_wconf 86' lang='lat' dir='ltr'>neque.</span> <span class='ocrx_word' id='word_1_668' title='bbox 1235 4316 1367 4373; x_wconf 88' lang='lat' dir='ltr'>severiori</span> <span class='ocrx_word' id='word_1_669' title='bbox 1384 4316 1528 4372; x_wconf 79' lang='lat' dir='ltr'>atrocitate</span> <span class='ocrx_word' id='word_1_670' title='bbox 1542 4316 1676 4372; x_wconf 89' lang='lat' dir='ltr'>diuturna</span> <span class='ocrx_word' id='word_1_671' title='bbox 1690 4318 1812 4388; x_wconf 79' lang='lat' dir='ltr'>gratiani</span> 
     </span>
     <span class='ocr_line' id='line_1_101' title="bbox 992 4410 1454 4469; baseline -0.004 -1"><span class='ocrx_word' id='word_1_672' title='bbox 992 4414 1125 4469; x_wconf 76' lang='lat' dir='ltr'>hnmanae</span> <span class='ocrx_word' id='word_1_673' title='bbox 1137 4411 1319 4468; x_wconf 87' lang='lat' dir='ltr'>amabilitatis</span> <span class='ocrx_word' id='word_1_674' title='bbox 1332 4410 1454 4466; x_wconf 84' lang='lat' dir='ltr'>amittat.</span> 
     </span>
    </p>
   </div>
   <div class='ocr_carea' id='block_1_16' title="bbox 1220 4547 1583 4616">
    <p class='ocr_par' dir='ltr' id='par_1_18' title="bbox 1220 4547 1583 4616">
     <span class='ocr_line' id='line_1_102' title="bbox 1220 4547 1583 4616; baseline -0.014 -13"><span class='ocrx_word' id='word_1_675' title='bbox 1220 4547 1360 4603; x_wconf 76' lang='lat' dir='ltr'>Conclusio</span> <span class='ocrx_word' id='word_1_676' title='bbox 1370 4547 1583 4616; x_wconf 79' lang='lat' dir='ltr'>premissorum.</span> 
     </span>
    </p>
   </div>
   <div class='ocr_carea' id='block_1_17' title="bbox 993 4657 1814 5294">
    <p class='ocr_par' dir='ltr' id='par_1_19' title="bbox 993 4657 1814 5294">
     <span class='ocr_line' id='line_1_103' title="bbox 1029 4657 1813 4734; baseline -0.004 -16"><span class='ocrx_word' id='word_1_677' title='bbox 1029 4662 1057 4719; x_wconf 83' lang='lat' dir='ltr'>si</span> <span class='ocrx_word' id='word_1_678' title='bbox 1071 4661 1133 4734; x_wconf 92' lang='lat' dir='ltr'>quis</span> <span class='ocrx_word' id='word_1_679' title='bbox 1144 4677 1213 4732; x_wconf 88' lang='lat' dir='ltr'>ergo</span> <span class='ocrx_word' id='word_1_680' title='bbox 1222 4659 1308 4714; x_wconf 87' lang='lat' dir='ltr'>vitam</span> <span class='ocrx_word' id='word_1_681' title='bbox 1319 4675 1399 4714; x_wconf 90' lang='lat' dir='ltr'>suam</span> <span class='ocrx_word' id='word_1_682' title='bbox 1414 4658 1449 4713; x_wconf 91' lang='lat' dir='ltr'>ad</span> <span class='ocrx_word' id='word_1_683' title='bbox 1463 4657 1616 4712; x_wconf 88' lang='lat' dir='ltr'>utilitatem</span> <span class='ocrx_word' id='word_1_684' title='bbox 1631 4674 1688 4713; x_wconf 90' lang='lat' dir='ltr'>non</span> <span class='ocrx_word' id='word_1_685' title='bbox 1701 4664 1813 4716; x_wconf 89' lang='lat' dir='ltr'>tantum</span> 
     </span>
     <span class='ocr_line' id='line_1_104' title="bbox 993 4751 1812 4828; baseline -0.004 -18"><span class='ocrx_word' id='word_1_686' title='bbox 993 4756 1093 4828; x_wconf 87' lang='lat' dir='ltr'>pariat,</span> <span class='ocrx_word' id='word_1_687' title='bbox 1105 4754 1153 4811; x_wconf 94' lang='lat' dir='ltr'>sed</span> <span class='ocrx_word' id='word_1_688' title='bbox 1165 4754 1321 4810; x_wconf 89' lang='lat' dir='ltr'>multorum</span> <span class='ocrx_word' id='word_1_689' title='bbox 1335 4751 1545 4824; x_wconf 90' lang='lat' dir='ltr'>inculpabiliter</span> <span class='ocrx_word' id='word_1_690' title='bbox 1557 4769 1726 4823; x_wconf 87' lang='lat' dir='ltr'>componere</span> <span class='ocrx_word' id='word_1_691' title='bbox 1737 4754 1812 4809; x_wconf 92' lang='lat' dir='ltr'>desi-</span> 
     </span>
     <span class='ocr_line' id='line_1_105' title="bbox 994 4845 1814 4920; baseline -0.004 -15"><span class='ocrx_word' id='word_1_692' title='bbox 994 4845 1814 4920; x_wconf 81' lang='lat' dir='ltr'>derat,hancpraedictarumvirtuturnformulamproqua·</span> 
     </span>
     <span class='ocr_line' id='line_1_106' title="bbox 993 4941 1814 5015; baseline -0.002 -17"><span class='ocrx_word' id='word_1_693' title='bbox 993 4943 1119 5000; x_wconf 90' lang='lat' dir='ltr'>litatibus</span> <span class='ocrx_word' id='word_1_694' title='bbox 1128 4947 1300 5015; x_wconf 88' lang='lat' dir='ltr'>temporum,</span> <span class='ocrx_word' id='word_1_695' title='bbox 1309 4941 1448 5007; x_wconf 82' lang='lat' dir='ltr'>loeornnr,</span> <span class='ocrx_word' id='word_1_696' title='bbox 1459 4956 1644 5011; x_wconf 89' lang='lat' dir='ltr'>personarum</span> <span class='ocrx_word' id='word_1_697' title='bbox 1655 4945 1739 5013; x_wconf 87' lang='lat' dir='ltr'>atque</span> <span class='ocrx_word' id='word_1_698' title='bbox 1750 4958 1814 4996; x_wconf 87' lang='lat' dir='ltr'>carr-</span> 
     </span>
     <span class='ocr_line' id='line_1_107' title="bbox 994 5033 1814 5108; baseline -0.007 -14"><span class='ocrx_word' id='word_1_699' title='bbox 994 5055 1089 5094; x_wconf 89' lang='lat' dir='ltr'>sarum</span> <span class='ocrx_word' id='word_1_700' title='bbox 1102 5040 1256 5108; x_wconf 90' lang='lat' dir='ltr'>sequatur:</span> <span class='ocrx_word' id='word_1_701' title='bbox 1273 5053 1306 5090; x_wconf 93' lang='lat' dir='ltr'>eo</span> <span class='ocrx_word' id='word_1_702' title='bbox 1320 5033 1521 5090; x_wconf 87' lang='lat' dir='ltr'>mediocritatis</span> <span class='ocrx_word' id='word_1_703' title='bbox 1534 5034 1677 5104; x_wconf 86' lang='lat' dir='ltr'>insistens,</span> <span class='ocrx_word' id='word_1_704' title='bbox 1691 5051 1747 5106; x_wconf 91' lang='lat' dir='ltr'>quo</span> <span class='ocrx_word' id='word_1_705' title='bbox 1763 5052 1814 5105; x_wconf 90' lang='lat' dir='ltr'>per</span> 
     </span>
     <span class='ocr_line' id='line_1_108' title="bbox 993 5127 1813 5205; baseline -0.006 -18"><span class='ocrx_word' id='word_1_706' title='bbox 993 5133 1114 5205; x_wconf 81' lang='lat' dir='ltr'>abrupta</span> <span class='ocrx_word' id='word_1_707' title='bbox 1125 5131 1290 5186; x_wconf 89' lang='lat' dir='ltr'>altrinsecus</span> <span class='ocrx_word' id='word_1_708' title='bbox 1303 5127 1528 5201; x_wconf 80' lang='lat' dir='ltr'>p1·aecipitia,ant</span> <span class='ocrx_word' id='word_1_709' title='bbox 1541 5131 1672 5183; x_wconf 89' lang='lat' dir='ltr'>ruentem</span> <span class='ocrx_word' id='word_1_710' title='bbox 1687 5129 1813 5198; x_wconf 86' lang='lat' dir='ltr'>corporis</span> 
     </span>
     <span class='ocr_line' id='line_1_109' title="bbox 994 5221 1812 5294; baseline -0.002 -15"><span class='ocrx_word' id='word_1_711' title='bbox 994 5225 1097 5282; x_wconf 88' lang='lat' dir='ltr'>devitet</span> <span class='ocrx_word' id='word_1_712' title='bbox 1110 5224 1258 5292; x_wconf 89' lang='lat' dir='ltr'>insaniam,</span> <span class='ocrx_word' id='word_1_713' title='bbox 1270 5226 1318 5278; x_wconf 88' lang='lat' dir='ltr'>aut</span> <span class='ocrx_word' id='word_1_714' title='bbox 1333 5221 1501 5278; x_wconf 85' lang='lat' dir='ltr'>efficientem</span> <span class='ocrx_word' id='word_1_715' title='bbox 1514 5223 1615 5294; x_wconf 90' lang='lat' dir='ltr'>puniat</span> <span class='ocrx_word' id='word_1_716' title='bbox 1631 5222 1774 5294; x_wconf 88' lang='lat' dir='ltr'>ignaviam</span> <span class='ocrx_word' id='word_1_717' title='bbox 1792 5237 1812 5277; x_wconf 56' lang='grc' dir='ltr'>ε.</span> 
     </span>
    </p>
   </div>
   <div class='ocr_carea' id='block_1_18' title="bbox 993 5376 1814 5795">
    <p class='ocr_par' dir='ltr' id='par_1_20' title="bbox 993 5376 1814 5594">
     <span class='ocr_line' id='line_1_110' title="bbox 1014 5376 1814 5450; baseline -0.008 -15"><span class='ocrx_word' id='word_1_718' title='bbox 1014 5380 1175 5436; x_wconf 80' lang='lat' dir='ltr'>riantumvis</span> <span class='ocrx_word' id='word_1_719' title='bbox 1193 5378 1362 5443; x_wconf 82' lang='lat' dir='ltr'>officiosum,</span> <span class='ocrx_word' id='word_1_720' title='bbox 1377 5393 1525 5450; x_wconf 87' lang='lat' dir='ltr'>nunquam</span> <span class='ocrx_word' id='word_1_721' title='bbox 1539 5392 1600 5431; x_wconf 89' lang='lat' dir='ltr'>esse</span> <span class='ocrx_word' id='word_1_722' title='bbox 1614 5376 1733 5431; x_wconf 87' lang='lat' dir='ltr'>licitum.</span> <span class='ocrx_word' id='word_1_723' title='bbox 1745 5377 1814 5431; x_wconf 80' lang='lat' dir='ltr'>t&#39;iue</span> 
     </span>
     <span class='ocr_line' id='line_1_111' title="bbox 994 5396 1813 5523; baseline -0.005 -16"><span class='ocrx_word' id='word_1_724' title='bbox 994 5396 1021 5507; x_wconf 58' lang='lat' dir='ltr'>i.</span> <span class='ocrx_word' id='word_1_725' title='bbox 1035 5453 1170 5507; x_wconf 88' lang='lat' dir='ltr'>Thomam</span> <span class='ocrx_word' id='word_1_726' title='bbox 1191 5456 1218 5507; x_wconf 73' lang='lat' dir='ltr'>t.</span> <span class='ocrx_word' id='word_1_727' title='bbox 1232 5454 1258 5506; x_wconf 75' lang='lat'>2.</span> <span class='ocrx_word' id='word_1_728' title='bbox 1274 5455 1374 5523; x_wconf 82' lang='lat' dir='ltr'>quaest.</span> <span class='ocrx_word' id='word_1_729' title='bbox 1393 5454 1452 5516; x_wconf 86' lang='lat' dir='ltr'>lld,</span> <span class='ocrx_word' id='word_1_730' title='bbox 1467 5453 1521 5503; x_wconf 89' lang='lat' dir='ltr'>art.</span> <span class='ocrx_word' id='word_1_731' title='bbox 1537 5451 1563 5517; x_wconf 83' lang='lat'>3,</span> <span class='ocrx_word' id='word_1_732' title='bbox 1578 5452 1606 5502; x_wconf 89' lang='lat' dir='ltr'>et</span> <span class='ocrx_word' id='word_1_733' title='bbox 1628 5447 1738 5503; x_wconf 85' lang='lat' dir='ltr'>Sixtum</span> <span class='ocrx_word' id='word_1_734' title='bbox 1764 5449 1813 5503; x_wconf 91' lang='lat' dir='ltr'>Se-</span> 
     </span>
     <span class='ocr_line' id='line_1_112' title="bbox 993 5522 1489 5594; baseline -0.012 -15"><span class='ocrx_word' id='word_1_735' title='bbox 993 5539 1112 5579; x_wconf 88' lang='lat' dir='ltr'>nensem</span> <span class='ocrx_word' id='word_1_736' title='bbox 1127 5524 1177 5579; x_wconf 89' lang='lat' dir='ltr'>lib.</span> <span class='ocrx_word' id='word_1_737' title='bbox 1192 5540 1219 5594; x_wconf 89' lang='lat' dir='ltr'>v,</span> <span class='ocrx_word' id='word_1_738' title='bbox 1232 5522 1302 5577; x_wconf 80' lang='lat' dir='ltr'>ulht.</span> <span class='ocrx_word' id='word_1_739' title='bbox 1318 5527 1415 5576; x_wconf 84' lang='lat' dir='ltr'>avrvrot.</span> <span class='ocrx_word' id='word_1_740' title='bbox 1429 5523 1489 5574; x_wconf 79' lang='lat'>107.</span> 
     </span>
    </p>

    <p class='ocr_par' dir='ltr' id='par_1_21' title="bbox 993 5589 1814 5795">
     <span class='ocr_line' id='line_1_113' title="bbox 1028 5589 1813 5662; baseline -0.005 -14"><span class='ocrx_word' id='word_1_741' title='bbox 1028 5608 1040 5634; x_wconf 78' lang='lat'><strong>⁶</strong></span> <span class='ocrx_word' id='word_1_742' title='bbox 1060 5595 1089 5648; x_wconf 92' lang='lat' dir='ltr'>ln</span> <span class='ocrx_word' id='word_1_743' title='bbox 1102 5609 1155 5648; x_wconf 86' lang='lat' dir='ltr'>nrs.</span> <span class='ocrx_word' id='word_1_744' title='bbox 1169 5594 1269 5649; x_wconf 87' lang='lat' dir='ltr'>Codice</span> <span class='ocrx_word' id='word_1_745' title='bbox 1282 5593 1327 5647; x_wconf 92' lang='lat' dir='ltr'>his</span> <span class='ocrx_word' id='word_1_746' title='bbox 1340 5592 1431 5646; x_wconf 89' lang='lat' dir='ltr'>verbis</span> <span class='ocrx_word' id='word_1_747' title='bbox 1443 5589 1545 5645; x_wconf 88' lang='lat' dir='ltr'>desiuit</span> <span class='ocrx_word' id='word_1_748' title='bbox 1558 5591 1611 5646; x_wconf 89' lang='lat' dir='ltr'>hoc</span> <span class='ocrx_word' id='word_1_749' title='bbox 1624 5591 1793 5662; x_wconf 85' lang='lat' dir='ltr'>opuseulum</span> <span class='ocrx_word' id='word_1_750' title='bbox 1807 5607 1813 5644; x_wconf 93' lang='lat'>:</span> 
     </span>
     <span class='ocr_line' id='line_1_114' title="bbox 993 5662 1814 5736; baseline -0.007 -15"><span class='ocrx_word' id='word_1_751' title='bbox 993 5666 1051 5721; x_wconf 81' lang='lat' dir='ltr'>Aut</span> <span class='ocrx_word' id='word_1_752' title='bbox 1064 5666 1229 5736; x_wconf 71' lang='lat' dir='ltr'>deficientem</span> <span class='ocrx_word' id='word_1_753' title='bbox 1242 5668 1394 5720; x_wconf 81' lang='lat' dir='ltr'>contemnat</span> <span class='ocrx_word' id='word_1_754' title='bbox 1404 5662 1548 5726; x_wconf 81' lang='lat' dir='ltr'>inuidiam,</span> <span class='ocrx_word' id='word_1_755' title='bbox 1563 5667 1596 5718; x_wconf 91' lang='lat' dir='ltr'>ut</span> <span class='ocrx_word' id='word_1_756' title='bbox 1609 5663 1738 5719; x_wconf 86' lang='lat' dir='ltr'>observat</span> <span class='ocrx_word' id='word_1_757' title='bbox 1750 5662 1814 5717; x_wconf 86' lang='lat' dir='ltr'>lau-</span> 
     </span>
     <span class='ocr_line' id='line_1_115' title="bbox 993 5734 1395 5795; baseline -0.01 0"><span class='ocrx_word' id='word_1_758' title='bbox 993 5736 1075 5795; x_wconf 86' lang='lat' dir='ltr'>datus</span> <span class='ocrx_word' id='word_1_759' title='bbox 1088 5736 1180 5795; x_wconf 90' lang='lat' dir='ltr'>editor</span> <span class='ocrx_word' id='word_1_760' title='bbox 1193 5734 1395 5793; x_wconf 87' lang='lat' dir='ltr'>Bucheriauns.</span> 
     </span>
    </p>
   </div>
   <div class='ocr_carea' id='block_1_19' title="bbox 0 0 1946 6148">
    <p class='ocr_par' dir='ltr' id='par_1_22' title="bbox 0 0 1946 6148">
     <span class='ocr_line' id='line_1_116' title="bbox 0 0 1946 6148; baseline 0 0"><span class='ocrx_word' id='word_1_761' title='bbox 0 0 1946 6148; x_wconf 95' lang='lat' dir='ltr'> </span> 
     </span>
    </p>
   </div>
  </div>
 </body>
</html>
