3884 6150
790 516 872 564 tarto
895 516 1004 564 DOMINI
1018 517 1148 566 DLXXVl.

295 705 856 912 SANCTUS
948 708 1644 920 abaciacus

579 1049 959 1158 PAlllSlllNSlS
1000 1053 1356 1161 EPISCOPUS.

854 1439 1078 1514 ΝΟΤΙΤΙΑ

790 1573 843 1645 (Ea
861 1574 951 1631 (taillia
970 1577 1145 1650 christiano).

162 1792 189 1847 lu
203 1808 280 1865 pago
294 1792 437 1863 AEduensi,
447 1793 507 1849 rico
519 1792 629 1864 Lausia,
642 1794 804 1850 Eleutherio
817 1798 845 1851 et
859 1796 942 1852 Euse-
952 1808 982 1881 Α
992 1799 1058 1854 Dee.
1069 1803 1134 1868 5583
1147 1817 1203 1873 qua
1214 1799 1260 1856 die
1271 1800 1422 1857 defunctus
1432 1798 1630 1857 childebertus
1644 1799 1729 1872 paulo
1743 1800 1809 1872 post

131 1883 169 1940 bia
180 1886 349 1957 parentibus
363 1890 446 1942 natus
459 1887 623 1955 Germanus,
638 1887 782 1956 diaconus,
802 1889 940 1944 triennio-

130 1995 177 2049 que
192 1982 258 2051 post
274 1979 454 2051 presbytera
468 1983 564 2035 sancto
584 1981 741 2053 Agrippino
759 1982 941 2052 Augustodu-

128 2073 201 2126 uensi
216 2073 353 2144 episcopo
367 2073 524 2143 ordinatus,
536 2074 677 2146 abbasque
691 2075 787 2130 Sancti
802 2075 941 2146 Sympho-

127 2165 193 2219 riaui
204 2183 222 2219 a
232 2166 363 2220 Nectario
376 2166 535 2238 praefectus,
550 2183 616 2222 cuin
635 2185 668 2223 co
690 2169 808 2224 coneilio
824 2185 839 2221 v
851 2172 941 2223 Aure·

124 2256 251 2323 tianensi,
265 2275 342 2313 anuo
356 2259 419 2326 sto,
441 2259 580 2315 interfuit.
602 2262 672 2316 Cum
687 2266 783 2316 autem
798 2261 943 2316 sanctitate

124 2352 194 2420 sitae,
209 2352 339 2406 moribus
350 2357 378 2406 et
385 2352 588 2407 miraculorum
601 2354 704 2409 virtute
718 2355 845 2424 clareret,
860 2371 942 2410 voca·

123 2448 169 2499 tur
180 2445 216 2500 ad
226 2445 357 2517 regimen
369 2445 534 2501 Par-islensis
548 2447 686 2516 Ecclesiae,
696 2452 809 2503 mortuo
824 2449 943 2504 Eusebio

123 2554 171 2592 an.
186 2542 236 2593 555
250 2538 322 2608 (Aet.
336 2544 422 2593 sanct.
436 2539 548 2602 Benert,
564 2545 583 2594 t.
599 2542 622 2603 Ι,
635 2557 667 2611 p.
680 2541 742 2612 234)
763 2545 795 2595 ut
809 2541 888 2596 testis
901 2547 944 2596 est

122 2631 293 2685 fortunatus
305 2636 412 2702 auctor,
423 2648 539 2687 suorum
549 2637 711 2705 temporum
724 2634 871 2705 episcopus
881 2635 941 2688 Pic-

122 2725 254 2780 laviensis
266 2725 317 2798 qui
330 2742 375 2780 res
387 2725 421 2780 ab
434 2742 467 2780 eo
481 2727 614 2798 praeclare
636 2732 727 2799 gestas
744 2727 816 2781 libro
834 2727 869 2782 de
887 2727 950 2781 vitu-

124 2818 183 2888 cjus
207 2818 313 2890 scripto
339 2819 464 2889 tradidit,
491 2819 687 2892 consentitque
713 2820 886 2874 Gisscmarus
912 2820 942 2874 iu

992 1892 1061 1947 inibi
1078 1894 1223 1965 sepelitur.
1236 1895 1387 1950 Successor
1403 1894 1463 1966 ejus
1478 1892 1617 1950 clotarius
1632 1894 1807 1948 Francorum

992 2002 1129 2041 coronam
1139 1987 1192 2041 ade
1195 1989 1269 2059 ptus,
1280 1988 1402 2043 Parisios
1410 1987 1497 2054 venit,
1507 1986 1555 2041 ubi
1564 1987 1600 2041 ob
1608 1988 1806 2057 contemptum

992 2078 1108 2132 beatum
1120 2080 1296 2135 Germanum
1307 2080 1335 2135 in
1347 2097 1465 2152 gravem
1475 2079 1608 2134 morbum
1620 2078 1758 2145 incidens,
1770 2079 1806 2132 ab

993 2171 1096 2226 eodeni
1106 2176 1203 2228 sancto
1214 2177 1340 2240 sanatur,
1351 2173 1492 2228 scribente
1502 2173 1657 2227 fortunato.
1666 2171 1806 2226 Eumdem

994 2265 1117 2335 acceptis
1127 2265 1234 2336 reginae
1246 2265 1431 2337 lladegundis
1441 2264 1696 2320 sacramentalibus
1707 2264 1807 2318 litteris

993 2357 1168 2428 apropesito
1183 2360 1277 2413 ureris
1294 2358 1465 2429 recipiendae
1482 2357 1609 2412 deterret
1618 2360 1732 2411 sanetus
1743 2357 1807 2412 Ger·

992 2466 1096 2504 manus
1107 2467 1174 2505 ann.
1188 2455 1253 2518 559,
1264 2454 1324 2506 turn
1334 2451 1462 2505 Pictaros
1472 2450 1617 2522 prefectus
1628 2452 1659 2504 ut
1668 2449 1704 2504 ab
1713 2465 1806 2521 capro

993 2559 1061 2614 rege
1071 2543 1184 2598 veniam
1194 2543 1407 2615 deprecaretur,
1416 2545 1662 2615 Agnctemcoram
1669 2541 1731 2596 aliis
1737 2541 1808 2612 epis·

993 2635 1071 2706 copis
1086 2636 1115 2689 in
1131 2636 1306 2690 monasterio
1322 2639 1426 2689 sancte
1438 2635 1622 2706 Radegundis
1633 2634 1806 2689 abbatissam

993 2728 1271 2799 eonsee1·arit,qued
1291 2729 1320 2782 in
1341 2729 1462 2799 epistola
1482 2728 1518 2782 ad
1532 2727 1681 2798 episcopos
1695 2727 1805 2781 concilii

992 2821 1164 2875 Turonensis
1188 2822 1249 2892 ipsa
1271 2824 1415 2876 memorat
1439 2820 1633 2892 Radegundis
1660 2819 1807 2874 Ordinavit

125 2911 181 2965 l'ita
191 2912 283 2966 sancti
297 2911 468 2966 liroctrovci.
993 2930 1070 2968 errare
1084 2913 1197 2968 circiter
1210 2917 1261 2968 550
1274 2912 1426 2985 Syagrium
1438 2912 1613 2967 Alduenscm
1629 2911 1805 2985 episcopum.

156 3005 233 3059 Nihil
263 3021 352 3058 novus
377 3005 525 3077 dignitatis
545 3007 640 3078 gradis
659 3005 778 3061 imitavit
797 3005 826 3060 iu
854 3006 941 3074 cultu,
993 3009 1070 3061 lnter
1085 3007 1140 3061 alia
1155 3007 1313 3078 privilegia,
1330 3006 1544 3061 immunitatem
1558 3007 1593 3060 ab
1609 3005 1742 3077 episcopo
1753 3007 1805 3060 Pa·

122 3099 207 3165 rictu,
238 3097 345 3170 vigiliis
362 3102 390 3152 et
412 3099 561 3170 asperitate
583 3099 757 3171 poenitentiae
775 3099 943 3154 sanctissimi
992 3098 1808 3171 risiensietquovisaliomonacbisSanetiVincentiilar-

121 3191 184 3247 aa.
199 3191 332 3247 luterfuit
344 3208 418 3246 auno
431 3195 481 3247 557
496 3193 646 3248 Parisieusi
659 3211 688 3247 nr
702 3193 833 3260 coneilio,
848 3174 981 3248 hahitoss
994 3194 1068 3264 gitus
1079 3195 1108 3247 ct
1119 3211 1157 3247 ιιιι
1169 3194 1230 3248 lial.
1244 3192 1421 3264 Septembris
1432 3209 1509 3247 anno
1521 3196 1536 3248 5
1547 3191 1707 3249 chariberti
1719 3190 1805 3263 regie,

122 3285 156 3339 ad
168 3285 349 3340 resarcienda
362 3285 464 3340 damna
477 3287 572 3341 omnia
586 3287 713 3342 Ecclesiae
730 3304 764 3342 ex
777 3286 858 3342 bellis
873 3285 941 3341 civi·
992 3287 1095 3342 Christi
1118 3290 1168 3341 565
1189 3288 1282 3359 (fciet,
1304 3304 1331 3358 p.
1353 3285 1408 3356 89).
1425 3286 1522 3340 Astitit
1542 3303 1589 3341 an.
1613 3289 1663 3340 aaa
1685 3301 1720 3340 xv
1743 3285 1804 3339 lial.

122 3377 194 3432 libus
216 3378 306 3433 illata.
340 3379 434 3434 Astitit
460 3396 536 3434 auno
563 3383 614 3435 558
648 3380 826 3435 translationi
854 3380 942 3434 sancti
992 3379 1425 3435 Decemb.coneilioTuronensi
1441 3377 1807 3450 u,ubidccreturuopisco·

122 3472 214 3526 l'rsini
236 3472 416 3528 bituricensis
439 3473 573 3544 episcopi,
595 3473 668 3528 sicut
687 3478 715 3528 et
733 3472 827 3529 Sancti
849 3472 943 3527 Albini
992 3490 1095 3544 porum
1110 3472 1145 3527 de
1160 3476 1291 3544 suscepta
1306 3472 1398 3527 beata
1413 3471 1599 3542 Radegundis
1609 3470 1731 3541 epistola
1740 3489 1807 3527 eon·

124 3565 344 3637 andegavensis,
355 3565 436 3636 cujus
446 3571 559 3637 ternpus
573 3583 630 3621 nou
639 3567 800 3622 adnotatur.
814 3567 902 3636 Hujus
912 3566 942 3620 iu
992 3566 1128 3637 scriptum
1142 3570 1185 3620 est
1198 3566 1285 3636 (Cone.
1303 3567 1391 3619 llard.
1405 3569 1467 3618 tom.
1481 3565 1533 3625 ΙΙΙ,
1548 3564 1602 3618 cel.
1617 3564 1688 3633 367).
1703 3564 1806 3618 Conse-

124 3657 261 3712 honorem
275 3658 422 3713 ecclesiam
434 3658 578 3714 voluntate
592 3664 620 3714 et
631 3660 753 3730 imperio
771 3657 943 3712 childeberti
992 3659 1080 3714 crevit
1090 3675 1166 3713 auno
1180 3662 1230 3713 568
1242 3658 1362 3712 Felicem
1375 3658 1532 3729 biturigum
1541 3657 1716 3728 episcopum.
1726 3656 1806 3712 circa

126 3751 197 3821 regis
209 3756 278 3805 ante
291 3755 402 3823 portam
416 3752 626 3824 audegavensis
639 3752 716 3807 urbis
729 3752 861 3807 fundasse
880 3768 940 3806 me·
992 3752 1070 3808 idem
1091 3757 1213 3824 tempus,
1236 3754 1279 3806 est
1298 3751 1482 3822 charibertus
1502 3767 1551 3804 rex
1573 3750 1673 3805 incesti
1686 3749 1805 3806 crimine

125 3848 250 3896 moratur
263 3843 294 3896 in
307 3843 405 3898 charla
419 3844 535 3917 Nesiugi
548 3845 680 3917 episcopi,
697 3846 726 3899 in
744 3845 818 3900 notis
840 3844 942 3899 tlaluzii
992 3845 1189 3911 insimulatus;
1203 3844 1308 3916 quippe
1322 3844 1370 3915 qui
1381 3843 1531 3915 repudiata
1541 3842 1670 3913 legitima
1683 3843 1805 3913 conjuge

126 3936 157 3990 ad
177 3936 326 3991 Servatum
345 3937 465 4008 Lupum,
486 3954 552 4009 pag.
576 3941 637 3994 378.
666 3940 808 4003 Quantum
830 3938 882 3992 sub
910 3954 942 3992 co
992 3937 1405 4011 lngeberta,llcr0tlede1nac
1425 3936 1806 4008 postcallareoferamejus

126 4028 242 4096 praesule
253 4028 451 4084 childebertus
465 4046 514 4084 rex
529 4030 632 4101 pietate
652 4030 796 4097 enituerit,
819 4031 942 4086 ostendit
992 4049 1121 4087 sororem
1131 4031 1266 4103 religiosa
1276 4033 1352 4084 reste
1365 4029 1505 4096 indutam,
1516 4029 1650 4100 conjugio
1660 4030 1712 4083 sibi
1723 4022 1806 4100 copu-

129 4120 275 4191 imprimis,
290 4123 367 4193 quod
380 4123 508 4177 Ecclesia
521 4123 680 4190 Parisiensi,
696 4123 813 4178 sanitato
829 4127 942 4194 recepta
992 4128 1109 4180 laverat.
1126 4126 1196 4180 curn
1212 4124 1302 4178 nollet
1316 4135 1380 4177 carri
1399 4123 1553 4189 dimittere,
1568 4122 1604 4176 ab
1619 4123 1722 4177 eodem
1736 4122 1805 4176 Ger·

129 4213 253 4282 precibus
277 4215 368 4269 saneti
388 4216 532 4286 Prasulis,
552 4216 649 4286 cellas,
670 4217 779 4288 regiam
798 4217 890 4272 villam
911 4216 942 4270 in
992 4214 1805 4286 manosacrisinterdictuscst2quodrecitantGregorius

130 4322 177 4374 qua
185 4308 374 4376 convaluerat,
388 4309 544 4380 cellamque
556 4309 583 4363 in
594 4310 735 4380 provincia
748 4326 813 4364 carn
828 4309 942 4364 basilica
993 4313 1040 4366 lib.
1054 4330 1090 4379 rr,
1101 4329 1162 4382 (trip.
1175 4314 1219 4377 26,
1231 4313 1260 4364 ct
1269 4312 1354 4365 Gesta
1363 4312 1491 4362 veterum
1503 4309 1677 4362 Francorum
1688 4323 1749 4376 cap.
1760 4309 1803 4369 30,

132 4398 217 4453 Sancti
241 4401 362 4455 Romani
383 4402 529 4458 donaverit
550 4419 624 4456 anno
646 4403 727 4473 regni
740 4405 783 4470 47,
798 4403 826 4456 in
845 4418 942 4456 mense
992 4405 1040 4459 ubi
1057 4408 1085 4459 ct
1098 4405 1203 4475 legitur
1216 4421 1232 4457 a
1246 4419 1315 4474 rege
1328 4401 1496 4457 Chariberto
1508 4399 1698 4454 Encelisrnarn
1712 4399 1806 4452 civita-

135 4490 256 4547 tauuario
281 4494 361 4562 (llist.
384 4496 484 4550 Eccles.
503 4496 604 4558 Paris,
624 4500 644 4548 t.
670 4497 693 4557 l,
711 4511 778 4564 pap.
805 4495 859 4566 82).
886 4494 941 4548 Sed
992 4501 1051 4552 tem
1076 4497 1193 4551 missum
1217 4496 1392 4550 Germanum
1409 4509 1474 4546 cum
1492 4491 1630 4563 Gregorio
1647 4492 1805 4546 Tureneusi

136 4585 281 4650 prasertim
296 4589 395 4642 notatu
409 4587 495 4659 digna
509 4588 584 4659 regis
598 4588 684 4658 hujus
698 4587 825 4643 eflusain
836 4543 978 4659 paupe·C
991 4606 1173 4646 consecrasse
1193 4587 1339 4641 basilicam
1362 4585 1453 4639 sancti
1473 4584 1604 4656 Eparcbii
1623 4584 1716 4655 (labb.
1736 4586 1803 4639 Nor.

139 4676 341 4749 resliheralilas,
355 4680 395 4734 ita
408 4686 440 4735 ut
452 4697 568 4736 auream
588 4686 616 4735 et
634 4686 798 4752 argenteam
816 4681 939 4751 supelle-
991 4683 1123 4736 ltilrliotlr.
1139 4687 1157 4736 t.
1173 4682 1194 4741 Ι,
1207 4697 1236 4750 p.
1254 4679 1323 4750 isal,
1342 4678 1389 4750 qui
1412 4678 1482 4732 inihi
1497 4695 1589 4749 nuper
1603 4679 1728 4748 sepultus
1743 4678 1803 4731 fue-

140 4768 221 4825 clileur
233 4771 268 4826 ad
281 4789 328 4827 eos
341 4773 507 4829 nutriendos
521 4779 549 4829 et
558 4774 692 4829 fovendos
705 4774 897 4846 confringeret
909 4790 940 4827 ae
991 4779 1045 4830 rat.
1056 4777 1093 4829 At
1108 4790 1236 4828 errorem
1250 4773 1278 4827 in
1294 4771 1458 4827 nominibus
1472 4771 1692 4842 deprehendunt
1705 4771 1806 4825 doctis-

140 4863 269 4935 ronllaret,
282 4867 398 4921 consilio
420 4872 447 4921 et
468 4867 603 4938 exemplis
624 4868 755 4922 Germani
771 4872 939 4938 permotus:
992 4868 1056 4922 simi
1071 4866 1250 4922 Bollandistar.
1264 4882 1297 4918 er
1312 4864 1449 4934 temporis
1464 4863 1594 4918 ratione:
1611 4880 1678 4917 nam
1692 4865 1805 4917 sanctus

140 4955 203 5010 tude
221 4957 292 5013 forte
309 4965 376 5015 nata
392 4960 488 5031 opinio
512 4967 640 5015 sanctum
661 4962 834 5016 Germanum
855 4961 941 5015 fuisse
991 4964 1151 5015 Germanus
1168 4976 1249 5030 aeque
1273 4976 1305 5012 ac
1324 4957 1508 5012 charibertus
1524 4974 1572 5010 rex
1588 4959 1654 5010 ante
1675 4959 1805 5010 sanctum

139 5049 189 5120 regi
200 5051 234 5104 ab
246 5051 431 5124 elecmosynis
445 5053 581 5125 primum,
592 5060 630 5122 et,
645 5059 677 5109 ut
690 5054 773 5109 modo
786 5052 939 5126 loquimur,
991 5054 1163 5126 Eparebium
1179 5070 1195 5107 e
1208 5051 1277 5107 visis
1290 5067 1445 5118 excessere,
1458 5053 1488 5103 ut
1504 5052 1606 5104 notant
1621 5053 1699 5103 terna
1711 5051 1719 5102 l
1729 5048 1804 5116 tulii,

141 5157 262 5213 magnum
276 5146 540 5218 eleemosynarium.
551 5149 769 5219 caesaraugustae
781 5147 860 5202 urbis
873 5164 942 5218 opu-
992 5165 1057 5220 pag.
1069 5150 1126 5201 toa
1135 5145 1445 5200 linitetusellomnolo
1454 5143 1663 5197 Cenomanensi
1672 5143 1805 5214 episcopo

139 5232 323 5294 lentissimaeiu
333 5240 465 5311 llispania
474 5241 510 5296 ad
521 5242 594 5312 ripas
603 5242 674 5296 lberi
684 5241 829 5296 obsidione
839 5241 939 5311 soluta,
992 5240 1028 5296 ad
1045 5236 1440 5315 dedicationemmonastcrii
1459 5235 1555 5291 Sancti
1572 5235 1711 5289 Vincentii
1725 5236 1807 5305 juxta

139 5333 160 5380 et
174 5330 235 5386 iude
255 5332 339 5387 allata
360 5333 499 5388 Vincentii
524 5334 637 5390 diaconi
658 5338 686 5390 et
707 5335 838 5405 martyris
860 5335 939 5402 stola,
992 5335 1093 5388 urbem
1108 5335 1341 5389 cenomanorum
1361 5330 1455 5384 eidem
1470 5329 1558 5384 astitit
1571 5346 1647 5384 anno
1664 5333 1724 5396 att,
1743 5330 1804 5383 lfal.

138 5435 256 5478 resersus
283 5405 427 5480 Lutetiam
455 5426 654 5482 childebertus
686 5427 828 5481 adificare
857 5427 942 5498 clepit
992 5423 1601 5492 Novemb,utconstatexlittcrisltomnoli
1613 5422 1703 5494 pridie
1715 5440 1806 5477 nonas

139 5515 255 5589 ,ΙΙΙεΙ.,ρ.
265 5517 310 5587 87)
319 5518 410 5573 sancti
420 5518 556 5574 Germani
567 5518 708 5590 pontificis
717 5520 940 5586 lrertatu,sancti
990 5520 1104 5575 blartias
1114 5519 1188 5574 datis
1198 5518 1226 5573 in
1238 5519 1312 5572 banc
1321 5534 1394 5584 rem,
1407 5516 1509 5590 quihus
1518 5515 1807 5588 subscripsit'cerma-

138 5607 402 5680 l'incentiiuomine,
413 5611 551 5666 illustrem
561 5612 718 5679 basilicam,
727 5613 757 5666 in
768 5629 824 5684 qua
835 5612 940 5667 dictam
992 5632 1054 5669 nus.
1070 5613 1203 5668 lnterfuit
1219 5629 1295 5668 anno
1314 5614 1364 5667 573
1380 5611 1501 5667 concilio
1513 5610 1664 5666 Parisiensi
1676 5623 1704 5660 rr
1715 5606 1805 5676 (Coae.

136 5704 229 5757 stolam
245 5703 388 5775 deposuit.
405 5704 481 5759 llanc
501 5708 597 5759 autem
611 5706 771 5759 absolutam
785 5705 897 5773 dicarit,
913 5709 941 5759 ct
992 5708 1079 5762 Hard.
1095 5712 1157 5762 tom.
1169 5709 1221 5770 ΙΙΙ,
1233 5707 1286 5760 col.
1299 5704 1371 5777 tot),
1386 5706 1434 5760 ubi
1453 5704 1646 5758 intercalare
1661 5698 1808 5766 depositus

136 5795 257 5865 pluribus
278 5796 482 5853 donationibus
504 5797 579 5852 auxit
601 5799 715 5854 sanetus
735 5798 893 5854 Germanus
908 5802 940 5854 23
993 5804 1035 5855 est
1046 5799 1262 5873 P1·omotus,qui
1273 5797 1434 5870 episcopale
1446 5796 1571 5851 officium
1582 5788 1810 5850 indioeccsicar·
