3884 6150
124 264 180 332 aas
754 271 785 327 n·
806 271 878 327 car.
901 264 930 325 n
951 256 995 325 ao
1015 267 1185 328 aenesius.
1762 266 1811 328 aet

126 388 215 437 rant:
236 381 317 436 Pater
337 377 436 452 major,
460 377 543 435 Filius
558 379 660 448 minor,
685 380 804 450 Spiritus
833 384 945 434 sanctus
957 392 986 463 Α
996 384 1045 441 tui,
1061 382 1171 436 Patrem
1187 381 1287 452 utique
1301 380 1435 435 insinuat.
1451 381 1484 435 Et
1498 382 1564 434 nota
1574 379 1648 451 quod
1663 376 1729 433 dicit
1743 381 1814 434 Pau-

124 476 277 548 perminor
287 476 368 530 Patre
381 479 409 530 et
422 473 498 529 Filio.
508 475 596 539 Quem
607 473 684 528 enim
695 473 740 527 ille
754 475 945 544 perminorem
995 477 1058 530 lus:
1074 477 1126 542 Qui
1142 479 1272 546 estsuper
1284 478 1375 529 omnia
1388 477 1458 529 Deus
1484 475 1636 528 bertedictus
1650 477 1679 528 in
1692 476 1790 529 seculo
1802 493 1811 540 3

125 569 250 639 dicebat,
266 567 414 641 Apostolus
439 568 564 640 primum
584 567 679 639 posuit
700 584 765 621 cum
784 567 860 634 dicit,
877 582 946 621 unus
994 585 1051 623 non
1065 569 1114 639 qui
1128 573 1194 623 sunt
1208 568 1256 637 dii,
1270 569 1318 622 sed
1340 569 1389 639 qui
1407 572 1450 622 est
1463 569 1544 622 Deus.
1560 567 1716 622 Prudenter
1728 584 1811 622 nam-

125 663 260 734 Spiritus.
273 663 453 734 Rursumque
466 677 550 733 quem
565 661 613 716 ille
621 661 762 716 minorem
775 661 884 716 dicebat
898 662 945 715 Pa·
995 679 1051 734 que
1064 662 1229 717 Trinitatem
1244 662 1381 729 distinxit,
1396 661 1444 716 sed
1458 661 1577 715 fideliter
1593 661 1683 715 univit
1696 677 1761 714 cum
1774 660 1813 714 di-

125 758 175 826 tri,
192 757 358 812 insecundo
383 756 443 810 loco
464 756 559 827 posuit
581 771 645 809 cum
658 755 739 823 dixit,
754 770 823 810 unus
838 759 905 810 Deus
920 759 945 808 et
994 756 1052 811 xit:
1068 759 1117 826 qni
1127 772 1207 826 super
1218 772 1317 818 omnes,
1329 755 1356 809 id
1370 761 1420 822 est,
1435 757 1507 810 Deus
1520 755 1601 808 Pater
1613 772 1620 821 ;
1632 759 1657 808 et
1668 770 1748 824 super
1760 770 1814 808 om·

125 854 212 906 Peter
225 853 354 913 omnium,
366 852 415 920 poi
425 855 463 905 est
477 865 558 920 super
570 864 657 913 omnes
670 854 695 903 et
704 864 754 919 per
769 850 869 902 omnio.
884 848 944 902 Non
993 853 1051 916 niu,
1062 850 1134 903 Deus
1143 851 1239 905 Titius.
1255 854 1286 905 ln
1298 853 1358 920 ipso
1369 852 1449 911 enim,
1463 849 1503 902 ait
1513 848 1670 919 Apostolus,
1685 850 1810 909 uiuimus,

125 946 221 999 solum
234 947 330 998 autem
344 944 457 1012 Paulus,
472 959 572 998 verum
585 943 670 998 etiarn
683 947 711 997 et
723 947 835 996 sanctus
848 941 943 1010 David,
993 958 1138 1006 movemur,
1155 949 1181 998 et
1192 958 1293 998 sumus.
1307 945 1343 998 Et
1356 946 1386 998 in
1398 944 1528 1004 omnibus,
1550 940 1671 1011 Spiritus
1686 943 1809 1007 sanctus,

126 1043 155 1092 et
170 1037 308 1109 Spiritum
322 1041 452 1092 sanctum
465 1036 657 1109 prmmuniens
671 1036 758 1106 [God.,
772 1033 941 1107 praevidens]
994 1036 1043 1108 qui
1053 1037 1157 1090 vadens
1172 1036 1366 1109 circuiensque
1380 1037 1468 1108 replet
1480 1035 1564 1090 corda
1578 1034 1714 1101 fidelium,
1727 1034 1812 1104 juxta

125 1132 274 1204 fidemque
301 1136 404 1187 sanctae
417 1130 560 1186 Trinitatis
574 1136 602 1186 et
611 1131 751 1186 honorem
764 1129 798 1184 ah
811 1129 944 1185 haeretica
993 1131 1071 1202 qrrod
1088 1130 1224 1201 scriptum
1239 1135 1297 1185 est:
1312 1133 1393 1188 Scitis
1407 1132 1473 1200 qriio
1488 1130 1614 1197 templum
1623 1130 1672 1183 Dei
1681 1130 1742 1183 estis
1755 1143 1810 1194 uos,

124 1227 277 1299 pravitate,
295 1226 336 1280 ita
349 1225 498 1296 distinguit
513 1242 519 1279 :
535 1227 585 1283 Cor
609 1226 739 1281 mundum
764 1240 826 1279 creo
840 1226 869 1278 in
892 1239 943 1287 me,
994 1228 1020 1278 et
1033 1226 1151 1295 Spiritus
1164 1228 1272 1279 sanctus
1286 1224 1392 1279 habitat
1407 1227 1436 1277 in
1449 1223 1533 1289 cobis
1548 1225 1596 1291 qui
1609 1226 1646 1276 cst
1662 1221 1812 1275 benedictus

124 1324 208 1383 Deus,
223 1325 249 1375 et
258 1323 385 1391 spiritum
399 1324 499 1375 rectum
514 1322 612 1375 innovo
623 1323 652 1374 in
666 1317 945 1374 uisceribusmeisDi-
993 1320 1023 1371 in
1034 1319 1148 1378 seculo:
1167 1318 1197 1371 in
1222 1317 1299 1372 omni
1323 1322 1460 1382 creatura,
1476 1317 1504 1371 in
1523 1316 1625 1388 quibus
1638 1314 1770 1370 laudatur
1784 1320 1812 1370 et

127 1430 195 1468 cens
207 1415 334 1484 spiritum
348 1419 459 1475 rectum,
475 1413 597 1467 ostendit
610 1413 746 1484 Spiritum
762 1416 900 1466 sanctum.
912 1401 945 1464 Et
992 1409 1169 1465 benedicitur
1182 1411 1264 1478 Deus,
1274 1410 1638 1480 sicutscribiturinhymno
1647 1409 1734 1463 trium
1744 1425 1812 1479 pue-

127 1524 195 1561 cum
209 1507 374 1577 subjungit:
390 1510 429 1562 Ne
442 1508 574 1576 projicias
588 1523 629 1560 me
640 1523 658 1560 o
668 1508 739 1574 socie
754 1511 812 1567 tuo,
827 1505 862 1559 de
874 1504 943 1558 Filio
992 1520 1090 1558 rorum
1106 1522 1113 1557 ε
1128 1505 1288 1566 Benedicite,
1310 1507 1400 1558 omnio
1412 1519 1493 1574 opero
1508 1505 1623 1565 Domini,
1647 1505 1787 1556 Dominum
1802 1521 1809 1567 ;

127 1600 207 1655 dicit.
222 1600 292 1655 Cum
302 1616 367 1654 vero
378 1599 482 1654 infert:
499 1600 588 1656 Redde
602 1601 670 1654 mili
679 1601 802 1653 letitiam
814 1598 944 1654 soluturis
995 1599 1108 1652 laudate
1123 1602 1149 1651 et
1163 1598 1364 1668 supcreeoitote
1374 1614 1433 1652 eum
1447 1600 1476 1651 in
1489 1598 1596 1652 saeculo.

936 1804 1008 1928 X.

127 1974 237 2041 Lectio
251 1973 404 2058 Epistola
422 1977 509 2042 boati
526 1975 617 2043 Pauli
631 1979 769 2061 apostoli
784 1978 825 2042 ad
842 1975 1001 2121 Ephelsios
1023 1979 1076 2120 (pv,
1093 1979 1144 2059 23)
1163 1998 1169 2040 :
1187 1977 1329 2052 Fratres,
1342 1975 1549 2041 renovemini
1561 1977 1680 2058 spiritu
1694 1978 1811 2040 mentis

870 2078 924 2121 ees
939 2077 996 2135 ra,
1012 2077 1030 2121 e
1046 2078 1073 2121 c.

770 2168 945 2225 EXPOSlTIO
965 2169 1174 2225 LUCULENTll.

165 2255 447 2328 Renovaripraecepit
459 2258 605 2329 Apostolus
614 2258 713 2329 spiritu
722 2259 825 2314 mentis
834 2262 943 2328 restria,
954 2271 983 2344 Β
994 2259 1078 2323 Quasi
1096 2262 1205 2314 creatus
1218 2259 1329 2329 dicitur,
1351 2257 1493 2330 quomodo
1515 2257 1648 2311 mundus.
1667 2257 1719 2320 Qui
1733 2257 1808 2311 enim

127 2348 163 2402 de
174 2365 230 2419 quo
244 2349 312 2402 alibi
328 2366 335 2403 :
351 2352 380 2407 Si
392 2354 508 2406 anterior
521 2353 597 2406 homo
611 2356 701 2407 noster
715 2356 907 2422 corrumpitur,
922 2355 945 2407 is
994 2359 1059 2408 ante
1072 2353 1175 2407 secula
1187 2353 1260 2407 Deus
1271 2369 1404 2406 unacum
1416 2354 1499 2407 Patre
1513 2350 1631 2417 exstitit,
1643 2350 1714 2404 sicut
1723 2350 1811 2404 habes

127 2445 178 2511 qui
191 2444 263 2496 intus
286 2447 323 2497 est
348 2449 500 2499 renouetur.
527 2446 561 2499 Et
576 2449 649 2500 recte
667 2445 756 2499 dicit:
772 2446 945 2501 Rasovisnsr
994 2446 1024 2500 in
1040 2446 1202 2517 Sapientia:
1222 2449 1348 2501 Dominus
1367 2446 1487 2516 possedit
1499 2461 1540 2499 me
1558 2447 1588 2498 in
1611 2445 1689 2498 initio
1703 2446 1809 2498 uriarum

128 2549 236 2590 srrnrrc'
251 2552 346 2591 unxns
361 2552 468 2593 unsrun
477 2556 484 2606 ;
502 2538 568 2609 qnia
582 2538 676 2593 necin
690 2555 772 2593 sensu
786 2539 846 2594 sine
861 2539 942 2610 spiri·
993 2556 1103 2594 suorum
1119 2560 1127 2605 ;
1143 2540 1172 2594 in
1184 2539 1242 2595 tine
1255 2540 1423 2594 saeculorum
1439 2555 1539 2604 novus,
1554 2554 1642 2591 novus
1665 2537 1750 2592 homo
1765 2554 1809 2591 se-

128 2632 171 2694 tu,
184 2645 235 2683 nec
248 2629 277 2683 in
291 2630 390 2700 spiritu
405 2632 464 2685 sinc
480 2648 564 2686 sensu
582 2648 761 2687 renovamur.
779 2633 855 2687 Sicut
868 2633 944 2686 enim
994 2634 1120 2688 cundum
1142 2634 1230 2688 Deum
1244 2639 1353 2688 creatus
1369 2639 1418 2688 cst.
1443 2633 1495 2688 Sed
1511 2631 1686 2686 contrarium
1700 2631 1810 2685 videtur

127 2723 274 2794 psallimus
287 2724 398 2794 spiritu,
414 2726 567 2796 psallamus
585 2731 613 2790 et
627 2732 720 2781 mente
736 2742 742 2793 ;
759 2742 873 2780 oramus
885 2726 942 2797 spi·
994 2728 1058 2782 ltdei
1073 2731 1186 2797 nostre,
1201 2744 1286 2799 quam
1299 2727 1467 2782 confitemur
1479 2726 1602 2780 dicentes
1616 2741 1623 2778 :
1637 2726 1721 2780 Filius
1732 2741 1749 2778 o
1759 2726 1810 2778 Po-

129 2816 196 2887 ritu,
212 2822 239 2871 et
254 2824 346 2872 mente
361 2835 473 2874 oremus
488 2838 496 2888 ;
510 2821 548 2874 ita
558 2820 685 2874 renovari
701 2820 836 2875 debemus
847 2837 942 2890 sensu,
994 2827 1034 2876 tre
1046 2823 1101 2876 solo
1116 2827 1164 2884 est,
1178 2837 1231 2876 non
1252 2825 1354 2888 sortus,
1368 2836 1421 2875 non
1442 2823 1545 2874 creatus
1563 2819 1611 2873 sed
1625 2821 1739 2888 penitus.
1756 2818 1809 2872 Sed

128 2915 160 2965 ut
172 2926 238 2965 curn
259 2911 317 2981 ipse
331 2914 454 2967 mundus
478 2914 563 2968 luerit
577 2919 661 2985 atque
673 2918 823 2985 purgatus,
840 2914 941 2985 adjun-
993 2936 1114 2992 semper,
1130 2923 1163 2974 ut
1175 2936 1248 2992 saepe
1262 2919 1432 2987 dictumest,
1447 2917 1516 2972 duas
1529 2921 1645 2971 naturas
1655 2916 1684 2970 in
1697 2915 1747 2970 Dei
1762 2916 1805 2968 pi,

129 3010 213 3077 galur
225 3005 251 3059 tl
265 3011 292 3059 el
304 3012 454 3061 renovatus
464 3007 589 3078 Spiritus·
601 3008 682 3074 Quod
695 3008 744 3079 qui
761 3008 870 3072 fecerit.
882 3007 943 3079 jam
993 3018 1030 3073 lio
1045 3018 1204 3090 intelligere
1219 3017 1364 3086 debemus,
1388 3015 1513 3070 divinam
1527 3015 1633 3069 scilicet
1654 3019 1739 3085 atque
1752 3013 1808 3068 hu-

128 3114 187 3152 non
196 3098 316 3168 simplex
329 3099 388 3169 rjus
403 3100 517 3171 spiritus
530 3101 642 3164 dicitur,
658 3102 706 3156 sed
715 3101 831 3172 spiritus
844 3118 943 3156 sensns
993 3129 1108 3167 mamm
1124 3130 1132 3181 5
1153 3111 1330 3178 divinan1‚in
1349 3127 1405 3182 qua
1420 3109 1536 3181 {equalis
1548 3114 1589 3163 est
1604 3109 1689 3178 Patri,
1705 3107 1734 3162 in
1753 3123 1809 3179 qua

128 3191 231 3246 dicitur
245 3208 312 3247 esse.
330 3194 367 3247 Er
382 3210 489 3249 martra
504 3210 595 3250 sevon
609 3209 731 3250 aonrsan
746 3211 942 3258 oursacrrnru
993 3224 1044 3262 nec
1057 3206 1146 3261 factus
1160 3222 1212 3261 nec
1226 3210 1336 3260 creatus
1348 3210 1390 3259 est
1405 3222 1411 3270 ;
1427 3206 1582 3271 permenam,
1594 3206 1623 3258 in
1633 3219 1687 3273 qua
1699 3203 1733 3258 de
1744 3219 1804 3257 ma-

129 3279 206 3337 Dflffl
220 3295 338 3337 Clssffl's
355 3298 411 3337 EST·
428 3283 457 3336 ld
471 3283 564 3354 lDSUffl
578 3283 646 3338 mibi
661 3284 771 3339 Videtur
785 3301 845 3339 0⁸³⁰
868 3285 942 3356 (Ιυοά
993 3307 1034 3357 tre
1046 3306 1127 3356 nutus
1139 3305 1176 3355 cst
1190 3300 1286 3354 homo.
1302 3299 1435 3355 Ordinem
1448 3298 1564 3369 exponit
1577 3296 1719 3367 quomodo
1730 3313 1758 3351 tn
1768 3312 1810 3351 Ju-

127 3373 195 3429 dicit
208 3379 236 3429 et
261 3375 347 3429 alibi:
372 3377 523 3430 lmluimini
540 3393 585 3431 ros
601 3380 737 3435 Christum
754 3381 854 3447 iesum,
871 3396 942 3451 quo·
994 3411 1078 3450 snm
1095 3411 1126 3449 ET
1149 3408 1311 3449 ffifflmg
1324 3408 1355 3446 ET
1379 3407 1518 3445 cemma.
1544 3391 1623 3444 iesus
1639 3405 1710 3460 ergo
1724 3388 1809 3442 Filius

127 3469 206 3522 niam
221 3484 319 3522 omnes
332 3469 427 3523 fideles
442 3470 587 3525 Christum
600 3472 732 3539 induunt,
745 3477 772 3526 et
786 3473 889 3528 dicitur
904 3474 943 3527 eis
995 3489 1042 3542 pe}
1062 3488 1092 3540 in
1115 3486 1226 3562 justitia
1238 3489 1266 3540 et
1290 3486 1436 3539 sanctitate
1457 3488 1567 3537 creatus
1590 3487 1642 3551 est,
1657 3482 1723 3552 quia
1737 3483 1808 3536 Deus

126 3561 161 3616 ab
174 3562 307 3632 AP⁰Si010
321 3579 327 3615 ἲ
341 3565 645 3634 urrumnai-eumeni
658 3568 711 3623 Cili
712 3569 795 3620 istum
807 3567 941 3621 illdttsslss·
994 3582 1051 3635 veri
1066 3581 1114 3635 Dei
1127 3580 1212 3634 Filius
1226 3582 1275 3633 est.
1294 3580 1326 3632 Et
1341 3582 1406 3632 nota
1421 3593 1427 3630 :
1449 3576 1548 3647 religio
1561 3579 1646 3646 atque
1655 3575 1765 3646 justitia
1779 3575 1808 3629 in

127 3659 198 3713 Nam
208 3665 236 3713 et
249 3660 336 3713 sancti
350 3661 552 3717 indumentum
566 3663 676 3717 Domini
691 3663 834 3718 interdum
848 3664 944 3719 dicun·
954 3645 981 3719 C
993 3675 1041 3729 1110
1053 3692 1118 3729 cum
1131 3673 1246 3728 veritate
1256 3671 1394 3742 completa
1407 3673 1464 3738 0513
1489 3675 1516 3724 er
1529 3669 1591 3724 ideo
1604 3669 1676 3724 bene
1689 3669 1717 3723 jn
1728 3669 1810 3739 jussi.

127 3757 185 3821 tur,
197 3753 269 3808 sicut
281 3754 348 3809 alibi
364 3755 431 3809 dicit
447 3775 454 3810 ε
474 3758 539 3811 Viro
562 3772 618 3826 epo,
632 3757 701 3811 dicit
721 3760 858 3821 Dominus,
879 3760 944 3828 quio
994 3769 1042 3835 rja,
1057 3768 1123 3839 quia
1138 3766 1278 3821 maculam
1295 3764 1401 3836 peccati
1415 3779 1473 3817 non
1488 3763 1588 3817 habuit
1607 3780 1613 3829 ;
1625 3763 1729 3834 justus,
1743 3762 1810 3834 quia

126 3847 302 3904 omnihuslu's
315 3850 585 3905 relictornumentum
600 3853 716 3906 vestiris.
733 3850 826 3905 Sancti
849 3855 943 3906 autem
989 3861 1129 3933 justitiam
1156 3859 1248 3931 diligit
1263 3877 1269 3926 ;
1285 3862 1407 3924 sanctus,
1429 3858 1502 3911 sicut
1524 3857 1585 3928 ipse
1609 3857 1692 3911 dicit:
1716 3859 1809 3914 Sancti

127 3940 252 3996 induunt
271 3943 433 4009 liminum,
454 3944 672 4000 d1¹mre¹¹0lfls¹l
689 3945 822 4016 Spitlluffl
844 3945 945 3999 meniis
993 3961 1084 4020 estote,
1100 3956 1165 4026 quie
1187 3959 1212 4009 ct
1224 3969 1270 4024 epo
1284 3957 1392 4008 sanctus
1413 3967 1472 4007 urm
1486 3953 1613 4006 Dominus
1629 3955 1696 4006 Deus
1713 3957 1807 4007 uester.

128 4051 196 4089 ΒΜ·
205 4035 238 4090 El
247 4041 432 4090 teclessOt'Uffl
443 4037 590 4093 hominem
601 4039 667 4093 dicii
676 4039 828 4094 D0¹¹tlss¹¹¹11
837 4041 942 4109 Jesum,
994 4051 1148 4119 Etrurine,
1165 4065 1229 4104 cum
1241 4048 1323 4104 dicit:
1339 4051 1394 4118 Epo
1407 4063 1467 4103 sum
1476 4049 1532 4109 uia,
1545 4048 1645 4101 ueritus
1659 4050 1684 4100 et
1698 4048 1765 4100 uite.

129 4129 199 4199 quia
211 4144 300 4183 novus
313 4131 399 4184 honio
419 4132 494 4186 venit
511 4132 539 4186 in
555 4133 706 4200 mundum,
721 4150 793 4188 nora
806 4139 945 4205 precepta
1029 4147 1155 4201 pfloprm
1178 4160 1249 4207 orno
1276 4157 1447 4198 necessarus
1472 4155 1640 4202 assonetur,
1668 4153 1808 4201 rooersnrr

127 4222 207 4277 dedii
221 4224 338 4278 mundo.
354 4223 886 4300 NOVaelffllffifssiifflssfflPll⁰sDasius,
898 4244 945 4281 11²¹·
995 4254 1143 4294 raarrsrar
1157 4251 1345 4299 rsrsorrsora
1366 4251 1419 4289 cru
1436 4249 1558 4289 anenno
1577 4248 1639 4289 aro.
1658 4233 1810 4302 Propterea

127 4316 231 4384 stillas,
254 4317 436 4390 baptismum,
452 4320 587 4388 doctrina,
603 4321 704 4392 D³S³i⁰s
721 4338 808 4390 ¹¹¹0f5,
822 4337 945 4376 resurre-
995 4333 1061 4403 quia
1074 4346 1177 4385 norum
1197 4329 1342 4384 hominem
1356 4327 1435 4381 indui
1450 4326 1565 4393 dehetis,
1580 4326 1672 4397 primo
1690 4325 1806 4380 menda·

129 4411 197 4479 0²1⁰,
211 4415 239 4464 θῑ
248 4412 278 4465 in
289 4412 365 4466 0⁰⁰¹ss
376 4415 510 4468 ascensi&
524 4415 666 4486 Quidquid
675 4415 703 4469 in
713 4414 761 4468 5¹10
774 4414 943 4484 θθΰὸἰῧθΐθθ,
995 4425 1069 4479 cium
1080 4425 1219 4495 deponere
1234 4421 1349 4490 debetis,
1364 4425 1392 4475 et
1401 4420 1550 4474 veritatem
1564 4419 1649 4490 loqui.
1660 4419 1755 4474 Simile
1767 4425 1809 4474 est

127 4503 158 4557 in
174 4510 317 4575 assumpto
335 4506 450 4560 homine
466 4512 574 4562 tanturn
588 4509 696 4563 novitas
709 4507 771 4562 luit.
792 4508 846 4570 Qui
869 4508 945 4562 enim
995 4517 1070 4589 qumi
1083 4517 1223 4589 peccatori
1237 4515 1304 4571 dicit
1319 4518 1431 4568 sanctus
1450 4512 1534 4567 David
1550 4529 1557 4567 ε
1576 4514 1711 4568 Decimae
1725 4514 1807 4575 mato,

128 4593 159 4652 in
179 4613 228 4651 sua
238 4598 312 4652 Deus
322 4604 387 4654 ante
402 4600 503 4655 saecula
516 4602 630 4670 exstitit,
640 4602 669 4655 in
683 4602 738 4656 fine
751 4600 835 4656 seculi
849 4601 945 4656 innos
994 4616 1020 4666 et
1030 4613 1077 4679 sac
1089 4611 1195 4665 bonnm.
1211 4611 1243 4664 Et
1257 4609 1332 4663 idem
1347 4607 1487 4679 apostolus
1500 4607 1536 4662 ad
1548 4607 1643 4661 Titum
1658 4624 1664 4662 :
1683 4608 1716 4663 Ut
1727 4609 1806 4664 obne—

127 4695 173 4747 tra
186 4709 276 4747 novus
301 4693 387 4747 h⁰m0
401 4695 541 4766 apparuit·
565 4696 653 4759 Quem
669 4712 775 4751 novum
798 4696 945 4751 hominem
994 4710 1086 4774 pontes
1107 4706 1271 4773 impietatem
1291 4707 1316 4757 et
1340 4702 1482 4756 secularia
1502 4701 1645 4757 desiderio.
1662 4703 1759 4757 Petrus
1771 4702 1807 4758 ad

125 4785 193 4841 nori
218 4786 348 4842 homines
364 4787 444 4843 indui
466 4789 579 4856 debent,
596 4806 661 4844 enm
683 4791 829 4858 imitando,
843 4795 877 4845 ut
890 4792 946 4847 sint
995 4815 1104 4871 sparsos
1120 4799 1217 4868 (Epist.
1230 4799 1252 4860 l,
1267 4811 1308 4858 nt,
1325 4797 1367 4866 lD)
1385 4813 1391 4850 :
1412 4797 1463 4864 Qui
1476 4796 1536 4851 uult
1549 4798 1634 4850 uitem
1657 4795 1768 4865 dilipere
1783 4801 1809 4851 et
1836 4862 1840 4869 .

126 4882 281 4951 mansueti,
295 4883 387 4953 mites,
400 4884 532 4951 humiles,
542 4885 747 4954 misericordes,
758 4902 816 4940 non
829 4887 946 4941 redden·
995 4893 1085 4948 nidere
1099 4892 1155 4946 dies
1168 4892 1257 4955 bonos,
1275 4896 1392 4947 coerceat
1405 4891 1526 4960 linpuom
1539 4904 1617 4944 suom
1630 4904 1647 4943 o
1660 4889 1741 4943 moto.
1764 4888 1809 4944 Sic

127 4979 171 5030 tes
184 4975 291 5030 malum
306 4993 357 5047 pro
372 4978 457 5044 malo,
469 4979 512 5032 vel
525 4979 705 5034 maledictum
720 4997 772 5051 pro
783 4980 942 5049 maledicto,
995 4992 1023 5041 et
1036 4986 1083 5041 hic
1093 4986 1266 5057 deponentes
1279 4985 1466 5042 mendacium.
1481 4982 1654 5039 Mendacium
1667 4987 1710 5037 est
1723 4999 1808 5040 omne

125 5072 157 5123 et
169 5067 213 5123 his
223 5068 326 5123 similia
340 5086 394 5141 que
407 5071 466 5142 ipse
472 5071 555 5141 jubet
566 5072 722 5144 implendo.
744 5074 822 5138 Quod
841 5074 890 5145 qui
907 5076 945 5129 te·
993 5081 1111 5135 verbum
1122 5080 1259 5135 dolosum.
1273 5079 1445 5152 Augustinus
1455 5076 1522 5132 dicit
1531 5093 1614 5133 omne
1628 5076 1808 5134 mendacium

125 5167 231 5232 cerint,
242 5167 401 5223 induuntur
414 5184 520 5223 novum
533 5169 679 5226 hominem
690 5172 844 5240 Christum,
858 5178 887 5228 et
900 5191 944 5228 va·
993 5177 1140 5246 peccatum
1154 5189 1224 5229 esse.
1244 5173 1316 5228 ludi
1329 5177 1357 5226 et
1368 5170 1443 5225 aliud
1459 5187 1465 5224 z
1491 5171 1581 5228 Odisti
1590 5186 1679 5226 omnes
1688 5173 1736 5242 qui
1747 5187 1807 5242 ope·

124 5257 189 5313 lent
199 5257 310 5313 dicere:
330 5261 397 5315 Viuo
409 5264 500 5314 autem
507 5259 569 5329 jam
578 5276 632 5314 non
641 5277 697 5330 cpe,
711 5263 780 5315 uiuit
791 5278 852 5317 uero
861 5264 891 5316 in
903 5279 944 5318 me
992 5273 1091 5323 rentur
1109 5269 1290 5339 iniquitatem.
1308 5263 1473 5322 Proximum
1493 5264 1545 5319 hoc
1569 5264 1600 5319 in
1614 5265 1675 5320 loco
1687 5282 1807 5321 consen·

126 5353 260 5416 Christus,
277 5369 323 5415 orr
338 5367 480 5409 succurra
495 5355 572 5410 Dara
588 5370 705 5411 enarras
720 5370 777 5410 aar.
994 5363 1141 5435 gaiacum,
1158 5361 1201 5416 rel
1215 5359 1418 5431 propinquum,
1432 5365 1482 5415 aut
1498 5359 1622 5414 ricinum
1643 5365 1753 5415 tantum
1767 5358 1808 5413 in·

163 5445 233 5501 Nota
245 5447 312 5518 quia
327 5445 357 5501 in
370 5446 521 5519 Scripturis
535 5448 619 5502 sacris
632 5464 688 5503 non
702 5448 736 5503 de
744 5447 880 5519 minimis,
895 5449 944 5505 sed
992 5452 1120 5528 telligere
1130 5470 1186 5508 non
1202 5452 1338 5508 debemus
1352 5468 1359 5520 3
1376 5452 1425 5508 sed
1438 5468 1554 5509 ornnem
1565 5453 1711 5509 hominem
1721 5466 1730 5521 ;
1741 5451 1806 5506 alio

125 5540 162 5596 de
184 5541 306 5596 summis
319 5543 348 5596 et
366 5541 518 5613 praecipuis
532 5541 718 5597 creationibus
732 5542 876 5598 invenitur
890 5558 941 5598 no·
993 5550 1062 5622 quin
1075 5547 1278 5620 quiprorimus
1289 5546 1487 5604 nonestdebet
1496 5546 1676 5603 mendacium
1687 5543 1805 5601 audiret

125 5649 205 5690 men.
219 5635 301 5691 Verbi
312 5635 420 5708 gmtia:
435 5639 546 5691 creatus
556 5638 597 5691 est
610 5635 743 5707 mundus,
757 5635 944 5694 adificatacst
992 5659 1050 5698 non
1063 5641 1170 5714 utique.
1187 5641 1215 5698 si
1234 5640 1310 5697 enim
1332 5640 1495 5713 proximum
1512 5639 1754 5709 consanguineum
1774 5643 1807 5696 ut

127 5727 250 5800 domus,
268 5728 381 5787 condita
403 5736 445 5788 est
467 5731 546 5788 urbs.
573 5728 723 5787 Considera
748 5731 888 5804 ordinem,
915 5736 943 5789 et
993 5732 1185 5806 propinquum
1194 5729 1352 5805 intelligere
1364 5734 1476 5787 tantum
1489 5727 1634 5791 debemus,
1647 5725 1715 5799 quid
1724 5725 1806 5783 facie-

127 5823 192 5881 vide
216 5824 444 5903 magnitudinem
471 5832 646 5901 assumptum
668 5824 817 5884 hominem
842 5828 940 5887 Deum.
992 5827 1099 5885 moade
1111 5841 1168 5902 quo
1181 5824 1249 5885 alibi
1261 5825 1428 5894 dictumest,
1439 5824 1500 5882 Non
1513 5820 1682 5881 comeatu
1695 5836 1806 5889 uncum
