3884 6150
122 258 179 319 ott
591 257 746 314 rhoetum
766 257 925 314 Ertstota
943 259 986 312 Al)
1005 258 1158 315 SANCTUM
1176 258 1345 315 NlCETll'll.
1448 321 1453 327 ‚
1759 261 1810 316 918

126 368 215 437 vicos,
230 366 317 436 villas,
331 364 374 421 vel
387 365 521 420 civitates.
538 364 658 436 Fatigati
674 381 708 419 cx
721 369 778 420 tant
797 364 882 436 longo
896 363 941 420 iti·
954 364 1069 451 Afecit,
1082 368 1125 421 vel
1140 384 1203 438 quae
1225 371 1291 422 ante
1310 373 1423 439 tempus
1436 366 1637 422 incarnationis
1659 384 1717 423 suae
1739 368 1808 426 olim

123 477 196 517 nere
211 460 345 533 ecepimus
360 459 415 514 itcr
427 475 543 530 carpere
557 462 733 514 transeuntes
751 474 839 529 mare,
854 463 882 514 et
894 475 941 514 ve·
993 476 1045 532 per
1057 460 1234 532 patriarchas
1247 467 1274 516 et
1290 461 1442 532 prophetas
1456 478 1520 516 suos
1534 461 1638 517 fecerat
1650 481 1659 532 ;
1673 463 1808 535 viventes,

123 555 222 611 ulmus
236 554 265 609 in
288 554 406 623 ltaliam,
421 553 571 625 adjuvante
593 551 714 608 Domino
733 554 798 607 lesu
821 551 941 624 Christo,
993 559 1119 624 orantes,
1133 555 1264 609 venimus
1275 555 1447 610 Placentiam
1460 556 1599 611 civitatem
1611 560 1745 625 nostram,
1762 576 1809 630 po·

124 666 181 722 pro
196 649 276 721 qu'us
288 664 386 703 amore
398 647 493 703 abhoc
500 646 673 719 locoegressi
687 646 834 718 pervidere
840 646 944 702 ivimus
993 647 1075 703 sitam
1088 664 1174 719 super
1186 648 1304 704 lluvium
1315 649 1364 721 qui
1374 648 1477 705 dicitur
1492 648 1601 722 [Padus]
1615 650 1689 706 infra
1698 651 1757 724 jam
1769 651 1808 707 di-

125 743 277 815 tautaejus
285 741 425 798 mirabilia
437 758 501 814 quae
514 741 574 814 ipse
587 741 801 798 interhomines
813 740 944 799 habitans
993 745 1066 797 ctam
1083 742 1198 798 ltaliam.

608 1087 1341 1319 rebullitus,

343 1348 643 1509 'uaeas
693 1378 997 1506 aonam
1043 1379 1544 1511 uouasrnuu.

334 1773 626 1879 FLORIANI,
676 1772 895 1859 ROMANI
944 1771 1292 1858 MONASTERII
1341 1774 1601 1881 ABBATIS,

576 1941 775 2074 llllllll
818 1945 871 2073 ll
912 1943 1103 2075 ttttttt
1145 1943 1355 2074 tttttttt.

164 2290 286 2346 Domino
302 2306 353 2347 suo
366 2292 471 2349 Nicetio
485 2310 575 2366 papae,
592 2294 739 2350 Florianus
751 2311 787 2350 ex
799 2297 943 2350 monaste-
994 2311 1046 2366 pro
1059 2295 1128 2351 tilio.
1142 2296 1196 2351 Sed
1210 2300 1239 2351 et
1250 2298 1468 2351 coronavestrae
1477 2294 1586 2350 socium
1597 2294 1688 2350 beate
1700 2309 1809 2349 memo·

128 2382 171 2437 rio
185 2385 313 2440 Romano
330 2383 397 2458 [Al.,
413 2387 561 2472 Remanol.
994 2390 1044 2445 riae
1064 2389 1215 2445 dominum
1237 2389 1393 2445 Caesarium
1418 2388 1610 2445 Arelatensem
1633 2387 1809 2462 episcopum,

165 2477 345 2534 Benedicitur
366 2497 424 2535 una
443 2481 572 2550 Trinitas,
597 2483 671 2537 Deus
694 2487 801 2550 noster,
823 2483 872 2555 qui
896 2499 944 2538 vos
994 2484 1044 2556 qui
1063 2481 1132 2539 vixit
1151 2482 1227 2539 inter
1246 2484 1379 2539 barbaros
1399 2483 1474 2555 pius,
1496 2483 1572 2539 inter
1589 2481 1664 2538 bella
1683 2485 1809 2554 pacatus,

127 2570 337 2641 pontificalibus
348 2573 456 2629 meritis
472 2574 627 2645 pontificati
641 2576 742 2630 locavit
751 2577 781 2631 in
791 2576 904 2643 vertice,
914 2581 946 2632 ut
993 2582 1074 2649 pater
1086 2578 1289 2650 orphanorum,
1312 2583 1408 2649 pastor
1420 2577 1575 2649 egentium,
1596 2575 1644 2649 qui
1659 2575 1730 2631 tanti
1743 2591 1810 2631 ceu-

127 2679 186 2718 non
206 2664 369 2721 beatitatem
389 2666 522 2738 dignitas,
538 2667 588 2722 sed
609 2668 752 2724 beatitudo
772 2669 946 2741 praecederet
994 2687 1042 2726 sus
1054 2670 1189 2727 effusione
1198 2671 1240 2726 nil
1250 2671 1383 2743 perdidit,
1394 2671 1531 2726 eathohcc
1543 2670 1672 2742 regulam
1684 2668 1809 2740 discipli-

127 2757 307 2829 dignitatem.
322 2760 376 2814 Nec
388 2761 532 2816 immerito
547 2779 553 2816 ε
570 2778 635 2816 cum
650 2762 812 2818 abineunte
825 2763 945 2835 pueritia
995 2781 1040 2818 nm
1062 2765 1144 2820 dictis
1163 2752 1300 2836 lactisque
1319 2765 1526 2819 demonstrans.
1551 2764 1610 2834 lpse
1635 2763 1725 2835 igitur
1738 2756 1810 2823 milti

127 2850 278 2907 dominicis
302 2853 465 2910 militaveris
486 2855 517 2910 iu
542 2857 649 2921 castris
666 2861 697 2911 ut
718 2857 787 2911 illuc
806 2856 894 2912 tutius
916 2860 945 2911 et
995 2858 1100 2913 Latinis
1114 2858 1260 2914 elementis
1272 2858 1406 2930 imposuit
1419 2857 1612 2928 alplnbetum,
1628 2856 1677 2911 sed
1691 2860 1720 2912 et
1732 2856 1810 2911 hune

126 2945 248 3000 validius
274 2947 411 3016 discretis,
437 2949 539 3020 quibus
559 2948 661 3020 jaculis
686 2949 872 3022 intelligibilis
896 2949 943 3004 ille
994 2969 1046 3025 pro
1056 2953 1164 3007 famulo
1173 2951 1368 3022 discipuloque
1381 2967 1431 3006 suo
1439 2950 1593 3022 impetrare
1601 2948 1720 3004 conlido.
1730 2948 1809 3004 eddo

126 3040 319 3111 prosternitur
339 3042 481 3113 Amalech,
498 3043 602 3099 scilicet
614 3043 727 3116 quando
740 3043 840 3116 etipse
855 3043 945 3099 victor
994 3046 1122 3114 tertium,
1131 3045 1270 3116 imparem
1280 3044 1395 3117 quidem
1403 3043 1552 3117 dignitate,
1562 3043 1611 3098 sed
1624 3043 1733 3099 meritis
1741 3059 1812 3098 coae-

128 3150 160 3187 es
183 3133 310 3190 nomine.
326 3135 370 3191 Sic
390 3135 466 3190 enirn
488 3137 556 3191 estis
574 3139 630 3193 Deo
644 3136 765 3209 preasule
787 3136 815 3191 in
834 3137 944 3191 statutis
994 3139 1108 3212 qualem
1118 3138 1553 3194 sanctaememoriaelhcodatum
1562 3137 1691 3193 abbatem
1701 3153 1809 3204 meum,
1832 3117 1836 3127 ⁸

127 3227 328 3282 coeuobialihus
338 3229 450 3298 eruditi,
463 3235 494 3285 ut
505 3247 643 3301 permare
654 3230 749 3285 saeculi
762 3229 820 3285 sine
831 3229 946 3285 saecula·
994 3238 1023 3288 et
1036 3232 1296 3296 archimandritam,
1312 3232 1407 3286 saeculi
1422 3232 1507 3303 hujus
1521 3232 1679 3300 inimicum,
1693 3232 1739 3285 cui
1750 3247 1812 3286 cru-

127 3321 209 3376 ribus
229 3320 360 3376 lluctibus
380 3322 517 3378 inoffenso
534 3324 652 3397 vestigio
669 3323 837 3390 transiretis,
852 3329 880 3378 et
893 3323 943 3377 tri·
995 3326 1091 3381 cilixus
1106 3331 1147 3381 cst
1159 3325 1294 3389 nurndus,
1315 3325 1453 3396 templum
1466 3341 1531 3379 vere
1545 3324 1743 3397 dignissimum
1753 3324 1813 3378 Tri-

127 3415 297 3487 umphalem
321 3416 460 3488 hymnum
480 3434 545 3472 cum
565 3419 657 3489 Moyse
674 3417 777 3472 merito
791 3416 943 3471 concinen·
993 3420 1099 3485 nitatis,
1113 3419 1230 3490 plenum
1240 3417 1406 3472 reverentiae
1419 3416 1645 3483 Christianitatis,
1657 3432 1691 3470 ex
1701 3415 1812 3487 placida

129 3513 187 3564 tes:
203 3511 344 3567 cantemus
359 3512 600 3581 Domino,qlortose
610 3514 680 3567 euim
694 3512 944 3580 hononttrotusestr
994 3513 1118 3567 bonitate
1133 3511 1325 3578 mitissimum,
1346 3509 1463 3580 jejuniis
1476 3509 1653 3580 castigatum,
1674 3509 1809 3564 crationi-

128 3618 227 3672 cquum
239 3607 265 3658 ct
276 3619 440 3660 ascensorem
459 3605 613 3676 projecitur
626 3621 710 3659 more.
726 3604 770 3660 Sic
784 3604 945 3658 individuus
994 3606 1048 3660 bus
1061 3604 1207 3672 refectum,
1222 3604 1345 3675 puritate
1363 3602 1592 3671 mundissimum,
1608 3603 1659 3674 qui
1677 3602 1749 3657 mihi
1764 3619 1810 3658 sa-

128 3712 224 3752 comes
251 3697 328 3766 Eliae,
351 3702 383 3752 ut
400 3714 580 3770 nequaquam
605 3699 737 3753 deserens
758 3698 867 3764 altiora,
889 3695 982 3770 quoC
996 3715 1056 3753 cras
1070 3698 1199 3769 exposuit
1211 3697 1379 3767 Scripturas,
1394 3698 1422 3749 et
1440 3695 1524 3751 flores
1544 3699 1649 3750 tenerae
1666 3695 1810 3768 lanuginis

128 3789 291 3847 humilitate
303 3792 515 3858 conscenderas,
526 3792 601 3847 ande
611 3808 676 3846 curn
687 3791 855 3862 apostolisin
868 3806 947 3846 mon·
995 3792 1055 3863 ipse
1070 3791 1192 3862 suscepit
1204 3808 1212 3860 ;
1230 3790 1278 3862 qui
1291 3807 1344 3861 pro
1359 3789 1417 3844 titio
1430 3794 1458 3844 et
1476 3788 1622 3861 discipulo,
1641 3805 1811 3844 successore-

128 3889 188 3940 tem
211 3884 401 3956 glorificatum
422 3885 562 3959 aspiceres
582 3885 735 3940 Dominum
762 3884 943 3940 salvatorem.
996 3901 1051 3957 que
1065 3902 1126 3953 suo,
1138 3884 1204 3939 licet
1215 3883 1343 3955 indigno,
1354 3900 1411 3938 non
1420 3882 1534 3954 ambigo
1547 3883 1622 3954 quod
1635 3884 1696 3938 laus
1711 3884 1812 3954 [Forte

130 3977 305 4049 Quiaigitur
318 3982 403 4034 tantae
419 3979 611 4034 sanctimoniae
629 3980 730 4034 vestrae
751 3978 946 4049 praerogatiua
995 3978 1086 4052 Iratus]
1102 3982 1209 4033 exoret.
1226 3976 1347 4033 Vincunt
1360 3993 1439 4049 ergo,
1453 3977 1572 4032 Domine
1587 3977 1637 4047 mi,
1652 3978 1724 4034 tanti
1743 3977 1812 4049 justi
1875 4015 1882 4030 .

130 4071 267 4140 suffultat,
284 4076 427 4144 quaesout
444 4089 496 4144 pro
513 4089 570 4141 me,
594 4073 641 4144 qui
664 4071 835 4144 impetrastis
850 4071 944 4127 oretis.
996 4072 1153 4128 orationem
1163 4076 1355 4144 peccatorum.
1374 4072 1463 4143 igitur
1477 4070 1543 4142 quia
1555 4072 1729 4127 conversatio
1748 4088 1811 4127 ves-

130 4165 271 4229 Quuniam
298 4166 373 4221 Deus
408 4166 542 4238 praescius
583 4167 767 4234 futurorum,
796 4164 846 4236 qui
880 4164 947 4221 lecit
997 4170 1039 4221 tra
1052 4165 1082 4221 in
1095 4165 1172 4220 coelis
1186 4171 1238 4231 est,
1259 4165 1331 4220 sicut
1343 4165 1411 4220 dicit
1424 4164 1572 4235 Apostolus
1588 4184 1594 4219 :
1613 4167 1709 4220 Vestra
1721 4169 1811 4220 cutem
1885 4158 1889 4166 '

130 4274 197 4330 quoe
225 4264 344 4314 ventura
367 4263 449 4328 sunt,
479 4259 569 4314 sciens
593 4275 639 4315 me
661 4264 824 4315 sanctorum
848 4258 945 4314 solatio
996 4259 1573 4324 couversatiotncathestoratecumhis,
1587 4257 1812 4328 etrogateillum

130 4350 260 4424 indigere
284 4353 423 4423 vivorum,
447 4359 478 4408 ut
500 4353 592 4408 bonus
617 4353 752 4408 Dominus
777 4352 947 4425 praeparavit
996 4369 1093 4408 meum
1106 4351 1324 4406 sacratissimum
1338 4351 1524 4405 consessorem
1538 4350 1730 4417 Ambrosium,
1744 4367 1812 4422 qua-

128 4446 247 4501 auxilia.
995 4450 1078 4501 tenus
1092 4461 1139 4499 me
1163 4448 1194 4499 ut
1211 4443 1383 4516 peculiarem
1402 4443 1543 4498 famulum
1557 4448 1681 4513 tueatur,
1697 4446 1729 4499 ut
1741 4461 1810 4516 pro-

166 4540 312 4613 Videergo
323 4542 438 4613 quantis
450 4541 625 4612 adjutoribus
638 4539 737 4609 uteris,
752 4555 818 4594 cum
832 4554 885 4610 pro
899 4555 946 4593 mo
996 4539 1091 4612 prium
1106 4538 1195 4593 civem
1214 4538 1314 4605 foveat,
1329 4542 1361 4592 ut
1373 4537 1540 4592 lamiharem
1550 4536 1698 4593 alumnum
1712 4545 1809 4594 curat:

129 4634 248 4706 aceperis
255 4636 402 4691 obsecrare
412 4639 515 4690 sanctae
528 4635 673 4690 memoriae
687 4633 836 4688 dominum
849 4633 945 4687 Enao·
997 4632 1047 4705 qui
1060 4633 1136 4704 epod
1151 4631 1302 4686 hominnm
1315 4633 1411 4687 lesum
1432 4632 1508 4704 quod
1527 4632 1649 4687 oraverit
1674 4633 1810 4688 exorabit.

130 4728 211 4783 dium
237 4729 401 4800 pontificem
422 4728 576 4785 Ticinensis
594 4727 732 4793 Ecclesia,
746 4727 796 4799 qui
814 4725 946 4798 generosi
996 4726 1132 4792 Quocirca
1145 4725 1320 4781 salutationis
1331 4725 1498 4797 obsequium
1513 4725 1685 4781 famulanter
1702 4727 1810 4781 insinu-

130 4822 280 4892 sanguinis
302 4822 479 4879 nobilitatem
498 4822 658 4877 humihtate
680 4820 816 4893 praevexit
830 4820 865 4874 ad
885 4820 946 4891 glo·
996 4837 1056 4890 ens,
1072 4836 1175 4892 precor
1186 4824 1218 4875 ut
1230 4837 1283 4891 pro
1293 4820 1454 4875 beatissimo
1468 4820 1539 4887 viro,
1555 4820 1670 4874 domino
1680 4836 1743 4874 meo
1757 4822 1810 4876 lla-

130 4915 215 4979 naut,
225 4919 258 4969 ut
271 4916 300 4970 in
314 4914 432 4970 caelestis
450 4915 550 4988 patriae
564 4921 663 4970 senatu
676 4914 757 4969 lieret
768 4919 796 4969 et
811 4913 849 4969 ibi
863 4928 946 4968 sena·
996 4914 1036 4969 tio
1052 4913 1185 4986 episcopo
1198 4913 1284 4969 fratre
1297 4918 1398 4983 vestro,
1409 4929 1521 4986 semper
1533 4913 1627 4968 oretis.
1639 4915 1760 4985 AEquum
1770 4919 1813 4970 est

130 5013 186 5076 tor,
201 5009 281 5080 cujus
295 5009 544 5080 incomparabilem
558 5008 693 5063 doctrinae
712 5007 873 5062 facundiam
889 5022 948 5061 nou
997 5008 1074 5062 enim
1096 5011 1129 5063 ut
1143 5024 1195 5080 pro
1210 5024 1253 5077 eo,
1270 5024 1356 5079 quem
1380 5007 1545 5062 monasterii
1568 5012 1646 5078 septa
1665 5013 1814 5068 sacrarunt

130 5103 226 5157 solum
238 5109 356 5159 testatur
368 5102 511 5170 Occidens,
526 5103 574 5158 sed
589 5106 617 5157 ct
636 5101 736 5157 Oriens
749 5102 886 5157 instructa
896 5067 987 5154 mul)
998 5118 1198 5171 successorem,
1213 5085 1510 5157 etiam'conlessorum
1521 5116 1667 5156 successor
1681 5103 1814 5175 egregius

130 5198 222 5250 retur.
235 5196 354 5250 Nestorii
379 5196 497 5265 fulmen,
513 5195 646 5267 Eutychis
664 5195 828 5262 exstinctor,
843 5192 948 5264 glorio
997 5195 1280 5263 beatorum,exorare
1290 5193 1475 5249 nondesinas.
1489 5195 1522 5249 Et
1535 5194 1588 5249 hoc
1599 5196 1624 5249 si
1634 5195 1753 5268 dignum
1764 5198 1813 5252 du·

131 5304 193 5343 sam
212 5289 356 5344 dominam
369 5305 461 5343 meam
476 5289 724 5360 inviolabilemque
736 5288 850 5343 Mariam
864 5285 947 5342 Chri·
999 5289 1059 5344 citis
1069 5288 1260 5361 supplicamus
1268 5294 1301 5343 ut
1311 5287 1494 5343 beatitudinis
1502 5292 1601 5344 vestrae
1612 5290 1738 5361 sospitati
1748 5305 1813 5362 par-

131 5385 259 5438 stotocon
273 5388 300 5438 et
314 5383 484 5450 Theotocon,
496 5383 649 5455 apostolica
662 5382 830 5437 auctoritate
843 5380 947 5453 perdo·
998 5382 1115 5437 vitatem
1128 5386 1254 5436 nostram
1266 5379 1383 5450 faciatis,
1397 5382 1468 5437 sicut
1477 5383 1611 5454 petimus,
1624 5398 1812 5438 successorem

132 5477 203 5532 cuit.
224 5479 284 5548 lpse
303 5493 372 5549 ergo
396 5494 478 5532 meus
500 5483 540 5532 est
565 5481 645 5548 pater
666 5493 700 5531 cx
722 5477 843 5544 lavacro,
863 5490 950 5546 quern
999 5478 1096 5548 [Forte
1111 5474 1281 5547 certioreml.

73 5640 79 5649 ι
131 5570 218 5626 credo
232 5571 307 5644 apud
320 5577 459 5627 eternum
480 5573 589 5627 Patrem
602 5586 653 5642 per
663 5571 766 5625 Filium
779 5568 956 5652 intervenire·
