3884 6150
65 229 122 293 197
612 231 656 298 Dii
675 237 831 296 tuanen
849 237 1039 296 subticeat·
1052 238 1155 296 uem
1174 238 1206 297 ll.
1697 236 1754 302 lm
1779 251 1782 255 ’

68 346 150 407 Vere,
161 345 283 408 Domine,
296 346 365 401 ictis
378 346 492 415 dignum
505 352 531 402 et
538 342 685 421 pulchram
699 355 747 413 cst,
762 353 792 405 in
804 368 889 421 quan·
899 366 928 437 Α
940 349 1070 422 gostinus
1081 351 1141 422 ipse
1152 351 1181 405 in
1192 349 1241 404 lib.
1252 366 1287 404 xv
1301 347 1465 407 deCivitate
1480 349 1529 406 Dei
1543 349 1605 425 cap.
1619 354 1653 410 32
1668 371 1751 426 quos·

65 444 126 493 ium
137 455 303 494 aesmunere
310 445 354 495 tua
363 441 500 504 illustras,
513 443 565 497 tibi
573 459 676 514 semper
683 447 787 512 pretias
797 461 886 512 caere,
939 445 1006 499 dam
1019 461 1117 500 versus
1134 445 1232 511 refert,
1248 461 1319 516 quos
1332 466 1345 493 ιι
1361 445 1390 499 in
1406 445 1491 500 laude
1509 446 1635 518 quadam
1652 450 1727 505 cerei
1737 473 1751 503 s

67 532 149 602 opud
163 548 244 602 quem
259 538 298 588 est
311 536 374 602 (aas
393 538 465 598 uita,
481 538 511 591 in
528 538 607 605 cujus
620 538 721 592 lamiae
738 539 887 593 uidebimus
938 538 1059 609 scripsit,
1076 542 1107 592 ut
1120 542 1199 609 patet
1216 554 1249 592 cn
1265 555 1339 592 nova
1352 538 1489 607 editione,
1504 540 1552 594 ubi
1564 541 1642 596 locus
1656 542 1709 597 iste
1720 561 1753 599 ex

67 627 169 687 lumen,
187 629 241 680 etc.
255 627 295 681 De
311 628 511 683 benedictione
524 631 647 685 lucernae
663 633 693 685 ei
706 631 782 686 cerei
797 635 888 687 exstat
936 630 999 685 uss.
1014 630 1162 685 restitutus
1176 633 1219 685 est
1233 647 1249 684 a
1262 630 1376 685 nostris.
1391 632 1421 685 ln
1438 635 1559 702 utraque
1574 634 1649 689 cerei
1663 635 1751 692 hene·

67 739 162 778 canon
177 740 272 779 nonus
287 726 399 780 aoncilii
415 742 442 780 iv
453 727 582 782 Toletani
600 745 606 782 :
624 730 746 783 Lucerna
760 735 786 783 aa
797 746 887 785 careas
938 723 1064 780 dictione
1080 723 1227 778 Ennedius
1240 728 1370 792 testatur,
1388 740 1518 781 excerso
1534 726 1686 783 benedicto
1702 728 1752 785 de-

64 820 95 871 in
105 819 271 886 praecipillis
282 820 393 874 Pascha
405 821 481 890 apud
493 822 627 891 quasdam
637 823 769 877 Ecclesiae
780 839 833 877 ram
847 825 887 879 ba.
937 821 1050 889 cerptas
1070 835 1087 872 a
1100 817 1232 872 fidelibus
1250 817 1336 872 luisse
1357 818 1509 889 particulas
1524 823 1624 875 contra
1640 824 1751 892 procel-

66 910 250 974 nedicuntur:
274 918 299 967 ei
320 929 370 967 cur
388 930 405 967 a
426 915 503 968 nobis
524 915 717 970 benedicantur
730 919 884 986 iaqaairuai.
936 911 987 965 las·
1005 911 1074 965 Inde
1086 912 1234 980 Agss01'um
1250 910 1300 963 Dei
1316 925 1466 965 c‘³1'001'Vffl
1481 912 1572 983 01'380·

64 1005 183 1074 propag·
197 1007 344 1074 managam
357 1010 428 1062 mam
440 1011 525 1063 nactas
539 1011 626 1078 ipsias
637 1015 835 1065 sacramentam
847 1027 887 1066 30.
971 1005 1073 1058 Postea
1093 1004 1121 1057 in
1139 1004 1276 1075 predicto
1290 1003 1393 1057 Missali
1406 1004 1524 1060 Gothico
1539 1005 1752 1078 subsequuntur

64 1098 192 1153 lamnae,-
202 1100 258 1154 aaa
271 1100 462 1164 benedicamus,
470 1107 500 1157 aa
507 1118 591 1157 saara
598 1106 803 1158 resurrectionis
813 1105 887 1160 cara.
936 1097 1021 1151 variae
1036 1097 1225 1152 collectiones
1241 1114 1290 1151 scu
1306 1097 1451 1152 orationes
1464 1098 1582 1154 omnino
1600 1099 1751 1156 duodecim

63 1193 101 1246 sii
109 1194 281 1260 mysterium,
294 1193 493 1263 qaodtemporc
505 1195 588 1263 liujus
600 1198 696 1250 uotiua
710 1199 795 1251 noetis
808 1180 887 1252 aava.
936 1207 1001 1245 cum
1023 1190 1142 1246 lotidem
1166 1191 1393 1261 praefationibus,
1412 1207 1534 1262 quarum
1551 1192 1669 1264 singulae
1688 1199 1752 1266 post

64 1287 117 1348 ait,
142 1284 327 1341 benedictiaaa
348 1289 510 1357 sanctificata·
532 1291 642 1343 laminis
658 1292 832 1360 accipiamus,
850 1294 885 1347 Ει
936 1284 1063 1355 singulas
1085 1286 1223 1340 lectiones
1241 1285 1403 1356 praemissas
1422 1285 1537 1339 recitari
1555 1285 1670 1342 dehent.
1689 1290 1750 1345 Una

62 1379 884 1453 quiebacehsereatiopermultarumtoeaterrarumrapio-
935 1381 978 1432 est
999 1394 1050 1448 pro
1076 1378 1221 1449 spiritibus
1247 1378 1431 1448 pausantium
1457 1396 1508 1432 scu
1538 1379 1748 1437 defunctorum.

62 1486 168 1542 resque
177 1474 488 1542 HispaniamEcclesiis
501 1477 713 1540 commendatur,
722 1478 835 1546 dipsium
846 1484 886 1534 est
935 1470 1044 1525 Deinde
1058 1470 1216 1526 succedunt
1226 1470 1376 1526 Orationes
1390 1470 1425 1525 ad
1439 1472 1632 1527 Christianum
1646 1474 1752 1529 iacien-

62 1571 220 1636 utpropier
234 1569 366 1621 unitatem
375 1569 453 1636 pacis
470 1570 500 1622 ia
517 1569 667 1624 Gallicanis
682 1572 808 1627 Ecclesiis
822 1588 884 1627 cen·
935 1564 1015 1631 dum,
1032 1565 1068 1619 ad
1088 1565 1182 1619 ἶῡῦῑθθ
1201 1565 1426 1632 benedissssssdffi,
1444 1568 1530 1636 atque
1547 1566 1584 1621 ad
1602 1567 1750 1638 bilbilim·

62 1664 196 1714 seructur.
214 1660 266 1714 Ubi
282 1659 399 1731 quidam
409 1662 485 1715 male
501 1661 650 1718 Gallicanis
665 1665 821 1735 legendum
832 1683 884 1737 pu·
936 1657 1015 1725 dum,
1029 1674 1100 1728 quas
1117 1658 1246 1728 sequitur
1263 1658 1351 1712 missa
1363 1658 1392 1712 in
1405 1658 1513 1729 Vigiliis
1526 1660 1652 1728 Paschae,
1671 1660 1751 1732 crans

64 1755 136 1807 tant.
151 1754 185 1806 ln
201 1752 343 1824 Hispaniis
360 1755 509 1825 antiquum
526 1773 586 1810 esse
605 1756 794 1813 benedicendi
808 1760 883 1814 aarai
894 1734 922 1806 Β
934 1751 1021 1805 missa
1035 1750 1192 1822 Epistolam
1208 1755 1237 1806 et
1249 1753 1437 1824 Evangelium
1452 1753 1582 1823 superius
1596 1771 1629 1808 ex
1640 1755 1749 1810 Lectio·

64 1861 231 1913 morem,e1
238 1846 393 1902 Prudentia
407 1849 538 1903 nonnulli
551 1849 698 1921 colligunt,
710 1852 790 1922 cujus
804 1854 884 1924 hym-
933 1845 1014 1899 nario
1024 1844 1222 1900 indicavimus.
1236 1845 1371 1917 baptismi
1385 1847 1514 1901 solemne
1523 1850 1637 1918 tempus
1646 1851 1707 1903 erat
1720 1848 1750 1902 in

66 1956 132 1993 num
152 1940 202 1994 Ad
219 1941 357 1995 incensam
374 1943 442 1995 cerei
457 1943 598 2011 paschalis
616 1945 807 2014 compositum
822 1947 882 2000 lau·

66 2030 145 2086 dant.
162 2033 198 2086 Et
214 2032 291 2087 hunc
304 2033 420 2104 quidem
437 2034 576 2106 lipnnnum
596 2036 632 2090 od
649 2037 882 2093 benedictionem

67 2125 289 2197 ccreipaschalis
298 2121 499 2182 exhibetuetus
507 2128 584 2184 Ordo
594 2130 749 2198 Romanus,
762 2135 790 2186 et
801 2134 883 2203 Hym-

66 2221 178 2274 narinm
195 2219 357 2291 antiquum,
376 2220 475 2275 Romae
498 2239 574 2277 anno
594 2224 741 2296 superiore
761 2225 882 2297 impres·

66 2329 136 2368 sum.
148 2315 184 2368 at
193 2313 263 2385 quia
275 2314 399 2384 hymnus
412 2313 475 2382 iste,
486 2315 571 2387 quiin
584 2317 788 2373 Cathemerino
803 2319 883 2390 quin·

67 2410 107 2460 tus
120 2411 174 2473 est,
188 2406 356 2472 inscribitur
368 2407 397 2461 in
408 2409 603 2465 membraneis
613 2410 702 2478 libris,
714 2414 835 2481 Hymnus
846 2413 883 2466 od

64 2501 204 2555 incensum
214 2501 341 2562 lucana,
355 2518 413 2555 non
430 2504 499 2557 cerei
507 2504 661 2573 paschalis3
677 2504 744 2560 hinc
756 2505 883 2561 Sirmun·

65 2592 115 2648 dus
131 2593 160 2648 in
177 2593 253 2648 notis
267 2594 302 2649 ad
319 2594 492 2663 Ennedium,
505 2600 533 2649 et
545 2597 696 2651 benardus
714 2598 743 2652 in
756 2599 881 2653 Concor·

64 2685 141 2742 diam
156 2688 323 2759 regularum
339 2687 476 2754 inierunt,
489 2690 625 2745 cumdem
635 2691 776 2761 hymnum
790 2693 826 2746 ad
835 2709 880 2746 ac-

64 2779 229 2835 cendendas
248 2781 279 2836 in
294 2781 466 2836 Lucernario
486 2799 537 2837 seu
557 2784 687 2855 Vesperis
707 2785 882 2855 quotidianis

62 2873 195 2929 lucernas
216 2875 407 2946 compositum
436 2876 531 2931 luisse.
556 2878 587 2931 In
611 2878 714 2932 eadem
738 2880 882 2934 sententia

62 2972 104 3023 est
119 2967 253 3024 Nicolaus
272 2967 402 3023 Heinsius
423 2968 453 3023 in
477 2986 551 3024 nova
573 2970 719 3026 Prudentii
743 2972 879 3040 editione,

63 3060 161 3134 142
175 3062 222 3116 ubi
237 3062 459 3133 cercipaschalis
469 3063 556 3117 ritum
568 3064 716 3119 Prudentii
727 3082 787 3120 aevo
802 3065 880 3137 igno

932 1938 1040 2008 Vigiliis
1055 1939 1171 1993 Paschae
1188 1941 1217 1993 ct
1231 1941 1423 2006 pentecostes,
1443 1939 1598 2010 aliquando
1618 1940 1705 1995 etiam
1720 1941 1749 1995 in

932 2031 1034 2100 Vigilia
1047 2032 1153 2086 Natalis
1165 2032 1294 2099 Domini,
1307 2035 1335 2086 ot
1355 2033 1384 2086 in
1405 2033 1494 2087 natali
1511 2033 1601 2087 saneti
1620 2034 1747 2089 loannis.

932 2124 1001 2178 iluic
1016 2125 1058 2179 rei
1071 2125 1229 2196 probandae
1245 2143 1319 2179 unus
1332 2127 1392 2180 sere
1410 2126 1514 2180 sulficit
1527 2126 1655 2198 Gregorii
1671 2128 1750 2182 loeus

933 2234 966 2271 ex
981 2217 1029 2271 lib.
1049 2235 1108 2285 vill,
1131 2235 1193 2289 cap.
1215 2222 1241 2285 9,
1260 2219 1307 2274 ubi
1331 2220 1562 2274 Guntcbramnns
1583 2237 1632 2274 rex
1651 2219 1691 2276 ita
1706 2221 1749 2276 lu·

933 2311 1030 2383 quitur
1046 2328 1052 2365 :
1072 2333 1085 2360 ιι
1102 2313 1261 2367 Germanus
1277 2329 1358 2367 meus
1376 2313 1552 2385 Ghilpericus
1565 2313 1692 2369 moriens
1705 2314 1748 2368 di·

932 2402 1110 2477 citur143
1121 2405 1212 2461 filium
1220 2406 1379 2478 reliquisse,
1396 2407 1476 2478 eujus
1490 2408 1644 2463 nutritores
1656 2412 1748 2464 matre

933 2498 1106 2569 deprecante
1122 2499 1276 2571 petierunt,
1293 2504 1324 2555 ut
1340 2517 1406 2555 eum
1422 2501 1457 2555 de
1473 2505 1572 2556 sancto
1587 2503 1699 2556 lavacro
1719 2502 1749 2557 in

932 2595 1073 2651 Dominici
1086 2597 1193 2651 Natalis
1209 2598 1391 2652 solemnitate
1403 2598 1540 2654 deberem
1552 2600 1681 2671 excipere
1697 2617 1703 2655 :
1721 2601 1750 2654 et

932 2706 990 2743 non
1007 2693 1156 2743 venerunt.
1175 2691 1359 2761 Rogaverunt
1374 2691 1511 2763 deinceps
1527 2692 1604 2746 ulad
1618 2694 1748 2748 sanctum

931 2763 1039 2837 Pascha
1055 2782 1271 2853 baptizaretur,
1295 2783 1346 2837 sed
1366 2800 1423 2837 nce
1441 2788 1508 2839 tunc
1529 2785 1631 2839 allatus
1649 2789 1692 2840 est
1707 2786 1748 2840 in·

931 2876 1004 2931 lans.
1019 2876 1169 2948 Deprecati
1192 2880 1259 2930 sunt
1274 2880 1371 2930 autem
1392 2877 1488 2945 tertio,
1505 2880 1536 2931 ut
1554 2878 1590 2932 ad
1610 2878 1747 2934 festivita·

931 2973 990 3024 tem
1006 2968 1097 3024 sancti
1114 2969 1232 3025 loannis
1247 2968 1449 3037 exlriheretur;
1466 2970 1517 3025 sed
1537 2987 1590 3025 nec
1613 2974 1680 3026 tunc
1699 2989 1747 3028 ve-

931 3063 982 3117 nit.
999 3086 1013 3113 u
1035 3063 1233 3118 Chilbebcrtus
1255 3080 1333 3129 vero,
1350 3063 1492 3134 Sigeberti
1510 3063 1595 3131 silius,
1614 3087 1627 3113 ιι
1639 3066 1748 3137 baptis·

62 3157 124 3209 tum
141 3154 227 3209 luisse
240 3159 338 3209 censet
353 3155 447 3226 colligi
459 3172 491 3209 ex
506 3157 724 3227 antiquitatibus
733 3159 878 3213 ecclesias·
930 3173 1011 3211 mum
1024 3157 1052 3210 in
1070 3157 1115 3211 dic
1130 3161 1229 3212 sancto
1242 3159 1425 3211 Pentecosles
1439 3157 1558 3228 accepit,
1573 3175 1606 3212 cx
1619 3158 1747 3228 ejusdem

61 3247 135 3302 licis.
149 3248 256 3303 Verum
267 3250 382 3303 lucerua
393 3249 563 3304 vocabulum
576 3250 604 3303 in
617 3251 697 3305 titulo
710 3251 811 3322 hymni
822 3269 880 3308 non
930 3249 995 3304 libri
1017 3267 1080 3322 cap.
1099 3251 1125 3304 d.
1152 3251 1257 3304 Verum
1279 3251 1379 3304 Patres
1403 3250 1505 3321 synodi
1523 3250 1747 3319 Matisconensis,

59 3341 168 3396 sufficit
191 3340 341 3413 probando
355 3342 383 3397 id
399 3343 477 3413 qnod
494 3343 522 3396 hi
539 3343 589 3398 viri
608 3344 683 3399 ducti
703 3344 878 3400 intendunt:
931 3347 1313 3415 sanciretconqueruntur,
1326 3343 1480 3414 quodpcae
1494 3346 1748 3414 persuasissetis

60 3434 881 3507 quandoquideminVigiliaPaschmbencdiclioetiarnlu·
930 3454 962 3492 ac
975 3439 1080 3492 aaiulcs
1100 3442 1253 3506 martyrum
1272 3436 1431 3507 baptismus
1451 3438 1646 3505 consecretur,
1668 3442 1747 3492 vete·

59 3545 158 3584 cernae
167 3529 264 3597 siebat,
277 3547 310 3584 cx
320 3531 411 3585 dictis.
423 3530 568 3587 lleindein
579 3532 743 3603 illohymno
754 3535 787 3588 fit
798 3551 880 3588 meu-
930 3547 1051 3601 remque
1066 3547 1148 3584 usum
1164 3529 1200 3584 ad
1214 3529 1323 3584 Pascha
1331 3533 1477 3584 revocant.

56 3621 101 3678 tie
114 3621 262 3679 deChristi
274 3623 703 3696 Dominiresurreclione,quod
717 3626 804 3697 priori
815 3645 880 3681 scn-
932 3625 1021 3696 [xtll.
1043 3639 1166 3679 unorum
1185 3640 1212 3678 ru
1232 3640 1277 3678 urs
1302 3639 1403 3678 siluero
1428 3638 1548 3692 resona,
1568 3640 1603 3679 nn
1627 3623 1746 3699 nissum]

55 3717 162 3771 tentia
175 3717 382 3773 confirmandae
395 3716 541 3789 quoddam
553 3719 642 3772 robur
655 3717 763 3773 addere
776 3722 870 3791 potest
873 3753 1745 3776 .............................

58 3809 120 3866 Sed
130 3810 187 3865 alia
203 3810 286 3876 ratio,
298 3828 385 3882 quam
396 3801 547 3866 Menardus
561 3815 658 3866 noster
673 3810 766 3877 affert,
777 3813 881 3868 melius
1066 3810 1182 3874 Epi³10l⁰
1192 3809 1263 3859 Pss¹¹¹¹
1277 3808 1389 3873 ⁰l¹⁰³¹⁰¹l
1405 3810 1438 3860 nd
1450 3810 1606 3861 COPisslhlffl·

57 3905 167 3978 probat
182 3905 323 3976 hymnum
334 3901 409 3960 hunc
420 3901 456 3959 de
472 3905 644 3960 lucernario
657 3907 826 3977 quotidiano
841 3906 881 3962 in·
966 3897 1070 3951 Notum
1100 3898 1197 3949 ³1¹le
1220 3894 1300 3950 l'ObiS
1320 3895 1404 3963 Γίῑθῑῡ,
1426 3896 1539 3964 fraires,
1560 3896 1748 3968 Evangelium

58 3998 293 4072 terpretandnm,
304 4015 408 4070 nempe
417 3999 476 4071 ipse
486 3999 653 4054 tituluslibri
665 3999 879 4065 Cathemerindn,
931 3986 1009 4062 (111ῡᾶ
1017 3986 1168 4061 Plaedifflt'i
1180 3988 1269 4057 V⁰bisi
1285 3989 1361 4061 [IVOd
1376 3993 1405 4044 θῑ
1418 3991 1649 4063 ἃῦθθρίδῑίθιθῑῦη
1663 4006 1748 4062 mitte

58 4109 121 4167 qao
138 4092 337 4166 significantur
349 4110 383 4147 aa
404 4110 466 4163 qua
486 4109 538 4165 par
553 4093 630 4148 diam
651 4098 785 4166 agantur,
801 4095 881 4151 mam
929 4081 1579 4141 miserabilioressemisomnihushominihus.
1590 4084 1746 4159 (Μυκη.)

56 4184 164 4242 suadet
173 4183 262 4240 etiam
275 4184 339 4241 libri
349 4185 435 4257 ipsius
446 4186 527 4253 ordo,
537 4186 566 4241 in
575 4187 747 4259 quoprimus
758 4188 881 4260 hginnus
1040 4184 1128 4235 Lectio
1140 4184 1223 4235 sancti
1237 4183 1370 4248 Evangelii
1383 4186 1526 4235 seeundum
1540 4188 1644 4237 Lucem.

57 4283 105 4336 est
129 4279 178 4334 Ad
197 4280 267 4348 aelli
287 4285 406 4342 cantum,
428 4280 570 4335 socundus
594 4282 758 4344 Matutinus,
780 4281 881 4336 tertias
966 4268 1071 4325 Diebus
1087 4270 1151 4338 illis,
1166 4287 1224 4325 una
1238 4267 1355 4325 Sabbali
1368 4271 1451 4325 valde
1467 4270 1591 4326 diluculo
1605 4272 1746 4326 venerunt

56 4371 248 4436 interitum,
268 4376 386 4445 quartus
400 4374 572 4437 eusiciam,
590 4374 706 4446 quintus
726 4375 773 4429 aa
788 4375 878 4429 aaran·
930 4364 1065 4418 mulieres
1081 4364 1117 4418 ad
1137 4366 1362 4420 monumentum
1365 4403 1418 4420 ·····
1440 4364 1533 4436 ipsum
1552 4380 1690 4420 veronen
1705 4362 1746 4418 vi-

59 4482 126 4523 sum
138 4468 265 4530 lucerua,
279 4469 373 4522 serlus
391 4468 464 4523 date
483 4483 614 4523 somnum.
633 4464 685 4522 Ubi
707 4467 822 4539 quintus
844 4468 919 4557 deD
931 4457 1091 4514 derunt-a·-
1107 4457 1173 4530 (1:²²⁶
1185 4474 1259 4525 xxiv,
1276 4457 1312 4528 1·)

60 4561 198 4633 Vesperis
217 4560 334 4616 indubie
359 4561 563 4633 intelligendus
585 4565 637 4629 est,
660 4559 689 4615 in
711 4562 812 4633 quibus
834 4579 879 4618 so·
1123 4567 1213 4614 NOTAE
1234 4568 1273 4612 ΕΤ
1294 4565 1557 4616 obstinvetwttlts.

63 4655 156 4711 lemni
170 4671 251 4711 more
267 4656 296 4709 in
308 4655 369 4710 dies
379 4655 496 4711 accendi
507 4657 639 4712 lucernas
650 4659 717 4710 tnnc
732 4673 795 4712 mos
809 4660 880 4723 erat,
966 4656 1069 4710 Avulso
1082 4670 1139 4709 uno
1152 4652 1222 4708 item
1233 4652 1313 4721 lolio,
1326 4654 1407 4709 deest
1417 4655 1511 4727 prima
1527 4654 1621 4713 Lectio
1632 4657 1669 4712 ad
1678 4656 1748 4714 mis·

64 4753 97 4804 ut
113 4751 191 4804 recte
210 4749 360 4804 benardus
377 4749 484 4804 ibidem
500 4750 612 4821 probat,
632 4750 768 4805 nimirum
783 4751 812 4805 in
834 4767 880 4806 ca·
932 4765 1004 4815 sam,
1016 4766 1080 4820 quae
1093 4747 1177 4803 lectio
1194 4747 1313 4803 indubie
1329 4751 1392 4804 crat
1404 4765 1438 4803 ex
1451 4749 1612 4821 Apoealysi,
1631 4750 1704 4806 sicut
1720 4755 1757 4807 et.

65 4847 119 4915 put
138 4843 173 4898 24
193 4842 361 4898 Concordiae
383 4844 559 4915 regularum,
576 4843 591 4915 ξ
615 4848 640 4898 2.
663 4845 760 4915 Neque
784 4848 881 4900 tamen
932 4843 995 4898 aliae
1009 4846 1172 4913 sequentes,
1189 4843 1277 4898 etiam
1296 4839 1325 4897 in
1340 4843 1525 4911 Mozarabico,
1543 4843 1572 4898 in
1590 4860 1647 4916 quo
1664 4845 1747 4900 lectio

65 4940 221 5010 propterea
232 4939 292 4991 lam
305 4952 394 4992 nevus
405 4939 448 4991 est
459 4937 534 4992 cerei
549 4933 578 4990 in
587 4933 694 5009 Vigiliis
702 4937 881 5008 paschalibus
932 4937 1027 5007 prima
1036 4936 1066 4991 in
1075 4935 1121 4990 die
1130 4933 1357 4991 Resurrectienis
1367 4936 1482 4991 Domini
1491 4938 1614 4992 sumitur
1623 4954 1657 4992 ex
1669 4936 1747 5010 prin-

65 5030 258 5086 benedieendi
277 5031 357 5101 ritus,
374 5031 414 5086 uti
429 5030 543 5087 Heinsio
558 5030 649 5086 visum
670 5034 713 5086 est
728 5044 734 5086 ε
751 5048 816 5087 eum
829 5032 883 5086 En·
932 5027 1006 5102 cipio
1016 5028 1211 5103 Apocalypsis,
1223 5030 1350 5085 secunda
1361 5046 1393 5084 ex
1408 5029 1502 5101 capite
1516 5046 1536 5084 n
1549 5033 1671 5086 deluam
1682 5048 1749 5105 ape·

68 5124 181 5193 nudius,
194 5122 350 5180 Ticinensis
365 5129 433 5180 ante
454 5142 564 5180 annum
582 5128 633 5182 520
656 5125 814 5197 episcopus,
832 5140 881 5196 ge·
932 5125 1086 5191 stolorum;
1100 5124 1288 5195 Evangelium
1302 5139 1335 5178 er
1348 5123 1467 5179 loannis
1478 5140 1541 5195 cap.
1557 5141 1601 5179 nx.
1617 5127 1657 5180 Ex
1674 5127 1749 5183 notis

67 5218 178 5274 minam
192 5213 268 5276 cerei
280 5218 421 5292 paschalis
435 5218 668 5275 benedictionem
683 5217 836 5293 scripserit.
933 5218 1087 5275 numericis
1103 5220 1224 5289 apparet
1238 5217 1268 5272 in
1278 5217 1458 5273 Lectionario
1475 5222 1573 5274 nostro
1589 5221 1681 5276 nullas
1695 5239 1748 5294 pro

102 5312 133 5368 ln
146 5311 328 5369 ltissaliitem
341 5312 602 5385 Gothicogallicano
614 5313 721 5370 occurit
730 5313 882 5369 Benedictio
932 5312 1203 5368 DominicaPaschae
1212 5312 1348 5366 lectiones
1355 5311 1391 5366 ad
1398 5311 1513 5384 Vigilias
1523 5329 1573 5368 seu
1579 5315 1749 5372 Matutinum

66 5423 133 5466 aaa
145 5406 220 5465 beati
235 5407 388 5476 Augustini
400 5410 527 5479 epicarmi,
542 5424 624 5478 quam
642 5408 731 5464 adbuc
751 5408 882 5462 diaconus
933 5407 1093 5479 assignatas
1111 5406 1198 5485 fuisse
1211 5422 1218 5472 ;
1233 5421 1286 5461 nec
1301 5406 1423 5462 tortasse
1437 5409 1552 5480 tempus
1566 5408 1626 5464 istis
1640 5409 1749 5481 Vigiliis

67 5520 127 5561 cum
137 5507 216 5567 aaut,
231 5501 318 5557 edidit
328 5506 353 5558 et
366 5504 471 5565 occinit,
485 5501 536 5557 sub
549 5502 603 5558 hoc
614 5502 746 5558 exordio:
757 5502 883 5556 Msultct
930 5501 1112 5557 celebrandis
1127 5500 1271 5573 reliquum
1282 5516 1344 5555 esse
1358 5504 1482 5572 poterat,
1494 5518 1558 5558 eum
1571 5502 1670 5558 omnia
1685 5517 1748 5573 que

61 5599 122 5668 jam
138 5597 265 5666 angelica
285 5596 367 5652 turbu
384 5597 519 5664 celorum,
540 5599 606 5665 ete,
630 5600 661 5651 ut
681 5595 815 5651 modain
831 5612 882 5651 usu
932 5595 1063 5667 superius
1078 5594 1114 5649 de
1135 5594 1261 5651 Sabbata
1281 5598 1381 5651 sancto
1399 5595 1559 5664 retulimus,
1578 5598 1608 5653 in
1627 5595 1748 5650 multam

66 5691 198 5748 habetur.
213 5692 244 5747 ln
256 5690 320 5747 lisa.
331 5690 486 5758 nonnullis,
499 5691 607 5762 putain
618 5690 800 5746 Noviomensi
810 5690 883 5746 aliis
933 5691 1049 5745 noctem
1062 5689 1308 5761 protraherentur.
1325 5689 1389 5746 Alia
1403 5689 1477 5745 ratio
1493 5694 1536 5744 est
1551 5689 1586 5743 de
1606 5682 1751 5745 monaste·

66 5803 131 5864 que,
144 5784 227 5847 idem
246 5784 328 5843 istius
344 5783 554 5844 beneffictiouis
569 5786 667 5842 titulus
686 5784 809 5859 legitur;
824 5787 882 5843 Au·
933 5783 992 5856 riis,
1009 5783 1038 5839 in
1052 5785 1155 5859 quibus
1168 5783 1327 5859 baptismus
1341 5802 1399 5843 non
1412 5781 1624 5842 conterebatur.
1641 5781 1672 5837 ln
1684 5781 1750 5841 llis·
