3884 6150
199 214 251 267 aas
767 212 896 273 suomi
915 217 1011 275 saxu
1029 217 1306 277 surrssusuruu.
1450 196 1456 203 ’
1843 220 1892 273 aaa

200 321 313 375 easdem
332 336 443 388 causas,
463 326 579 392 propter
598 337 668 392 quas
687 323 739 378 hoc
758 323 852 396 ipsum
870 327 918 400 agi
936 329 1060 417 etiamA
1107 331 1141 385 Et
1158 329 1182 384 si
1200 330 1311 385 dicatur
1325 327 1380 384 tale
1392 327 1499 400 aliquid
1511 328 1547 383 de
1560 325 1656 399 aliqua
1669 341 1849 397 eorumquae
1863 328 1892 381 iu

200 430 286 488 supra
304 414 334 470 in
353 415 410 471 lieo
428 414 597 470 amabilibus
611 416 748 490 episcopis
764 420 942 477 sancivimus.
964 422 1019 478 Sed
1070 423 1295 479 diaconissarum
1310 421 1519 478 ordinationem
1531 420 1645 494 ingredi
1664 420 1735 484 vult,
1751 420 1830 492 quod
1843 420 1891 475 ali·

200 530 293 587 neque
313 530 378 568 evim
401 513 451 585 <pri
474 514 608 569 secundas
623 514 709 571 hahet
721 521 771 572 aut
788 519 888 574 habuit
905 521 1018 592 nuptias
1067 518 1113 572 cui
1127 517 1278 574 adhaeserit
1290 517 1342 573 sub
1355 517 1484 589 imagine
1498 515 1613 588 quidam
1625 514 1711 571 honae
1726 513 1890 585 appellatio-

202 608 326 664 ordinari
343 609 373 662 in
391 607 541 663 diaconum
565 614 615 664 aut
638 610 855 682 presbyterum,
875 630 968 686 nequa
995 615 1019 670 si
1066 612 1121 678 nis,
1139 628 1204 666 cum
1219 611 1344 683 maligna
1356 628 1423 667 vero
1437 610 1605 682 suspicione,
1625 626 1685 665 non
1703 613 1822 680 oportet
1839 609 1889 663 hu·

200 699 315 754 mulieri
324 696 513 769 conjungatur
523 698 656 769 sejunctae
669 704 697 755 et
708 701 857 772 proprium
867 703 959 758 virum
969 703 1016 759 do·
1065 705 1192 776 jusmodi
1205 705 1354 761 mulierem
1367 704 1484 777 perduci
1505 704 1620 760 omnino
1634 703 1671 759 ad
1685 701 1890 759 ordinationem

200 796 382 868 relinquenti,
392 811 485 867 neque
499 796 522 850 si
536 796 723 852 concubinam
736 798 847 867 habeat,
859 801 908 855 sed
920 802 1018 857 saltem
1068 798 1214 854 diaconiae.
1226 799 1297 853 Nam
1310 803 1339 854 et
1351 797 1373 853 si
1386 798 1543 867 ordinetur,
1555 801 1584 852 et
1598 797 1654 852 tale
1665 796 1780 868 aliquid
1794 796 1890 868 egerit,

201 890 339 962 ejusmodi
352 906 470 944 uxorem
485 906 550 962 quas
562 907 627 946 cum
640 892 766 947 castitate
777 898 847 948 etex
857 893 1019 966 virginitate
1069 889 1890 964 etcohaeseritalicuicumpradictonomineuutschematc,

201 983 247 1039 sit.
258 984 330 1039 Nihil
346 983 422 1039 enim
435 983 473 1038 sic
483 983 512 1038 in
525 985 610 1039 sacris
622 985 847 1042 ordinationibus
862 987 1017 1059 diligimus,
1068 989 1150 1045 cadat
1167 988 1282 1061 quidem
1295 987 1356 1059 ipsa
1373 985 1543 1053 adiaconis,
1559 989 1588 1040 et
1599 989 1659 1040 tam
1672 984 1737 1057 ipsa
1750 999 1840 1055 quam
1852 982 1892 1038 illc

201 1100 288 1156 quam
301 1099 366 1137 cum
381 1082 506 1137 castitate
520 1082 655 1152 viventes,
667 1088 717 1139 aut
730 1101 795 1139 cum
810 1085 947 1141 uxoribus
962 1103 1020 1141 non
1069 1083 1188 1155 subjecti
1202 1086 1286 1138 erunt
1297 1081 1364 1136 huic
1378 1080 1444 1152 legi,
1463 1083 1492 1135 et
1502 1078 1618 1151 reliquis
1633 1093 1699 1151 quar
1716 1080 1893 1148 corruptores

201 1176 556 1245 cohabitantes,autunius
573 1177 777 1245 uxorisvirum‚
792 1179 841 1250 qui
854 1179 911 1235 sive
923 1180 1018 1250 fuerit,
1069 1177 1203 1249 puniunt.
1217 1176 1333 1247 Oportet
1346 1175 1424 1229 enim
1439 1189 1539 1228 omnes
1552 1189 1616 1245 quc
1629 1172 1803 1228 ordinantur
1813 1187 1893 1226 vene-

201 1275 259 1329 sive
278 1272 371 1327 adhuc
389 1271 433 1340 sit,
454 1275 482 1325 et
500 1270 560 1342 ipse
579 1271 734 1327 castitatem
752 1272 849 1344 eligat,
864 1274 1020 1329 secundum
1069 1271 1173 1327 rabiles
1191 1269 1361 1325 diaconissas
1379 1271 1509 1340 tempore
1529 1266 1718 1323 ordinationis
1732 1265 1821 1321 etiam
1834 1280 1896 1320 mo·

201 1367 312 1423 divinas
324 1365 436 1435 regulas
453 1363 579 1435 primum
599 1365 770 1436 principium
790 1371 818 1421 et
838 1368 1021 1423 manifestum
1069 1365 1143 1436 nem,
1157 1369 1184 1420 et
1197 1380 1292 1419 coram
1305 1362 1421 1434 reliquis
1434 1379 1497 1434 quae
1511 1362 1620 1417 dudum
1634 1364 1704 1416 sunt
1720 1358 1895 1416 venerabiles

202 1461 419 1517 fundamentum
429 1457 549 1514 residuae
558 1458 670 1513 virtutis
682 1459 873 1516 constitutam.
884 1461 913 1516 Si
925 1466 1020 1516 autern
1071 1458 1236 1514 diaconissas
1253 1472 1397 1512 sacrorum
1409 1456 1507 1511 audire
1519 1455 1724 1511 mandatorum
1742 1458 1894 1526 praeccpta,

203 1559 231 1610 et
243 1553 345 1625 aliquis
357 1552 514 1624 presbyter,
536 1554 585 1606 aut
605 1550 750 1622 diaconus,
764 1558 814 1609 aut
831 1554 1021 1610 subdiaconus
1070 1557 1103 1608 ut
1116 1557 1144 1608 et
1156 1553 1225 1624 ipsc.
1239 1551 1290 1606 [tei
1305 1551 1437 1606 timorem
1456 1550 1582 1605 habeant
1595 1552 1625 1604 et
1637 1547 1840 1604 adherentem
1854 1563 1893 1601 sa·

203 1652 299 1720 postea
309 1647 392 1702 ducat
401 1661 518 1700 uxorem
531 1648 581 1699 aut
592 1646 789 1716 concubinam,
800 1651 849 1702 aut
858 1648 961 1719 palam,
972 1653 1022 1703 aut
1072 1647 1127 1702 cris
1140 1645 1280 1701 mandatis
1292 1643 1435 1714 fiduciam,
1450 1643 1570 1699 timeant
1591 1647 1690 1698 autem
1704 1647 1736 1698 et
1748 1640 1892 1708 contundi,

203 1742 321 1808 occulte,
337 1756 414 1794 sacro
428 1738 522 1794 statim
536 1739 617 1794 cadat
630 1739 740 1808 ordine,
755 1746 784 1796 et
796 1741 927 1813 deinceps
937 1727 1059 1799 idiotaB
1072 1745 1100 1796 et
1119 1757 1198 1795 sacro
1219 1739 1318 1795 cadere
1341 1738 1439 1794 ordina
1455 1755 1462 1793 :
1478 1737 1591 1793 scituris
1609 1736 1688 1810 quod
1709 1736 1733 1791 si
1755 1751 1892 1807 prmum·

203 1836 249 1892 sit.
266 1834 343 1899 Quod
359 1832 383 1887 si
398 1836 426 1887 ot
437 1832 525 1887 lector
540 1833 693 1887 secundam
707 1834 793 1888 ducat
807 1851 925 1889 uxorem
939 1836 1022 1890 certis
1071 1834 1188 1906 pserint,
1203 1838 1253 1889 avit
1264 1832 1461 1888 erubescentes
1476 1831 1693 1899 ordinationem,
1710 1834 1762 1884 aut
1774 1829 1891 1885 deretin-

202 1929 238 1985 da
253 1928 343 1984 causis
356 1931 384 1981 ει
398 1943 432 1981 ex
448 1925 624 1981 irrecusabili
638 1928 758 1998 quadam
780 1928 956 1997 necessitate,
970 1945 1020 1984 ne·
1071 1933 1191 2001 quantes
1204 1943 1316 1982 sacrum
1329 1925 1529 1996 ministerium,
1545 1925 1581 1981 ad
1594 1924 1713 1997 nuptias
1724 1923 1835 1993 venire,
1848 1928 1891 1978 aut

202 2039 258 2096 que
271 2021 387 2077 omnino
400 2019 435 2075 ad
446 2019 572 2075 altiorem
587 2021 701 2076 accedat
715 2022 945 2094 gratiamneque
955 2039 1021 2094 per·
1071 2022 1157 2077 aliam
1171 2022 1287 2077 omnino
1299 2021 1386 2077 vitam
1401 2020 1550 2092 elegerint,
1566 2019 1636 2091 ipsae
1648 2017 1773 2091 quidem
1786 2016 1889 2088 obliga·

202 2118 314 2173 fruatur
327 2115 416 2187 gradu
437 2114 542 2184 majore
562 2113 593 2169 in
612 2115 778 2182 sacerdotio,
798 2116 848 2170 sed
862 2123 976 2172 maneat
992 2117 1022 2172 in
1071 2120 1108 2171 tae
1120 2115 1283 2173 cfficiuntur
1297 2113 1393 2184 morti,
1409 2119 1437 2170 et
1450 2112 1605 2169 substantia
1618 2128 1721 2167 earum
1740 2111 1890 2183 applicabi-

202 2211 301 2266 eodem
313 2209 402 2281 gradu
416 2212 563 2279 perpetuo.
579 2207 632 2263 Sed
647 2223 705 2262 non
718 2212 746 2263 et
764 2209 801 2263 ad
815 2210 911 2264 tertias
930 2210 1023 2265 veniat
1071 2215 1120 2264 tur
1143 2208 1326 2265 sanctissimis
1349 2206 1481 2277 ecclesiis,
1501 2212 1550 2262 aut
1568 2205 1755 2262 monasteriis
1783 2205 1813 2260 in
1834 2203 1889 2276 qui·

203 2304 325 2376 nuptias,
342 2302 407 2357 satis
421 2306 462 2356 est
475 2301 552 2356 enim
572 2302 595 2356 si
614 2301 650 2356 ad
670 2302 783 2374 nuptias
796 2303 899 2359 veniat,
914 2304 942 2360 Si
955 2319 1022 2359 vcro
1071 2302 1124 2358 bus
1137 2308 1212 2358 sunt.
1228 2301 1281 2368 Qui
1295 2317 1362 2357 vero
1379 2317 1424 2356 cas
1443 2304 1493 2356 aut
1514 2300 1545 2355 in
1570 2316 1673 2354 uxores
1694 2296 1838 2370 accipere,
1850 2302 1890 2352 aut

202 2398 307 2469 aliquid
321 2396 376 2452 tale
391 2394 491 2467 egerit,
512 2398 541 2449 ει
559 2396 594 2450 ad
613 2396 752 2451 secundas
770 2397 885 2453 veniens
897 2399 1020 2470 nuptias,
1071 2413 1254 2468 corrumpere
1266 2394 1511 2467 praesumpsesint,
1527 2393 1641 2449 obnoxii
1655 2392 1780 2466 quidem
1797 2397 1825 2447 ot
1844 2391 1890 2463 ipsi

202 2491 237 2547 ad
251 2491 387 2562 majorem
402 2489 522 2560 gradum
534 2489 630 2543 venire
643 2489 826 2558 festinaverit,
839 2491 941 2547 exinde
949 2491 1020 2546 idio·
1073 2490 1166 2563 gladio
1178 2492 1272 2557 crunt,
1286 2488 1441 2544 substantia
1464 2492 1558 2543 autem
1581 2503 1682 2542 eorum
1710 2485 1891 2558 applicabitur

201 2590 231 2641 ta
248 2584 311 2651 erit,
331 2587 359 2638 et
377 2581 479 2652 laicus,
498 2581 614 2636 omniuo
633 2599 712 2638 sacro
732 2583 889 2639 ministerio
908 2585 1019 2640 cadens.
1072 2584 1148 2639 fisco.
1165 2583 1195 2640 Si
1210 2583 1286 2638 enim
1299 2583 1328 2637 iu
1341 2581 1464 2654 antiquis
1473 2581 1584 2654 legibus
1592 2579 1760 2652 virginibus
1768 2579 1825 2633 illis
1833 2594 1888 2650 qua

88 2692 92 2700 ⁴
202 2678 306 2735 Pudice
319 2677 395 2731 enim
414 2693 465 2731 nos
484 2693 537 2748 per
554 2677 651 2732 omnia
670 2676 751 2733 decet
769 2677 872 2733 vivere.
897 2678 926 2735 Si
945 2679 1021 2734 enim
1071 2679 1102 2734 in
1124 2694 1223 2734 eorum
1246 2693 1373 2732 errorem
1392 2675 1563 2731 vocabantur
1585 2674 1689 2729 mortis
1712 2672 1888 2729 incumbebat

202 2774 274 2829 tales
282 2770 427 2828 constituti
436 2769 466 2824 hi
476 2770 525 2842 qui
533 2770 562 2825 in
571 2771 646 2825 clero
655 2772 834 2829 adducuntur
843 2773 1019 2843 ordinentur,
1071 2772 1241 2844 periculum,
1257 2771 1396 2842 corruptis
1405 2769 1549 2842 quomodo
1562 2785 1619 2824 non
1632 2768 1729 2840 magis
1743 2785 1799 2823 nos
1813 2767 1842 2823 in
1854 2767 1889 2821 his

202 2866 289 2922 facilis
302 2865 342 2920 eis
355 2863 391 2918 ad
406 2863 600 2936 episcopatum
615 2881 747 2921 ascensus
762 2866 824 2934 erit,
836 2871 865 2922 et
879 2882 914 2921 ex
925 2866 1022 2921 multis
1071 2883 1135 2938 qure
1144 2884 1160 2921 a
1170 2868 1226 2922 Deo
1240 2864 1434 2938 glorificantur
1444 2864 1520 2920 idem
1534 2863 1699 2932 delinimus,
1715 2861 1887 2934 pudicitiam,

200 2960 283 3017 honis
295 2959 362 3012 viris
377 2957 484 3012 facilius
501 2958 683 3013 invenientur
695 2960 744 3031 qui
754 2960 834 3030 digni
846 2960 1023 3015 adducantur
1071 2976 1136 3031 qua
1150 2976 1236 3031 quam
1250 2958 1374 3014 maxime
1389 2957 1521 3019 mulieres
1534 2960 1664 3027 exornat,
1676 2954 1842 3011 conservari
1850 2970 1888 3009 vo·

202 3051 239 3108 ad
253 3052 378 3124 primurn
392 3050 512 3122 gradum
529 3051 687 3107 sacerdotii.
703 3052 814 3117 Quanta
833 3052 921 3123 igitur
935 3070 1021 3125 super
1071 3054 1170 3124 lentes,
1191 3069 1255 3109 cum
1274 3051 1423 3109 conveniat
1441 3051 1648 3107 venerabilibus
1671 3049 1848 3119 diaconissis,
1866 3053 1888 3101 ut

202 3144 376 3201 venerabiles
400 3143 516 3198 clericos
535 3159 551 3197 a
569 3144 651 3198 nohis
666 3145 739 3200 dicta
758 3151 833 3216 sunt,
854 3146 915 3201 hacc
934 3148 1019 3202 etiam
1030 3105 1057 3180 C
1069 3152 1098 3203 et
1110 3147 1185 3219 quod
1200 3151 1332 3202 naturam
1346 3146 1425 3202 decet
1443 3144 1611 3212 custodiant,
1627 3147 1658 3198 ει
1677 3143 1759 3215 quod
1779 3142 1888 3198 debetur

203 3256 289 3312 super
301 3240 359 3294 Deo
374 3237 541 3293 amabilibus
561 3238 722 3293 diaconissis
741 3239 862 3310 intelligi
878 3241 1018 3308 volumus,
1069 3240 1225 3298 sacerdotio
1242 3238 1587 3296 conservent.Secundum
1596 3237 1653 3292 hoc
1666 3242 1769 3292 autem
1779 3241 1808 3292 et
1815 3235 1888 3291 semel

201 3333 410 3406 utnequeipsae
420 3331 490 3386 citra
499 3331 721 3388 observationem
731 3333 809 3388 fiant.
822 3334 877 3389 Sed
892 3335 1019 3406 primum
1069 3336 1155 3391 factos
1172 3335 1305 3390 diaconos
1317 3338 1366 3389 aut
1378 3333 1556 3406 presbyteros
1571 3332 1653 3387 nullo
1672 3331 1764 3386 modo
1778 3329 1887 3386 deretu-

201 3428 317 3503 quidem
330 3427 370 3483 eis
383 3431 505 3495 atatem,
518 3442 611 3498 neque
624 3427 762 3482 novellam
773 3444 843 3496 esse,
855 3445 946 3501 neque
963 3445 1020 3484 crc-
1069 3445 1156 3503 quere
1167 3429 1366 3484 sacerdotium.
1381 3426 1461 3492 Quod
1476 3442 1533 3480 non
1546 3425 1639 3480 solum
1650 3424 1681 3480 in
1691 3424 1854 3496 presbytero
1865 3428 1887 3477 ct

203 3527 339 3591 scentem,
352 3539 388 3577 ne
401 3522 452 3575 hac
466 3521 611 3577 occasione
622 3521 847 3592 delinquendum
861 3523 1018 3594 prosiliant,
1070 3524 1187 3579 diacono
1212 3522 1368 3590 sancimus,
1389 3520 1437 3576 sed
1462 3519 1590 3574 etiamsi
1615 3517 1828 3585 subdiaconus,
1848 3520 1888 3572 aut

201 3618 252 3675 sed
264 3633 349 3688 super
359 3615 483 3670 mediam
494 3615 661 3670 constitutas
675 3621 798 3686 relatam,
811 3622 839 3672 et
850 3617 923 3672 circa
934 3617 1018 3689 quin·
1069 3618 1142 3673 forte
1154 3618 1242 3673 lactor
1250 3616 1299 3671 fiat
1311 3615 1423 3687 aliquis,
1432 3629 1526 3685 neque
1536 3612 1612 3668 hunc
1626 3611 1796 3685 relinquere
1805 3612 1886 3684 prieti·

201 3711 340 3784 quaginta
354 3726 443 3764 anuos
461 3709 617 3764 secundum
636 3709 743 3764 divinas
762 3710 876 3780 regulas
894 3717 1018 3783 agentes.
1069 3710 1275 3777 numschcma,
1291 3708 1369 3764 etad
1386 3709 1504 3763 alteram
1519 3706 1644 3778 migrare
1659 3705 1752 3762 vitam
1773 3725 1780 3761 :
1798 3703 1888 3778 quiasi

203 3804 303 3876 Sisque
316 3819 423 3858 sacram
441 3803 599 3874 promereri
613 3802 821 3859 ordinationem
835 3808 884 3859 aut
897 3804 1020 3877 virgines
1069 3807 1124 3861 tale
1134 3805 1242 3877 aliquid
1257 3803 1357 3877 egerit,
1371 3802 1527 3858 secundum
1541 3799 1618 3874 quod
1632 3817 1649 3855 a
1661 3800 1747 3856 nohis
1759 3800 1822 3871 jam
1833 3815 1886 3853 san·

203 3898 377 3964 constitutas,
397 3899 446 3950 aut
463 3912 527 3967 quae
542 3896 625 3950 unius
638 3897 691 3951 viri
705 3897 817 3952 fuerant
834 3915 946 3954 uxores,
961 3900 1021 3954 Non
1070 3899 1159 3955 citum
1172 3903 1224 3968 est,
1239 3897 1330 3953 autin
1345 3896 1451 3951 curiam
1464 3912 1530 3951 cum
1545 3879 1717 3962 substantia,
1734 3900 1785 3949 aut
1794 3892 1843 3948 sub
1855 3893 1889 3946 in·

204 3991 281 4048 enim
298 3989 490 4063 permittimus
502 4005 607 4061 meque
630 3991 767 4045 secundas
792 3992 1021 4048 contrahentibus
1070 3993 1135 4065 cpia
1147 3993 1253 4065 degens
1264 3991 1300 4047 ad
1315 3989 1465 4046 officialem
1483 3990 1642 4060 deponetur
1660 3987 1819 4043 ior-trinam.
1839 3985 1888 4042 Sed

203 4086 327 4158 nuptias,
346 4099 441 4156 neque
457 4083 544 4138 vitam
563 4099 620 4138 non
640 4083 809 4139 habentibus
830 4089 869 4150 (ut
887 4086 1020 4159 diximus)
1070 4104 1163 4159 neque
1176 4087 1279 4142 ellusas
1292 4084 1428 4157 competit
1445 4083 1506 4140 lieri
1522 4083 1673 4139 decutere
1695 4080 1889 4138 reverendissi-

202 4176 490 4252 irreprehensibilem,
511 4177 646 4249 omnique
671 4178 828 4250 suspicione
847 4179 966 4235 liberam
984 4181 1020 4236 ad
1070 4197 1184 4237 morum
1195 4179 1364 4236 clericorum
1372 4177 1570 4235 ordinationes.
1582 4175 1664 4240 Quod
1672 4177 1756 4231 enim
1765 4176 1891 4231 hactenus

200 4291 313 4332 sacrum
331 4272 426 4328 venire
443 4271 622 4344 mysterium,
643 4274 671 4326 et
689 4272 840 4328 adorandis
859 4273 1020 4331 ministrare
1072 4277 1183 4348 gestum
1199 4279 1252 4345 est,
1267 4274 1334 4329 licet
1348 4272 1453 4344 corrigi
1465 4273 1617 4344 oporteret,
1634 4274 1767 4326 attamen
1785 4272 1892 4342 propter

201 4368 428 4443 baptismatibus,
444 4370 473 4421 et
486 4366 549 4421 aliis
563 4366 658 4422 adesse
677 4367 868 4439 secretisque
887 4368 916 4423 in
934 4385 1019 4424 vene·
1071 4373 1185 4440 tempus
1205 4368 1335 4423 sinimus.
1355 4368 1393 4422 lia
1409 4370 1513 4422 caetero
1531 4368 1627 4420 autem
1641 4379 1702 4418 non
1716 4369 1834 4436 propter
1845 4361 1892 4418 boc

202 4463 339 4520 rabilibus
362 4461 526 4516 ministeriis
544 4477 596 4532 pcr
614 4476 660 4515 eas
679 4461 731 4516 rite
755 4467 888 4533 aguntur.
909 4462 938 4517 Si
956 4478 1021 4518 vero
1031 4476 1060 4549 D
1071 4463 1144 4528 lieri,
1154 4479 1247 4535 neque
1257 4462 1292 4516 ad
1302 4462 1438 4516 damnum
1453 4457 1697 4514 sanctissimarum
1715 4457 1890 4514 ecclesiarum

202 4557 333 4630 quisdam
361 4555 512 4612 necessitas
530 4555 589 4624 tiat,
610 4558 639 4610 et
656 4555 796 4610 minorem
815 4557 849 4611 ab
869 4557 920 4611 hac
940 4560 1022 4612 etate
1073 4557 1169 4613 venire
1182 4556 1336 4612 sancimus.
1347 4556 1529 4625 Quaecunque
1541 4551 1630 4624 igitur
1640 4551 1798 4623 oportebat
1806 4549 1890 4606 detali

204 4667 291 4725 quarn
305 4650 427 4705 diximus
437 4650 562 4705 ordinari
572 4650 757 4706 diaconissam
772 4651 934 4722 contigerit,
942 4651 1024 4706 liceat
1073 4651 1158 4706 modo
1172 4652 1202 4706 in
1222 4648 1398 4705 sanctissima
1418 4647 1526 4718 majore
1543 4645 1660 4702 ecclesia
1687 4645 1778 4717 hujus
1799 4646 1890 4701 nostras

204 4761 266 4802 eam
284 4745 313 4800 in
327 4745 421 4816 aliquo
434 4743 638 4798 venerabilium
656 4744 857 4799 asceteriorum
877 4744 1022 4815 destinari,
1073 4745 1160 4817 regiae
1174 4744 1303 4811 civitatis,
1316 4748 1345 4798 et
1357 4742 1409 4797 sub
1422 4758 1454 4797 ea
1467 4740 1628 4796 constitutis
1650 4740 1840 4796 sanctissimis
1850 4754 1889 4793 ec·
1920 4757 1922 4765 ’

202 4841 233 4896 in
248 4857 305 4913 quo
317 4838 445 4894 hahitare
457 4838 545 4910 possit
558 4853 739 4909 nequaquam
754 4838 873 4894 admista
884 4839 961 4909 viris,
972 4855 1022 4894 ne·
1074 4838 1175 4907 clesiis‚
1190 4843 1219 4894 ει
1230 4838 1301 4908 aliis,
1317 4853 1381 4909 quoe
1393 4836 1439 4891 hic
1452 4839 1528 4906 sunt,
1542 4834 1616 4905 lieri,
1627 4833 1693 4889 haec
1707 4834 1824 4907 speciali
1836 4832 1890 4903 lege

105 4926 110 4942 ⁸
204 4951 260 5007 que
274 4950 324 4989 suo
337 4933 466 4988 habitans
478 4931 606 5001 arbitrio,
619 4931 666 4987 sed
681 4932 746 4986 vita
764 4938 899 5004 separatu
921 4938 949 4989 et
961 4950 1022 4988 nro·
1076 4932 1218 5004 complexi
1231 4948 1339 4987 sumus.
1356 4933 1387 4986 ln
1401 4929 1532 4986 omnibus
1545 4932 1641 4984 autem
1663 4944 1734 5000 quae
1753 4927 1891 4984 torissuat

205 5028 301 5083 destim
311 5045 327 5081 a
336 5028 515 5084 convenienti
524 5025 705 5083 multitudine
714 5026 821 5081 bonum
830 5027 1024 5083 testimonium
1074 5028 1143 5083 locis
1157 5026 1308 5095 sancimus,
1325 5025 1347 5080 si
1361 5025 1425 5097 quis
1445 5040 1511 5079 cum
1525 5021 1671 5077 constituit
1685 5023 1723 5077 ab
1736 5021 1819 5078 initio
1829 5020 1889 5076 edi·

205 5119 321 5176 habens.
337 5120 471 5177 Volumus
489 5126 584 5177 autem
597 5123 625 5175 at
636 5119 710 5192 ipsas
731 5136 795 5192 qua
814 5120 850 5175 ad
869 5121 1022 5177 ordinatio·
1073 5122 1157 5177 sscare
1171 5120 1327 5189 ecclesiam,
1343 5118 1469 5174 delinivit
1479 5116 1707 5174 ordinandorum
1721 5130 1890 5178 mensuram,

205 5231 273 5271 nem
287 5213 481 5286 perducuntur
493 5215 673 5284 diaconissas,
687 5215 744 5269 sive
758 5231 793 5269 ex
807 5215 951 5283 viduitate,
967 5216 1024 5271 sive
1074 5218 1209 5288 tauquam
1223 5215 1378 5270 secundnm
1392 5229 1455 5269 eam
1477 5228 1617 5284 expensas
1630 5211 1822 5279 constituens,
1840 5224 1891 5264 nor

206 5325 241 5366 cx
253 5307 425 5379 virginitate,
439 5325 574 5364 nonaum
588 5309 684 5381 aliquo
693 5309 846 5379 cohaerere,
857 5314 907 5365 aut
918 5326 1022 5381 cogna-
1073 5311 1153 5383 prius
1165 5309 1290 5365 ordinari
1304 5324 1476 5381 quemquam
1490 5306 1520 5361 in
1532 5305 1633 5362 eadem
1649 5305 1785 5372 ecclesia,
1797 5304 1850 5360 uisi
1861 5300 1890 5356 ad

203 5409 312 5471 torum,
333 5405 382 5454 aut
400 5415 499 5454 eorum
517 5418 588 5472 quos
607 5402 753 5474 appellant
777 5402 891 5458 dilectos
912 5403 1024 5473 (talibus
1073 5402 1408 5475 numerumeprincipio
1431 5400 1579 5457 delinitum
1602 5398 1665 5470 ejus
1687 5414 1826 5455 mensura
1851 5411 1889 5451 re·

205 5499 282 5555 enim
302 5494 466 5551 nominihus
486 5498 605 5563 utentes,
626 5496 754 5568 maligna
773 5497 930 5568 suspicione
943 5514 1023 5553 suam
1073 5499 1196 5569 digatur.
1211 5497 1239 5554 Si
1253 5512 1319 5552 vero
1335 5496 1390 5551 hoc
1402 5511 1460 5551 non
1478 5492 1585 5560 fecerit,
1608 5491 1672 5564 ipsa
1689 5508 1761 5548 vero
1782 5489 1891 5548 civitatis

204 5592 317 5664 replent
326 5587 488 5660 vitnmt,sed
498 5593 547 5642 aut
557 5588 625 5642 solae
636 5589 773 5657 habitent,
783 5597 832 5647 aut
844 5608 909 5646 cum
918 5609 1021 5664 paron·
1073 5592 1188 5646 ecclesia
1200 5591 1342 5646 ririnistrat
1355 5589 1559 5656 emolumenta,
1574 5589 1605 5640 et
1619 5585 1672 5641 sibi
1688 5590 1718 5642 et
1731 5585 1797 5641 aliis
1811 5583 1889 5640 ecclc·

205 5682 282 5737 tibus
294 5681 368 5744 solis,
380 5686 409 5735 et
422 5677 497 5747 liliis,
508 5682 557 5732 aut
571 5693 635 5732 vere
645 5677 788 5747 fratribus,
798 5684 848 5735 aut
857 5699 923 5736 cum
932 5681 976 5736 his
989 5682 1023 5736 de
1073 5685 1131 5755 siis,
1145 5689 1213 5740 tuuc
1228 5702 1285 5740 non
1298 5689 1463 5758 promptum
1476 5681 1512 5737 sit
1525 5697 1631 5754 augere
1643 5680 1689 5736 illi
1704 5679 1833 5748 clericos,
1845 5693 1890 5733 ne·

206 5775 309 5847 quihus
319 5775 341 5829 si
358 5774 421 5846 quis
440 5772 577 5845 suspicari
594 5771 703 5845 aliquid
717 5777 929 5846 presumpserit
941 5776 1021 5830 mali·
1072 5794 1128 5852 que
1140 5785 1258 5852 propter
1272 5779 1381 5852 aliquas
1392 5778 1464 5834 forte
1488 5775 1700 5848 compassiones
1720 5776 1772 5832 eat
1791 5769 1889 5830 benefi-

194 5864 1020 5945 gnum,ipseinsipienssimulctimpiustorsanputahitur.
1073 5873 1163 5929 ciaex
1182 5873 1235 5929 hoc
1255 5889 1317 5930 eam
1343 5872 1503 5946 sumptibus
1525 5884 1718 5945 pregravare.
1744 5867 1808 5926 uon
1831 5869 1891 5924 sunt
