3884 6150
655 252 800 307 sanctes
818 250 1007 319 dorminut,
1027 249 1231 307 PARlSlENSlS
1250 250 1437 308 EPlSCOPl'S.
1852 244 1885 299 76
1907 285 1910 289 f

199 358 307 414 amicus
320 358 423 415 Christi
435 375 501 415 cum
514 359 654 431 lacrymis.
674 361 790 413 Prorsus
811 359 928 414 obtentu
949 375 1012 413 ora-
1024 373 1054 446 Α
1064 358 1156 429 digus,
1172 358 1304 429 explicari
1317 375 1374 412 non
1389 356 1503 429 poterit,
1517 372 1570 413 nec
1584 356 1607 412 si
1619 356 1705 413 totius
1717 357 1816 428 populi
1831 375 1886 414 vox

199 452 255 507 culi
268 453 428 526 insequenti
441 457 522 509 nocte
535 468 644 508 earcere
658 451 794 523 patefacto
815 452 850 506 ab
870 453 1014 508 basilicam
1063 452 1092 506 in
1106 468 1162 507 uno
1177 468 1205 508 se
1222 452 1353 523 glutinet.
1366 451 1419 516 Qui
1437 451 1601 523 frequenter
1626 453 1776 506 contentus
1790 453 1886 508 casula

199 547 287 602 sancti
312 547 412 603 Auiani
438 545 613 617 confugiunt.
636 546 670 599 Et
694 544 734 600 ita
759 544 857 601 beatus
884 545 1013 601 Pontifex
1063 546 1223 616 veltumea,
1241 545 1377 617 quidquid
1392 548 1452 600 eret
1472 544 1587 614 residui,
1601 545 1711 600 nudum
1728 561 1886 617 pauperem

200 640 329 713 quamvis
339 640 535 713 praetercundo
547 642 609 709 post
622 654 651 693 se
665 639 780 711 reliquit
800 639 977 712 suffragium.
1063 639 1209 710 vestiebat,
1220 643 1251 693 ul.
1257 640 1338 710 inops
1347 639 1489 694 calefieret
1497 638 1633 710 largitore
1641 639 1764 710 algente.
1774 640 1886 704 Quanta

236 735 308 791 Lxx.
336 736 395 789 Non
418 732 563 788 fastidium
597 733 634 787 sit
664 732 762 788 audire
788 733 864 805 quod
890 733 1014 789 Christus
1064 733 1148 787 etiam
1161 732 1247 787 fuerit
1256 732 1752 803 redemptioniseflusio,nullatenus
1764 733 1887 805 explica-

199 831 316 900 praestat
336 825 476 897 fidelibus,
502 827 571 881 dum
595 827 798 882 miraculorum
819 827 904 882 simul
925 826 1014 881 virtus
1063 826 1141 880 bitur
1150 826 1193 882 vel
1205 826 1266 880 loco
1280 827 1322 881 vel
1336 843 1466 882 numero.
1482 827 1560 882 Unde
1576 828 1641 881 sunt
1655 826 1797 898 contiguae
1812 843 1884 898 gen-

199 921 298 976 crescit
309 923 337 975 et
348 935 494 975 numerus.
513 922 608 991 ltaque
623 920 803 976 Sanctissimo
814 919 935 975 occurrit
949 918 1012 990 qui-
1064 921 1106 975 tes
1117 919 1148 974 in
1159 919 1365 990 testimonium,
1380 920 1519 991 llispanus
1541 919 1650 989 Scotus,
1671 919 1758 990 Brito,
1773 921 1885 989 Waseo,

198 1014 263 1069 dam
288 1013 422 1083 Parisius,
449 1013 530 1085 cujus
554 1014 635 1086 quasi
659 1031 774 1087 pugnus
801 1013 1015 1070 extuberaverat
1064 1012 1147 1080 Saxo,
1159 1012 1407 1084 burgundio,cum
1420 1013 1456 1068 ad
1469 1029 1576 1068 nomen
1591 1012 1669 1068 lteati
1682 1016 1887 1068 concurrerent

198 1107 304 1177 oculus,
319 1112 351 1162 ut
362 1107 447 1162 etiam
460 1107 551 1162 dictus
563 1111 694 1179 vergeret
715 1107 745 1162 in
759 1107 842 1162 ruina
863 1111 928 1179 post
949 1107 1013 1161 vul·
1064 1105 1189 1176 undique
1199 1105 1338 1160 liberandi
1343 1107 1414 1177 jugo
1428 1105 1543 1162 servitii.
1552 1107 1622 1162 Cum
1632 1122 1699 1161 vero
1706 1105 1887 1178 aliquatenus

197 1218 275 1256 nera.
291 1202 351 1266 Quo
363 1204 502 1273 regnante
513 1200 556 1255 vir
568 1201 616 1256 Dei
628 1200 663 1256 de
678 1200 830 1256 salivaoris
843 1201 887 1256 sui
900 1200 1015 1256 oculum
1063 1198 1136 1254 nibil
1156 1203 1229 1254 esset
1248 1216 1306 1270 prce
1329 1200 1469 1270 manibus,
1496 1199 1583 1255 tristis
1610 1199 1710 1255 sedens
1733 1202 1763 1254 et
1783 1200 1887 1255 anxius

195 1295 332 1366 illiniens,
346 1294 487 1350 medelam
500 1293 603 1349 lumini
616 1295 755 1350 revocavit
769 1298 798 1350 et
809 1294 940 1366 gratiam.
1065 1292 1186 1348 severior
1197 1293 1227 1347 in
1241 1293 1343 1362 ¹vultu,
1366 1296 1495 1349 austerus
1517 1296 1578 1348 erat
1602 1293 1737 1365 alloquio.
1760 1294 1837 1349 Tunc
1862 1294 1886 1348 si

232 1388 315 1443 11111.
343 1389 465 1444 Moverta
494 1386 550 1459 [Al.
576 1388 709 1459 Navarra]
743 1389 874 1461 quaedam
904 1387 1015 1443 Parisiis
1063 1386 1342 1459 fortassisabaliquo
1355 1387 1570 1442 invitareturad
1583 1386 1746 1459 prandium,
1761 1387 1885 1459 compet·

196 1483 340 1554 pustulam
352 1482 459 1536 babens
473 1481 503 1536 in
514 1481 641 1549 brachio,
656 1483 779 1537 cruciata
793 1482 946 1551 doloribus,
966 1498 1014 1536 oc·
1064 1480 1139 1536 lebat
1152 1481 1282 1536 convivas
1294 1484 1343 1536 aut
1357 1481 1503 1536 ministros
1515 1480 1654 1553 proprios,
1666 1482 1697 1535 ut
1708 1481 1885 1536 conferentes

196 1592 313 1631 currens
336 1576 416 1631 beato
443 1575 514 1646 viro,
534 1575 596 1647 pari
616 1575 802 1631 medicamine
821 1580 898 1632 tactu
922 1574 1015 1630 salivae
1065 1574 1171 1646 pariter
1184 1575 1258 1630 unde
1272 1576 1314 1630 vel
1328 1592 1417 1630 unum
1431 1575 1573 1647 captivum
1594 1573 1884 1642 servitioliberarenl,

198 1672 294 1725 curata
307 1673 358 1726 est.
1065 1671 1093 1722 et
1107 1668 1145 1722 sie
1157 1668 1364 1740 aliquantulum
1381 1668 1536 1724 Sacerdotis
1558 1668 1709 1739 respiraret
1721 1668 1837 1722 annnus
1851 1684 1884 1723 ex

202 1818 207 1823 ,
233 1762 329 1819 LXllll.
351 1762 406 1818 Sed
428 1763 452 1818 si
464 1778 653 1835 exsequamur
677 1763 882 1818 miraculorum
905 1748 1054 1835 singulaB
1065 1778 1197 1816 nroerore.
1212 1762 1291 1826 Quod
1305 1762 1328 1816 si
1341 1762 1476 1817 [lominus
1492 1761 1597 1833 aliquid
1608 1778 1660 1833 per
1674 1777 1776 1816 manus
1791 1760 1884 1816 Sancti

197 1872 262 1928 quae
274 1856 331 1910 suis
345 1856 430 1928 gestis
441 1857 577 1929 praesenti
585 1857 743 1912 floruerunt
752 1857 781 1912 in
795 1856 861 1927 vita,
877 1857 938 1911 boec
952 1856 1013 1912 sine
1063 1856 1282 1927 dispensandum
1290 1855 1420 1911 alicunde
1429 1856 1574 1928 dirigeret,
1589 1871 1656 1910 mox
1666 1854 1885 1927 inspirituprae·

198 1949 255 2004 fine
272 1952 339 2004 sunt
359 1954 458 2022 capta,
481 1966 541 2005 non
563 1951 616 2006 erit
642 1951 743 2006 modus
757 1951 786 2005 in
808 1951 924 2022 pagina.
944 1950 1013 2015 Quia
1064 1950 1160 2005 videns
1173 1950 1269 2005 solitus
1289 1954 1350 2005 erat
1372 1950 1465 2005 dicere
1485 1949 1616 2004 :Gratias
1640 1965 1759 2020 agamus
1782 1949 1884 2003 dirime

198 2058 384 2116 quaecumque
402 2042 543 2098 Pontificio
557 2060 586 2100 se
600 2044 738 2099 convertit
761 2044 923 2115 praesentia,
936 2044 1014 2099 nulla
1063 2043 1236 2113 Clementiae,
1250 2060 1318 2098 nam
1340 2043 1414 2098 unde
1436 2042 1485 2097 liat
1498 2041 1657 2112 redemptio
1671 2042 1883 2113 appropinqua·

198 2136 362 2192 morborum
376 2137 526 2209 generibus
545 2136 636 2193 defuit
653 2137 795 2193 medicina
816 2141 844 2192 et
864 2142 970 2210 quanta
985 2155 1013 2194 se
1063 2138 1113 2192 vit.
1128 2137 1267 2193 Continuo
1282 2137 1342 2192 sine
1359 2136 1545 2208 ambiguitate
1565 2152 1690 2207 praesens
1711 2135 1884 2206 probabatur

197 2230 362 2286 obtulerunt
375 2230 573 2302 languentium
585 2228 712 2299 vulnera,
727 2231 826 2286 salutis
834 2230 910 2286 fudit
921 2236 960 2287 tot
974 2249 1014 2288 se·
1064 2231 1189 2286 eftectus.
1205 2231 1284 2296 Quod
1299 2231 1368 2285 dum
1387 2231 1540 2301 accepisset
1561 2229 1591 2284 in
1604 2230 1746 2299 manibus,
1761 2229 1886 2284 resolute

199 2323 286 2378 mina.
300 2324 425 2396 Namque
439 2324 532 2395 prima
550 2324 694 2379 Pontificis
714 2340 904 2397 exsequamur
916 2326 959 2380 vcl
975 2326 1015 2381 ul·
1064 2342 1136 2397 ruga
1148 2325 1249 2381 frontis
1267 2324 1346 2379 vultu
1365 2324 1488 2379 florebat
1506 2324 1610 2394 senior,
1627 2340 1725 2395 gressu
1746 2323 1884 2394 pergebat

198 2416 278 2484 timo,
297 2433 363 2471 cum
376 2433 428 2489 per
440 2417 554 2473 salivam
567 2417 624 2473 oris
636 2417 678 2472 sui
697 2418 788 2474 multa
801 2421 897 2474 curata
908 2417 1016 2474 tuerint
1064 2419 1192 2489 alacrior,
1205 2418 1303 2490 lingua
1317 2418 1421 2473 fluebat
1430 2417 1639 2490 jucundiorrut
1654 2417 1784 2473 crederes
1796 2415 1887 2471 homi·

198 2509 304 2582 ulcera,
318 2515 437 2582 purgata
448 2511 505 2566 sint
523 2526 725 2583 energumena.
734 2515 806 2568 Ante
819 2528 905 2584 quem
918 2528 1015 2584 quam·
1064 2529 1132 2570 nem
1145 2528 1196 2583 pro
1211 2511 1383 2568 redimendis
1395 2512 1455 2568 aliis
1469 2529 1497 2568 se
1510 2512 1603 2583 ipsum
1617 2511 1761 2567 servitutis
1773 2509 1885 2566 vinculo

198 2603 357 2660 visocculte
373 2604 495 2660 venisset
513 2604 601 2660 hostia
619 2605 757 2678 nequitia,
771 2605 865 2661 statim
884 2622 914 2661 se
926 2606 1015 2661 mani·
1064 2605 1255 2662 liberandum.

197 2697 308 2754 festavit
322 2696 501 2753 fraudulenta
514 2698 623 2755 fallacia
637 2717 644 2756 ι
659 2716 692 2754 ac
704 2700 740 2754 de
757 2704 909 2772 conspectu
926 2699 1014 2755 sancti

197 2789 250 2846 viri
261 2790 329 2862 quia
340 2790 424 2846 celari
436 2807 495 2846 non
507 2795 647 2864 poterant,
659 2808 712 2848 nee
721 2792 880 2849 tolerabant
891 2809 1015 2866 proesen-

196 2883 276 2955 tiam,
290 2883 410 2939 terribili
423 2884 535 2939 ululatu
549 2901 599 2939 sua
620 2885 773 2956 gemebant
793 2885 934 2956 incendia,
949 2903 1013 2958 pas-

199 2976 253 3030 sim
266 2991 319 3047 per
332 2975 392 3030 loca
410 2976 556 3031 volitantia
569 2978 748 3048 exponebant
763 2982 792 3035 et
807 2978 936 3047 crimina,
952 2994 1014 3035 sus-

198 3067 280 3140 pensi
290 3084 414 3139 peraeae
425 3068 663 3140 :trequenternec
670 3070 837 3142 interrogati
847 3071 1016 3127 confiteban-

199 3162 246 3215 tur
259 3163 287 3216 et
299 3161 426 3216 nomine.
439 3161 510 3217 Cum
524 3177 599 3233 saepe
614 3179 664 3217 suo
677 3162 802 3234 impulsu
815 3164 967 3220 currebant
979 3165 1015 3220 ad

198 3255 328 3308 sanctum
345 3254 438 3308 virum
458 3255 608 3311 crucianda
620 3255 769 3312 doemonia.
784 3257 869 3329 Cujus
884 3258 1015 3316 minister

200 3362 256 3418 quo
267 3347 329 3402 loco
340 3346 434 3402 Sancti
446 3347 562 3404 tenebat
573 3348 716 3416 baculum,
733 3349 790 3404 illic
803 3366 1015 3422 energumenus

199 3439 341 3511 pendebat
359 3440 496 3513 religatus
514 3457 581 3498 aero
596 3442 715 3515 vinculo,
730 3446 759 3499 et
781 3444 862 3516 quasi
874 3444 959 3501 clavis
971 3446 1013 3501 af-

142 3580 148 3588 ,
199 3531 256 3588 fixo
268 3534 417 3590 tenebatur
429 3534 558 3607 vestigio,
1100 3514 1207 3569 LllllVl.
1223 3513 1275 3579 Qui
1287 3512 1417 3585 equitans
1438 3512 1469 3567 in
1489 3512 1601 3581 itinere,
1625 3529 1737 3584 semper
1757 3515 1814 3569 Deo
1838 3513 1888 3570 ali-

234 3626 342 3681 Lxxsst
356 3627 389 3682 Ει
403 3626 471 3699 quia
491 3629 586 3684 sancto
608 3628 667 3684 viro
690 3646 765 3702 ,aepg
785 3629 894 3687 inimici
915 3632 1014 3689 tende,
1065 3606 1134 3679 quid
1147 3609 1196 3662 eut
1208 3607 1291 3663 verbo
1305 3606 1424 3661 contulit
1432 3608 1480 3661 aut
1489 3605 1623 3676 cantavit,
1633 3623 1749 3662 cursum
1764 3607 1799 3678 (a)
1808 3608 1887 3663 nudo

199 3716 303 3772 buntur
313 3716 433 3788 insidiae,
454 3722 485 3773 ut
501 3722 550 3774 aut
562 3737 652 3792 equus
664 3721 776 3794 lapsum
789 3723 957 3781 incurreret.
972 3725 1015 3780 vel
1065 3699 1155 3770 ⁰³91oe
1168 3700 1274 3770 fflcemr
1289 3699 1342 3755 ⁰t⁵i
1354 3699 1404 3755 ¹¹1¹
1417 3703 1465 3754 ³¹¹³
1485 3699 1578 3754 imber
1597 3702 1721 3771 urgeret·
1733 3699 1804 3754 ‘3¹¹¹ss
1820 3717 1888 3758 lem

201 3823 297 3883 tamus
309 3809 418 3864 arboris
436 3813 574 3882 angeret,
596 3815 646 3868 aut
664 3831 738 3886 aqua
754 3816 834 3871 vellis
853 3817 897 3872 vel
912 3816 1015 3888 glacies
1067 3793 1144 3848 venit
1155 3792 1326 3848 admensam
1339 3792 1487 3848 confestim
1501 3793 1620 3847 recitans
1644 3793 1733 3850 adfuit
1752 3793 1888 3851 minister

199 3900 357 3972 perieulum
370 3907 532 3974 generarer3
547 3920 614 3960 mox
626 3906 676 3978 quq
688 3910 737 3962 aug
749 3909 849 3980 quang
863 3913 913 3965 ,ut
925 3910 1016 3982 quali,
1067 3885 1161 3941 divina
1173 3885 1323 3957 colloquia,
1338 3889 1370 3940 ut
1382 3885 1459 3941 inter
1480 3884 1536 3940 cibi
1556 3885 1662 3942 fercula
1683 3886 1772 3941 animi
1788 3890 1886 3958 pastus

200 3996 244 4048 ter
256 3996 347 4049 totum
367 3996 554 4067 energumina
573 3998 680 4054 factum
700 4016 786 4056 omne
807 4002 1017 4059 confitebantur
1066 3978 1202 4034 alimum
1219 3978 1283 4050 Plus
1304 3979 1751 4035 satum1'flt⁰l⁰⁰nlil⁸·N¹¹llUffl
1772 3982 1886 4054 femi)us

202 4088 231 4141 et
244 4102 406 4142 numerum,
424 4088 494 4142 cum
507 4105 573 4144 vero
585 4091 686 4161 pedem
700 4093 812 4149 effemq
826 4095 860 4150 de
875 4096 960 4151 domo
973 4097 1017 4153 ,01
1066 4070 1241 4144 interpolans
1253 4087 1310 4145 quo
1319 4087 1377 4128 non
1390 4075 1440 4127 aut
1450 4070 1514 4127 aliis
1527 4073 1683 4144 prodesset,
1695 4077 1744 4128 aut
1756 4074 1886 4147 nonipse

135 4220 138 4225 ·
202 4179 328 4251 ecclesia,
343 4179 452 4235 videres
462 4183 571 4254 strages
583 4183 746 4240 daemonum
759 4190 824 4242 ante
836 4188 908 4244 tanti
919 4189 1015 4245 Ponti·
1065 4164 1227 4239 Pfflfioelssi·

201 4271 261 4338 flcis
269 4289 301 4328 ac
308 4273 524 4346 triumphatoris
533 4274 674 4333 obtutum.
685 4278 828 4335 Cadebant
839 4280 912 4336 cirea
923 4282 1017 4338 Sancti
1100 4282 1218 4338 LllllVll.
1239 4284 1378 4349 Quantam
1394 4300 1461 4340 vero
1479 4284 1641 4357 vigiliarum
1659 4301 1756 4341 curam
1771 4303 1886 4360 semper

201 4366 364 4422 catervatim
375 4367 494 4441 vestigia
505 4368 622 4425 diversis
634 4370 726 4427 modis
738 4372 826 4428 offusa
836 4389 842 4428 :
854 4372 1014 4445 haecmuta,
1064 4358 1243 4446 impenderet
1255 4376 1317 4450 quis
1330 4379 1466 4434 enarret?
1485 4380 1540 4434 dut
1559 4378 1693 4434 toleratos
1711 4380 1823 4452 algores
1837 4398 1884 4436 ar·

202 4455 250 4512 illa
261 4457 412 4515 clamantia
419 4477 429 4531 ;
456 4461 502 4516 illa
515 4461 581 4534 fixa,
598 4463 660 4520 haee
684 4463 803 4521 lubrica.
830 4467 865 4521 111
885 4467 961 4524 velut
982 4469 1056 4555 adl)
1067 4465 1135 4524 dore
1148 4468 1215 4526 fidei
1226 4471 1380 4541 praeditet?
1394 4487 1460 4527 cum
1472 4471 1637 4543 frequenter
1647 4472 1678 4528 in
1690 4472 1793 4528 lectulo
1807 4476 1886 4530 ente-

199 4546 326 4620 judicem
340 4551 410 4606 dum
427 4556 506 4623 gesta
526 4555 666 4613 referrent
683 4558 808 4630 propria,
831 4575 890 4615 non
903 4560 1019 4633 effugio·
1067 4563 1323 4636 quemreliquosde
1334 4579 1433 4636 soporo
1442 4568 1637 4622 commoneret
1647 4568 1884 4639 assurgere,quin

202 4639 272 4696 bant
285 4643 437 4699 torruenta.
449 4645 504 4701 Sed
515 4647 551 4702 ad
564 4648 660 4705 Sancti
668 4652 843 4722 praeconium
857 4656 962 4726 quanta
975 4657 1018 4711 est
1067 4655 1204 4727 quaginta
1214 4656 1338 4728 psalmos
1350 4658 1393 4714 vel
1407 4656 1539 4730 amplius,
1554 4657 1710 4715 indefessus
1723 4659 1753 4715 in
1772 4660 1883 4731 templo

203 4732 265 4790 haee
274 4733 406 4806 laudatio,
418 4752 483 4791 eum
496 4737 677 4798 ineffabiliter
686 4744 776 4800 multa
788 4747 817 4801 et
831 4747 969 4819 stupenda
980 4748 1016 4804 ab
1067 4747 1111 4803 sui
1124 4749 1245 4819 pectoris
1257 4750 1374 4806 Domino
1388 4752 1558 4808 decantaret.
1572 4752 1626 4808 Sed
1642 4752 1705 4824 quis
1726 4752 1799 4808 illud
1819 4752 1882 4808 fur·

204 4840 238 4883 eo
249 4825 350 4884 flerent
361 4827 412 4883 sub
425 4832 595 4887 momento?
1067 4842 1128 4895 tum
1140 4840 1208 4897 felix
1219 4841 1291 4914 me,
1304 4844 1425 4916 felicem]
1446 4846 1490 4901 vel
1506 4843 1606 4902 auditu
1629 4845 1750 4901 senserit
1762 4846 1806 4901 vel
1819 4844 1883 4902 visu

240 4921 347 4977 LlllllV.
362 4921 502 4980 Ceterum
517 4924 703 5000 eleemosynis
714 4930 852 5001 quantum
861 4931 1018 5007 fueritpro·
1066 4933 1294 5008 deprehenderit,
1307 4937 1446 5011 cumipse
1466 4937 1501 4995 dc
1520 4939 1622 4995 lectulo
1638 4939 1805 5012 frequenter
1819 4937 1883 4996 sine

202 5034 277 5118 ⁴¹(Uo)
291 5036 351 5093 Seri
373 5039 571 5120 tores'antiqui
586 5056 681 5098 currus
695 5059 744 5100 eeu
758 5045 1017 5107 decursusnomine
1117 5051 1141 5106 is
1163 5052 1281 5108 Domino
1302 5053 1501 5113 decantaret.»
1525 5055 1578 5111 Ubi
1616 5054 1793 5110 articulasca
1806 5056 1884 5111 utro·

205 5105 299 5162 drvrna
311 5053 413 5178 oflfbra,
433 5125 490 5166 sive
512 5111 605 5183 boras,
627 5116 658 5168 ut
679 5117 788 5184 vocant,
815 5118 1018 5178 canonieasin-
1065 5051 1320 5248 ffiguecopulativa
1340 5129 1391 5194 est,
1414 5143 1466 5182 neo
1478 5142 1576 5182 cursus
1594 5070 1738 5182 Romanus
1751 5125 1798 5180 hic
1810 5126 1884 5181 alius

204 5176 380 5248 telligebant,
394 5180 470 5250 quod
480 5183 674 5264 persolvantur
685 5185 810 5256 quotidie
822 5204 854 5242 ae
868 5188 1017 5247 decurran-
1066 5197 1109 5248 est
1122 5211 1139 5249 a
1150 5194 1199 5249 Gal
1210 5195 1301 5252 icano.
1312 5197 1383 5251 llam
1395 5197 1560 5253 Gallosolim
1573 5198 1715 5252 Romanos
1726 5196 1884 5267 appellatos

205 5249 261 5302 tur.
284 5248 392 5318 Regula
411 5254 500 5304 sancta
518 5252 640 5324 idaeam,
653 5271 714 5326 cap.
727 5259 743 5311 9
758 5272 765 5311 ε
783 5278 797 5307 ιι
810 5258 930 5314 Cursum
952 5277 1015 5316 mo·
1064 5263 1177 5319 invitae
1200 5266 1288 5320 sancti
1306 5267 1450 5322 samsonis
1471 5266 1569 5340 episc,
1593 5267 1716 5338 pretet,
1774 5283 1802 5338 g.
1817 5271 1881 5339 les,

1100 2731 1195 2786 LXXV.
1206 2730 1346 2796 Quisvere
1354 2730 1440 2802 digne
1448 2733 1559 2801 repetat
1568 2732 1673 2801 quanta
1686 2727 1775 2783 virtus
1789 2727 1888 2783 verbo

1064 2839 1129 2878 rum
1140 2824 1175 2877 ab
1185 2839 1233 2878 ore
1244 2823 1389 2878 rotabatur
1401 2840 1465 2878 cnm
1477 2823 1644 2895 praedicaret
1652 2823 1682 2877 in
1692 2820 1844 2893 populum,
1856 2824 1888 2875 ul

1064 2917 1143 2972 omni
1154 2917 1321 2971 litteraturae
1330 2920 1492 2973 nasceretur
1504 2920 1611 2988 stupor,
1626 2918 1655 2971 et
1668 2915 1749 2970 tieret
1760 2916 1791 2969 in
1810 2931 1889 2969 com-

1064 3027 1151 3066 mune
1166 3010 1305 3081 generalis
1323 3010 1512 3082 compunctio,
1526 3013 1611 3082 atque
1634 3025 1668 3064 ex
1691 3025 1738 3063 ore
1765 3008 1887 3063 dicentis

1025 3114 1053 3189 C
1065 3104 1194 3159 crederes
1208 3107 1238 3157 ut
1250 3104 1335 3159 rerba
1347 3104 1538 3158 formarentur
1550 3103 1585 3157 ab
1603 3102 1715 3175 angelo,
1732 3102 1801 3156 dum
1820 3101 1886 3172 plus

1065 3213 1149 3269 quam
1164 3197 1249 3252 homo
1261 3197 1424 3268 loqueretur
1439 3197 1589 3251 translatus
1599 3197 1628 3251 in
1639 3197 1744 3253 mentis
1756 3214 1885 3267 excessu,

1064 3306 1130 3345 cum
1155 3289 1261 3344 abrasis
1287 3290 1405 3345 maculis
1427 3290 1589 3345 sinceritate
1607 3289 1748 3362 dogmatis
1770 3294 1887 3361 pectora

1065 3382 1164 3454 plebis,
1179 3385 1292 3455 cogeret
1306 3382 1409 3438 divinis
1420 3383 1572 3456 effragrare
1585 3382 1751 3455 pigmentis.

205 5317 321 5397 nasterii
334 5321 524 5443 sqperomnia
536 5323 652 5405 diliges;
673 5326 723 5407 qui
739 5342 805 5407 vero
818 5329 921 5410 saepius
935 5346 1016 5411 orare
1066 5333 1274 5391 observavimus
1287 5334 1326 5406 (in
1342 5338 1420 5393 Actis
1437 5344 1525 5394 sanct.
1539 5338 1598 5393 ord.
1614 5340 1704 5392 coacti
1744 5337 1881 5410 ceadicta).

204 5388 335 5455 Wlflfflb
388 5405 508 5446 onorem
515 5399 640 5449 mvemet
650 5398 1014 5458 misericordramchrrsti.»
1064 5404 1104 5460 llo
1118 5421 1202 5461 cursu
1214 5407 1317 5462 Gallico
1328 5407 1433 5465 iterum
1442 5409 1591 5465 montiolit
1602 5408 1632 5464 in
1643 5409 1706 5463 Vita
1717 5408 1807 5462 sancti
1819 5409 1884 5464 Wa-

206 5457 237 5512 ln
250 5457 311 5511 Vita
324 5474 378 5513 ms.
392 5461 482 5516 sancti
494 5462 732 5520 Sereniciabbatis
745 5468 851 5538 (secuto
860 5486 896 5524 vu
905 5473 1015 5545 Bencd.)
1049 5475 1054 5488 “
1065 5472 1144 5529 larici
1156 5477 1233 5546 abb,
1247 5479 1321 5549 apud
1340 5480 1464 5549 Surium,
1485 5485 1496 5535 l
1518 5479 1618 5550 April,
1632 5495 1716 5544 num,
1737 5479 1780 5533 ll.
1794 5479 1883 5535 Porro

205 5527 267 5583 bec
281 5528 430 5599 leguntur:
449 5553 463 5581 ιι
477 5532 508 5587 1ιι
520 5534 654 5589 orationis
665 5539 761 5592 autem
775 5540 867 5595 studio
879 5543 1016 5597 tantusil-
1064 5544 1136 5599 nibil
1148 5546 1200 5602 bae
1212 5564 1278 5603 voce
1291 5549 1419 5605 usitatius
1432 5550 1506 5622 apud
1520 5549 1689 5621 Gregorium
1701 5550 1817 5617 Toron„
1832 5550 1884 5622 qui

203 5596 265 5680 lum
284 5599 378 5654 fervor
389 5602 562 5674 accenderat,
583 5607 616 5659 ut
633 5605 738 5686 absque
758 5611 892 5680 peculiari
912 5614 1016 5684 suppli·
1063 5612 1268 5695 librumunum
1281 5620 1315 5675 de
1328 5620 1456 5675 cursibus
1470 5619 1662 5678 ecclesiasticis
1682 5637 1699 5678 a
1719 5635 1750 5680 se
1763 5636 1883 5698 compo·

204 5672 314 5725 cetrone
335 5671 496 5755 Romanurn
517 5690 566 5730 seu
587 5674 771 5747 Gallicanum,
799 5684 827 5736 et
854 5686 1015 5741 sanctorum
1064 5687 1150 5745 ertum
1162 5687 1192 5746 in
1204 5689 1254 5747 lib.
1269 5690 1368 5749 xllist.
1383 5695 1597 5750 commemoret.

203 5736 474 5801 recumbentem
488 5760 536 5801 seu
553 5742 719 5804 Columbeni
736 5765 849 5808 cursum
868 5752 945 5810 heris
960 5754 1015 5815 sin·
1137 5768 1140 5775 '
