3878 6150
627 506 1322 711 ANONYMUS.

842 976 1098 1070 ANONYMI

523 1143 575 1272 tt
616 1141 878 1271 tttttttttt
912 1141 1147 1273 tttottttt
1193 1143 1412 1274 lllltbli.

268 1335 360 1413 (Huc
373 1336 540 1419 appendia
553 1337 638 1401 inter
651 1354 751 1420 opero
766 1336 904 1401 Eusebio·
916 1337 1087 1421 Pamphili
1099 1340 1366 1422 opportuniorem
1380 1339 1487 1404 locum
1501 1334 1684 1416 oottntott.)

137 1492 1814 1544 m

543 1671 746 1749 SAEGULI
778 1672 937 1748 SEXTI
968 1673 1415 1750 SUPPLEMENTUM.

842 1828 1100 1846 *n-

753 1951 1203 2078 SYNTAGMA

140 2148 370 2251 Decretor
372 2180 492 2313 um,
550 2149 802 2314 praecepti
799 2181 953 2252 ouum
1003 2183 1063 2251 oe
1126 2151 1376 2252 edofftorum
1430 2150 1817 2284 praecipuorum

208 2292 392 2426 qulbus
431 2323 535 2395 otoo
576 2294 937 2425 imperotores,
987 2293 1092 2396 otoo
1131 2324 1278 2424 repes
1320 2325 1428 2396 seso
1467 2293 1623 2396 robus
1661 2294 1815 2395 eccle·

208 2433 425 2536 clooto'ois
450 2434 786 2565 ingesserunt.

137 2650 1818 2705 Ε

220 3336 226 3349 ⁸
431 2837 1530 3258 tostttttous¹'1orrtttot

709 3518 940 3606 NOTITIA
972 3518 1045 3604 EX
1079 3515 1236 3604 CAVE.

174 3836 215 3891 Fl.
228 3835 412 3903 iustinianus,
427 3838 511 3907 gente
531 3833 667 3906 lllyricus,
685 3831 808 3889 Sabbatii
822 3836 850 3887 et
863 3830 952 3904 Bigli·
962 3844 993 3918 Α
1002 3837 1107 3906 quente
1118 3848 1193 3888 anno
1203 3834 1326 3906 synodus
1337 3832 1657 3905 Constantinopolitano
1669 3833 1766 3890 itidem
1777 3833 1814 3889 lc·

138 3929 208 3986 nizae
222 3927 306 3998 filius,
320 3927 455 3999 Taurcsii,
476 3927 559 3983 bodie
572 3926 754 3982 Achriduntis
766 3925 796 3981 in
811 3925 954 3982 Dardania
1004 3926 1052 3982 cit.
1068 3930 1149 3982 Anno
1163 3930 1225 3997 553,
1240 3926 1393 3983 concilium
1408 3926 1618 3983 oecumeuicum
1624 3927 1814 3984 Constantino·

138 4029 222 4082 natus
234 4028 275 4080 est
288 4039 362 4078 anno
374 4022 437 4079 483.
452 4021 629 4078 Avunculum
639 4019 738 4075 habuit
747 4018 889 4075 tustinum
899 4020 956 4073 Au·
1005 4020 1064 4092 poli
1078 4020 1243 4076 habendum
1261 4021 1381 4077 indixit:
1401 4020 1432 4076 in
1446 4037 1503 4093 quo
1523 4036 1541 4075 a
1559 4021 1704 4090 Patribus,
1724 4020 1812 4076 nitria

139 4123 266 4193 gustum,
281 4135 298 4174 a
311 4134 368 4190 quo
381 4117 411 4172 in
431 4116 550 4191 castello
575 4114 730 4170 Bedariano
752 4129 864 4169 summa
888 4129 956 4168 cura
1004 4114 1133 4187 capitula
1145 4115 1348 4171 damnarentur
1364 4115 1517 4188 postulavit
1531 4119 1560 4171 et
1572 4115 1700 4171 obtinuit
1712 4116 1811 4185 (Enopa

139 4213 274 4271 educatus
289 4217 341 4282 est,
354 4217 382 4267 et
395 4211 423 4267 iu
437 4210 530 4266 filium
541 4209 699 4281 adoptatus.
716 4208 846 4264 Nondum
859 4206 953 4278 impe·
1004 4208 1025 4263 l.
1046 4224 1083 4278 rr,
1098 4225 1122 4263 c.
1137 4208 1193 4281 39).
1217 4212 1299 4265 Anno
1321 4211 1383 4276 563,
1398 4208 1593 4264 fatiscentibus
1614 4226 1683 4265 cum
1705 4224 1812 4282 corpore

139 4310 217 4365 rator
232 4305 408 4362 Theodoram
423 4310 488 4361 ortu
497 4303 629 4377 Cypriam
644 4318 760 4358 uxorem
772 4300 863 4369 drrxit,
874 4300 955 4356 femi-
1005 4301 1094 4357 anicii
1106 4302 1223 4372 viribm,
1232 4302 1267 4358 ab
1282 4302 1423 4358 baereticis
1436 4302 1607 4374 quibusdam
1618 4304 1746 4374 delusus,
1760 4303 1811 4359 edi·

138 4418 205 4459 nam
219 4399 388 4456 insolentem
402 4404 431 4456 et
442 4397 624 4471 Eutychiana
637 4395 739 4452 haresi
751 4394 861 4468 perdite
873 4394 954 4449 addi·
1004 4400 1082 4451 etum
1092 4395 1228 4467 condidit,
1241 4412 1298 4467 quo
1313 4395 1415 4452 Christi
1429 4412 1530 4468 corpus
1539 4397 1602 4469 pari
1616 4399 1703 4455 modo
1716 4404 1777 4454 anu
1785 4412 1811 4452 ce

139 4500 224 4552 ctam.
235 4497 316 4549 Anno
330 4497 391 4561 519,
402 4510 419 4548 a
431 4492 540 4549 tustino
558 4491 731 4563 imperatore
751 4488 888 4561 magister
897 4487 952 4542 mi·
1004 4495 1067 4561 post
1084 4489 1320 4546 resurrectionem
1337 4490 1526 4561 corruptionis
1535 4495 1564 4546 et
1577 4491 1812 4549 naturaliumatie·

141 4589 223 4645 litum
235 4588 382 4656 fuctusest,
393 4591 422 4641 et
434 4585 464 4641 in
473 4584 618 4641 Orientem
629 4600 694 4639 cum
704 4582 829 4638 exercitu
839 4581 953 4654 missus,
1005 4583 1132 4639 ctionum
1145 4599 1245 4656 expers
1257 4583 1344 4639 fuisse
1366 4583 1460 4639 docuit
1472 4601 1481 4655 3
1496 4588 1585 4656 utque
1597 4587 1750 4643 sententia
1763 4602 1811 4641 sua

141 4699 202 4740 rem
221 4685 321 4737 contra
341 4682 438 4736 Persas
450 4679 522 4735 bene
540 4679 636 4750 gessit.
651 4679 732 4734 Anno
748 4680 810 4746 521,
824 4675 953 4730 consula·
1004 4694 1103 4734 omnes
1117 4676 1242 4750 episcopi
1260 4677 1478 4746 subscriberent,
1498 4678 1658 4737 mandavit.
1673 4682 1811 4754 Episcopo

139 4782 202 4834 tum
217 4775 306 4845 obiit;
323 4791 389 4830 mox
403 4773 547 4846 patricius,
569 4772 671 4828 deinde
696 4769 887 4826 nobilissimus
900 4786 909 4838 3
922 4785 954 4823 ac
1004 4771 1158 4827 orientales
1170 4771 1206 4827 ad
1221 4771 1358 4827 Anastasii
1378 4771 1549 4827 Antiocheni
1565 4775 1742 4831 sententiam
1754 4791 1809 4848 pro·

138 4872 253 4928 tandem
266 4886 341 4926 atino
355 4872 417 4937 527,
433 4867 563 4923 Kalendis
575 4865 728 4938 Aprilibus,
749 4867 893 4938 Augustus
907 4881 953 4920 re·
1005 4869 1135 4921 vocantes
1149 4864 1313 4938 gravissime
1322 4863 1423 4920 afflixit
1435 4882 1444 4936 ;
1458 4864 1553 4937 ipsum
1561 4882 1631 4922 vero
1646 4869 1810 4925 Anastasiou

138 4965 294 5033 nuntium,
304 4980 371 5019 cum
382 4961 521 5018 avunculo
534 4977 653 5033 regnare
667 4960 769 5031 coepit3
784 4975 840 5031 quo
855 4959 954 5014 defun·
1004 4963 1032 5015 et
1057 4958 1228 5031 Eutychium
1254 4958 1449 5031 patriarcham
1473 4958 1809 5034 Constantinopolitanum

13 5110 18 5117 .
139 5065 183 5115 eto
195 5059 327 5115 Kalendis
340 5056 459 5129 Augusti
474 5055 602 5128 ejusdem
616 5053 695 5122 anui,
710 5053 864 5124 imperium
877 5052 955 5108 deiu-
1004 5056 1164 5108 constanter
1178 5053 1347 5108 reluctantes
1359 5052 1472 5109 sedibus
1486 5053 1544 5107 suis
1561 5056 1736 5125 exturbavit,
1749 5056 1807 5112 etin

138 5168 203 5225 ceps
217 5153 294 5207 solus
307 5149 408 5206 tenuit.
425 5151 508 5205 Anno
521 5150 583 5216 528,
604 5147 729 5203 edictum
748 5145 952 5219 promulgavit,
1004 5145 1135 5203 exsilium
1148 5146 1290 5218 deportari
1304 5145 1397 5218 jussit.
1416 5146 1584 5218 Hujusmodi
1599 5147 1711 5204 deliciis
1729 5150 1809 5205 inten-

139 5262 197 5318 quo
209 5244 388 5301 Nestorianos
401 5248 429 5300 ct
443 5241 643 5315 Eutychianos,
660 5245 795 5312 tanquam
808 5225 992 5297 hareticosB
1003 5243 1059 5309 tus,
1073 5238 1157 5297 rebus
1172 5239 1305 5295 humanis
1324 5244 1472 5313 exemptus
1495 5244 1538 5296 est
1553 5257 1633 5298 anno
1649 5247 1712 5312 565,
1727 5244 1770 5300 die
1787 5243 1810 5298 ti

139 5339 230 5413 poenis
242 5337 372 5395 civilibus
381 5337 541 5394 multandos
550 5334 789 5406 decrevit‚eodem
802 5338 864 5406 post
873 5335 955 5406 quin·
1003 5334 1177 5402 Novembris,
1193 5334 1314 5403 dicrum,
1331 5334 1441 5406 glorior,
1462 5338 1490 5390 et
1503 5334 1723 5409 triumphorum
1734 5344 1810 5394 satur.

138 5433 296 5507 quennium
309 5437 452 5488 renovato.
465 5433 547 5487 Anno
554 5430 616 5499 541,
626 5430 778 5503 Origenem
790 5428 850 5500 ipse
861 5428 953 5485 edicto
1003 5430 1064 5486 Non
1083 5429 1199 5485 deerant
1215 5428 1293 5496 olim,
1309 5445 1362 5485 nec
1383 5428 1485 5485 desunt
1503 5428 1603 5500 hodie,
1618 5432 1713 5504 quiin
1730 5448 1811 5488 sacn-

139 5502 293 5597 damnaiit,
315 5530 344 5582 et
358 5526 455 5583 habito
476 5541 543 5581 mox
560 5524 612 5580 sub
637 5525 737 5581 Manna
762 5523 868 5595 synodo
884 5522 953 5578 Con·
1003 5522 1144 5579 tissimum
1166 5523 1334 5597 principem,
1361 5539 1419 5579 non
1437 5521 1532 5578 minus
1551 5523 1694 5597 doctrina,
1708 5526 1810 5600 pietate.

139 5620 418 5693 stautinopoli,illu1n
429 5636 494 5675 cum
508 5617 691 5675 sectatoribus
703 5618 882 5673 anathemate
891 5632 954 5689 per·
1002 5634 1088 5689 quam
1100 5618 1226 5691 potentia
1236 5622 1264 5673 et
1273 5633 1370 5674 rerum
1380 5622 1525 5690 gestarum
1541 5618 1637 5690 gloria
1651 5622 1768 5690 clamm,
1780 5626 1812 5675 to

133 5715 301 5772 rodendum
329 5713 448 5772 cnravit.
474 5715 554 5768 Anno
580 5711 646 5782 545,
674 5710 751 5766 edita
774 5710 950 5767 constitutio-
1002 5716 1033 5768 ta
1046 5712 1255 5768 calumniarum
1268 5718 1297 5769 ct
1306 5712 1497 5768 conviciorum
1512 5714 1642 5786 plaustra
1655 5718 1811 5773 exonemt

117 5822 166 5875 ne,
192 5810 247 5866 tria
269 5811 401 5885 Capitale
428 5807 587 5882 damnavit,
615 5805 692 5883 quod
716 5808 745 5861 et
767 5808 888 5862 exeunte
908 5822 953 5862 sc·
1003 5805 1437 5880 Nemorerouuquaminiquiori
1447 5807 1813 5878 consumationem
