3884 6150
57 270 112 325 649
173 308 184 329 .
775 264 1028 320 restrueretur.
1688 266 1739 317 650

50 374 145 431 llarie
158 390 191 429 ac
204 378 367 430 sanctorum
380 374 502 430 Gervasii
512 378 540 430 et
551 372 678 442 Protesii,
694 372 728 428 ad
739 373 869 429 eamdem
879 382 910 458 Α
920 371 1073 428 cessoribus
1086 370 1145 425 suis
1156 369 1359 443 perpetualiter
1372 368 1443 425 inibi
1455 369 1664 427 xenodochium
1677 372 1735 426 mi·
1829 388 1849 405 ²

50 468 169 525 tradidit
181 468 336 525 ecclesiam.
351 468 549 525 subscribente
562 472 658 524 autem
675 467 789 523 domino
805 468 871 522 Ger·
920 465 1045 521 rabiliter
1057 464 1177 520 ornavit.
1197 465 1228 519 ln
1251 463 1390 536 hospitali,
1413 463 1539 535 ejusdem
1561 464 1639 520 urbis
1663 481 1736 536 pon-

51 578 139 617 mano
156 563 252 634 ipsum
274 565 486 632 testamentum,
502 563 617 635 suisque
632 561 825 619 sacerdotibus
844 566 873 616 et
921 564 1053 634 tificibus,
1073 562 1175 618 futuris
1195 578 1308 635 semper
1325 562 1501 633 temporibus
1518 567 1547 618 et
1566 562 1618 618 sub
1638 565 1737 635 conju·

51 655 164 711 clericis
186 656 313 728 ejusdem
342 656 459 712 civitatis
485 661 514 711 et
534 656 678 728 parochie
702 655 789 729 ipsius
814 672 872 710 non
922 657 1042 714 rationis
1053 656 1247 724 detestatione,
1271 655 1490 727 hospitalitatem
1514 672 1574 712 esse
1594 657 1736 728 instituit;

51 749 165 822 paneis,
179 750 251 806 sicut
260 750 290 805 in
303 750 402 806 eodem
416 751 551 806 haetenus
568 753 737 806 testamento
750 750 874 805 contine·
923 755 951 807 et
962 751 1143 824 sequentibus
1161 749 1334 822 temporibus
1348 749 1477 805 Ecclesiae
1493 767 1552 805 suae
1569 750 1652 818 sedis,
1674 767 1738 807 oum

52 847 113 912 tur,
129 843 208 899 dedit
218 843 313 898 villam
323 849 426 900 sancte
438 844 532 899 llarie
543 848 571 899 et
579 848 740 899 sanctorum
749 843 874 899 Gerrasii
923 845 1054 901 omnibus
1079 846 1113 901 ad
1144 861 1174 900 se
1205 844 1430 916 pertinentibus,
1462 844 1646 916 subjugatum
1678 861 1737 901 esse

54 939 85 991 et
103 937 233 1006 Protesii,
247 936 402 993 Tritionem
423 954 487 992 cum
509 938 588 992 omni
601 936 773 1010 integritate,
788 953 874 1010 quarn
925 943 1059 999 instituit.

54 1030 168 1085 dudum
191 1030 403 1087 Hahmdantius
430 1035 459 1087 et
480 1031 634 1087 llallarieus
665 1030 799 1087 diaconus
824 1047 875 1102 per
960 1038 986 1092 t.
1002 1037 1090 1109 ipsius
1110 1054 1222 1109 quoque
1243 1036 1351 1092 domini
1373 1036 1502 1091 Domnoli
1525 1035 1648 1108 episcopi
1667 1042 1738 1093 tem·

54 1123 187 1197 praedicti
202 1123 324 1196 episcopi
337 1123 445 1180 domini
463 1125 593 1181 Domnoli
611 1124 782 1180 beneficium
795 1129 874 1180 tene·
924 1147 1002 1203 pore,
1016 1130 1156 1201 cellulam,
1174 1147 1232 1186 una
1251 1147 1316 1185 curn
1332 1145 1383 1184 sua
1395 1128 1522 1199 ecclesia,
1537 1145 1601 1200 que
1617 1135 1658 1186 est
1671 1147 1738 1185 eon·

54 1219 127 1276 bant
140 1237 148 1275 :
163 1223 192 1275 et
202 1221 297 1276 villam
313 1222 466 1293 Fraxinidi,
478 1238 565 1294 quam
585 1225 658 1295 Aper
671 1223 798 1278 sacerdos
810 1238 876 1277 cum
925 1225 1022 1280 stitnta
1036 1224 1188 1279 inhonore
1211 1225 1300 1279 sancti
1314 1223 1435 1292 Martini,
1454 1223 1484 1277 in
1506 1238 1605 1278 eorum
1625 1224 1740 1296 proprio

57 1313 121 1384 ejus
138 1313 275 1382 beneficio
295 1314 436 1386 habebat3
458 1319 487 1372 et
500 1317 604 1372 Bucces
626 1317 751 1371 villulam
765 1315 877 1388 suiepi-
925 1318 1137 1375 constituerunt
1153 1318 1227 1372 infra
1246 1317 1398 1386 civitatem,
1416 1317 1499 1388 juxta
1520 1321 1641 1372 matrem
1667 1317 1742 1373 vide-

57 1408 159 1479 scopii,
170 1423 236 1462 cum
250 1409 381 1463 omnibus
395 1409 430 1464 ad
445 1426 474 1464 se
491 1409 708 1481 pertinentibus,
726 1425 813 1482 quam
824 1410 877 1463 Eu·
926 1413 991 1468 licet
1011 1413 1157 1467 ecclesiam
1179 1411 1267 1483 ipsius
1291 1396 1421 1481 civitatis,
1444 1410 1573 1466 Eularius
1594 1412 1743 1483 presbyter

57 1500 171 1556 therius
192 1502 340 1574 presbyter
360 1518 412 1575 per
429 1503 599 1559 beneficium
621 1503 750 1575 predicti
770 1503 877 1558 domini
927 1511 956 1562 et
971 1506 1126 1562 Godomara
1149 1506 1206 1560 Deo
1227 1507 1350 1574 sacrata3
1374 1508 1402 1560 et
1424 1502 1590 1575 predictam
1610 1504 1741 1560 cellulam

58 1594 190 1650 Domnoli
198 1594 335 1664 habebat3
346 1597 497 1669 parimodo
507 1601 654 1669 etpratum
663 1613 748 1668 super
757 1596 877 1652 ssuvium
927 1599 1015 1655 sancti
1021 1598 1146 1668 Martini,
1162 1597 1401 1654 haereditaverunt
1412 1597 1446 1652 de
1457 1595 1562 1652 villulis
1571 1597 1745 1653 inllorniaco

59 1687 159 1759 Sarte,
174 1705 231 1744 una
244 1705 309 1743 cum
331 1707 430 1762 eampo
443 1690 526 1762 juxta
540 1691 642 1762 posito,
658 1707 745 1764 quam
764 1691 877 1745 llabun-
929 1698 957 1749 et
976 1693 1070 1748 villula
1087 1694 1169 1747 Vasta
1185 1708 1217 1746 ac
1236 1691 1385 1762 Popiliaeo,
1405 1691 1485 1748 Ciaco
1498 1707 1611 1763 quoque
1625 1693 1745 1747 etVera-

60 1782 175 1837 dentiam
185 1799 203 1837 a
215 1783 330 1839 domino
344 1784 482 1839 Domnolo
491 1785 556 1856 jure
571 1784 751 1840 beneficiario
763 1783 880 1857 adipisci
890 1760 918 1832 Β
929 1787 1002 1841 tiaco
1022 1803 1054 1840 ac
1075 1784 1201 1852 Maliaco,
1216 1801 1274 1839 una
1289 1800 1355 1839 cum
1375 1776 1436 1839 aliis
1455 1784 1537 1854 villis,
1560 1789 1589 1839 et
1606 1785 1641 1839 de
1661 1785 1746 1841 rebus

53 1876 168 1930 meruit
176 1893 185 1945 ;
201 1880 229 1931 et
243 1877 311 1932 alias
332 1877 422 1941 villas,
437 1894 502 1951 que
521 1879 550 1933 in
563 1878 699 1950 predicto
712 1882 881 1934 testamento
931 1880 990 1936 suis
1002 1879 1130 1951 legaliter
1142 1878 1328 1947 dotaverunt;
1342 1881 1371 1932 et
1383 1882 1480 1951 postea
1493 1895 1558 1933 cum
1571 1877 1702 1933 omnibus
1711 1879 1745 1933 ad

62 1968 181 2025 inserte
201 1986 260 2025 esse
279 1975 438 2027 noscuntur
457 1971 616 2042 insigniter,
630 1972 665 2027 ad
687 1971 883 2044 prescriptam
932 1989 961 2028 se
979 1972 1185 2046 pertinentibus
1203 1973 1239 2027 ad
1260 1977 1383 2027 matrem
1406 1971 1494 2043 ipsius
1516 1971 1635 2027 civitatis
1654 1973 1745 2028 eccle·

62 2061 180 2117 tradidit
193 2064 350 2119 ecelesiam.
371 2064 449 2120 Multi
460 2064 546 2120 etiam
559 2064 677 2134 nobiles,
693 2069 753 2119 tam
766 2063 796 2119 in
806 2080 881 2135 pre·
933 2067 1005 2121 siam
1025 2082 1075 2138 per
1092 2081 1191 2121 eornm
1208 2066 1348 2120 chartulas
1370 2064 1500 2137 legaliter
1517 2065 1702 2138 formiterque
1721 2065 1748 2120 ei

63 2154 138 2211 senti
157 2172 245 2228 quam
258 2158 327 2212 etin
341 2161 475 2229 sequente
493 2163 632 2230 ternpore,
647 2174 746 2213 eorum
759 2157 881 2212 heredi·
933 2159 987 2231 ipsi
1002 2159 1117 2214 domino
1135 2159 1273 2214 Domnolo
1293 2157 1422 2230 episcopo
1439 2157 1625 2214 tradiderunt.
1648 2158 1749 2213 Preie-

62 2254 136 2305 tates
154 2249 190 2304 ad
207 2250 370 2321 praedictam
393 2251 539 2306 ecclesiam
562 2257 723 2307 sanctorum
745 2250 884 2307 Vincentii
934 2258 980 2308 tus
989 2252 1076 2325 igitur
1084 2253 1218 2308 dominus
1233 2252 1387 2307 Domnolus
1397 2252 1545 2325 episcopus
1556 2251 1750 2329 emitinsuper

65 2347 96 2398 et
108 2343 253 2398 Laurentii
264 2344 440 2416 legaverunt.
456 2348 552 2418 Ipsum
571 2349 667 2401 autern
680 2344 885 2401 monasterium
935 2351 1045 2418 partem
1063 2339 1147 2417 ville,
1162 2363 1197 2402 ex
1216 2346 1349 2401 thesauro
1363 2345 1489 2402 ecclesie
1503 2346 1557 2401 sibi
1569 2345 1726 2401 commisse
1741 2361 1748 2401 ι

66 2436 225 2506 subditum,
245 2454 310 2492 enm
329 2438 462 2493 omnibus
480 2439 515 2494 ad
535 2439 562 2494 id
586 2438 804 2511 pertinentibus,
824 2437 886 2510 jam
936 2441 1071 2496 aliavero
1086 2440 1201 2512 parade
1219 2456 1269 2496 suo
1287 2440 1417 2512 episcopo
1436 2443 1505 2510 erat,
1526 2439 1572 2495 eui
1583 2439 1751 2495 vocabulum

67 2530 163 2586 dictus
174 2530 305 2586 dominus
318 2532 472 2587 Domnolus
486 2549 545 2587 sue
558 2533 632 2588 sedis
645 2532 768 2588 ecclesiae
786 2531 885 2602 subju·
936 2537 978 2590 est
989 2536 1093 2603 Canon,
1107 2550 1194 2605 quarn
1205 2538 1234 2589 et
1246 2550 1299 2606 per
1311 2533 1457 2590 licentiam
1473 2533 1675 2589 canonicorum
1688 2550 1751 2590 suo

70 2624 158 2695 gavit,
181 2630 209 2679 et
232 2624 289 2679 suis
307 2626 513 2681 successoribus
536 2625 720 2681 ecclesiastico
737 2625 767 2679 in
787 2624 886 2680 ordina
936 2643 1001 2681 rum
1015 2627 1171 2696 monachis,
1185 2627 1216 2682 in
1228 2627 1345 2683 ecclesia
1365 2628 1455 2683 sancti
1469 2627 1607 2683 Vincentii
1620 2633 1648 2682 et
1662 2627 1750 2683 sancti

68 2717 186 2790 pacilice
197 2718 232 2773 ad
242 2719 401 2791 regendum
412 2725 440 2775 et
449 2719 666 2791 gubernandum
676 2719 792 2789 dimisit,
802 2723 887 2790 atque
936 2719 1088 2775 Laurentii·
1104 2720 1112 2791 i
1126 2736 1212 2792 quam
1224 2719 1284 2792 ipse
1297 2737 1313 2774 a
1334 2737 1405 2776 novo
1417 2720 1546 2777 fundavit
1559 2720 1567 2792 )
1582 2720 1753 2792 regulariter

69 2812 242 2884 perennibus
263 2813 438 2885 temporibus
458 2814 493 2869 ad
513 2818 635 2869 matrem
656 2813 776 2868 civitatis
797 2811 886 2868 eccle·
936 2813 1114 2885 degentibus,
1136 2829 1292 2886 persuum
1312 2819 1502 2870 strumentum
1523 2814 1610 2870 dedit.
1629 2815 1699 2870 Nam
1720 2818 1753 2869 ut

70 2905 152 2973 siam,
167 2911 195 2961 et
208 2905 387 2977 pontificibus
408 2906 514 2962 ibidem
536 2912 621 2979 atque
639 2906 747 2962 clericis
766 2907 823 2961 Deo
843 2906 888 2961 de·
938 2907 990 2963 sub
1006 2912 1145 2979 potestate
1164 2907 1253 2979 ipsius
1269 2907 1346 2963 urbis
1362 2907 1497 2980 episcopi,
1511 2912 1570 2963 tam
1586 2907 1640 2980 ipsi
1655 2924 1755 2964 mona·

71 3000 206 3070 gentibus
219 3000 333 3070 habere,
348 3000 451 3055 tuturis
464 3001 610 3055 constituit
630 3001 815 3072 temporibus.
938 3001 985 3056 chi
997 3016 1084 3073 quarn
1101 3000 1214 3072 etipse
1236 3017 1280 3056 res
1299 3001 1339 3072 (in
1353 2996 1461 3083 eornffi²
1472 3006 1567 3058 tamen
1586 3017 1641 3057 usu
1661 3001 1753 3074 dispo-

107 3096 135 3148 3.
151 3093 231 3165 Saepe
244 3093 333 3148 dietus
348 3093 454 3149 scihcet
469 3094 600 3149 dominus
615 3093 767 3150 Domnolus
782 3093 886 3165 episco·
938 3099 1024 3150 nente
1049 3094 1197 3166 episcopo)
1225 3094 1330 3151 futuris
1354 3080 1537 3168 persisterent
1559 3096 1752 3168 temporibus,

70 3203 126 3259 pus
145 3186 275 3242 cellulam
287 3204 371 3259 super
384 3187 504 3242 ssuvium
525 3188 623 3258 Sarte,
639 3192 667 3244 et
681 3186 890 3243 xenodochium
939 3189 1116 3258 contradidit,
1134 3188 1207 3243 sicut
1217 3189 1316 3245 vadhuc
1339 3190 1369 3245 in
1388 3190 1449 3261 ipso
1460 3195 1617 3247 strumento
1631 3190 1755 3246 traditio

70 3286 101 3341 in
117 3285 260 3342 honorem
280 3290 383 3342 sancte
401 3286 494 3341 llarie
513 3285 680 3342 mirabiliter
697 3302 729 3341 ac
747 3286 890 3359 sapienter
940 3283 985 3338 nis
998 3281 1119 3338 inveniri
1132 3286 1235 3355 potest.

71 3384 207 3452 operatus
226 3384 283 3450 ast3
299 3384 327 3435 et
347 3397 410 3435 eam
427 3397 462 3435 ex
482 3380 566 3435 rebus
583 3379 717 3452 predicte
738 3379 836 3434 matris
849 3379 889 3433 ei·
940 3378 961 3448 {z
977 3379 1003 3432 5.
1025 3376 1074 3430 Hic
1093 3375 1165 3431 sedit
1177 3376 1208 3431 in
1229 3376 1365 3448 predicta
1377 3377 1441 3432 sede
1458 3392 1628 3445 annosxnu,
1643 3392 1755 3433 menses

70 3473 166 3529 vitatis
188 3473 313 3530 ecclesie
331 3474 453 3541 dotavit,
481 3478 509 3529 et
529 3473 704 3545 receptiones
732 3489 892 3545 pauperum
941 3468 1143 3539 xr,diesxxrv,
1158 3468 1263 3524 etfacit
1276 3468 1465 3526 ordinationes
1483 3486 1563 3542 lxxv,
1576 3470 1755 3543 presbyteros

70 3567 287 3623 adventantium
299 3567 357 3622 sive
370 3567 500 3622 omniurn
512 3567 713 3640 indigentium,
725 3567 774 3638 qui
789 3567 819 3621 in
831 3565 892 3637 ipsa
941 3578 1033 3632 ceam,
1047 3561 1181 3617 diaconos
1192 3577 1250 3633 ceu,
1272 3567 1301 3618 et
1317 3563 1440 3635 reliquos
1456 3563 1602 3620 ministros
1611 3563 1754 3620 sufficien-

72 3660 186 3717 civitate
204 3661 301 3731 talem,
315 3665 432 3734 propter
451 3661 606 3717 custodiam
624 3659 753 3728 civitatis,
768 3675 826 3715 non
839 3676 890 3731 po·
941 3661 994 3712 ter.
1008 3655 1093 3727 cnjus
1104 3655 1136 3710 in
1148 3655 1205 3711 vita
1216 3656 1320 3712 multas
1334 3657 1394 3730 ejus
1413 3658 1522 3713 meritis
1541 3658 1675 3714 Dominus
1697 3658 1755 3714 vir-

72 3759 168 3810 terant
189 3754 294 3811 hahere
314 3755 518 3828 receptionem,
545 3755 617 3810 sicut
640 3755 671 3808 in
693 3754 740 3809 illo
761 3755 822 3808 loeo
845 3753 892 3808 ubi
941 3754 1016 3807 tutes
1035 3749 1166 3819 ostendit,
1181 3749 1253 3806 sicut
1264 3750 1295 3805 in
1308 3750 1369 3823 ejus
1383 3751 1444 3807 Vita
1458 3751 1563 3824 liquet;
1578 3756 1607 3809 et
1620 3757 1685 3825 post
1696 3753 1757 3825 eius

73 3848 243 3922 predictum
261 3847 327 3903 iecit
338 3846 547 3904 xenodochium
563 3865 569 3903 :
586 3847 626 3903 ibi
642 3848 720 3904 enirn
737 3847 893 3903 monachos
942 3844 1051 3900 obitum
1071 3844 1292 3900 innumerabiles
1313 3844 1659 3918 inlocosepultnreejus,
1674 3847 1758 3904 idest

72 3941 178 4015 viginti
190 3947 312 4014 quatuor
323 3942 375 3999 sub
388 3943 486 4015 regula
501 3942 635 4014 degentes
650 3941 804 4013 constituit,
819 3946 893 3997 utet
943 3940 973 3995 in
982 3939 1056 3994 dicta
1062 3939 1150 3994 sancti
1160 3938 1428 4009 Vincentiiecclesia,
1439 3940 1555 3997 virtutes
1564 3946 1695 4013 operatus
1704 3947 1757 3999 est.
1776 4017 1780 4025 ι

74 4036 115 4093 ibi
128 4052 268 4109 pauperes
281 4041 450 4108 recrearent,
464 4040 493 4093 et
505 4053 603 4093 omnes
615 4035 739 4109 hospites
753 4036 894 4107 condigne
943 4032 1018 4088 Obiit
1028 4032 1106 4089 enim
1118 4032 1268 4105 predictus
1282 4032 1381 4089 beatus
1394 4034 1548 4090 llomnolus
1560 4034 1590 4090 in
1603 4051 1682 4107 paee,
1698 4035 1758 4107 ple-

75 4135 105 4187 et
117 4129 278 4186 amabiliter
296 4131 479 4203 susciperent,
495 4135 524 4186 et
542 4130 595 4203 ipsi
618 4135 711 4187 sancte
728 4147 760 4185 ac
777 4130 892 4202 regule-
943 4143 997 4182 nus
1017 4127 1140 4196 dierum,
1154 4127 1285 4184 Kalendis
1307 4128 1489 4184 Decembris:
1505 4127 1758 4200 quioumChristo

76 4225 147 4280 riter
163 4223 299 4281 viverent.
321 4227 352 4280 In
372 4225 471 4280 eodem
489 4224 665 4281 xenodochio
683 4224 817 4296 predicto
830 4240 892 4280 mo·
943 4217 1012 4273 vivit
1027 4217 1057 4272 in
1068 4223 1216 4288 eternum,
1233 4221 1262 4273 et
1280 4232 1346 4272 cum
1366 4217 1470 4273 sanetis
1491 4215 1633 4289 regnetin
1647 4216 1756 4288 gloria:

76 4317 203 4374 naehum
215 4334 299 4374 suum
306 4317 546 4391 probatissimum,
561 4317 709 4373 dominum
721 4318 828 4374 scilicet
839 4319 892 4373 Pa·
944 4329 1011 4368 cum
1024 4328 1081 4384 quo
1093 4317 1121 4368 et
1132 4328 1184 4367 nos
1198 4310 1350 4367 auxiliante
1363 4310 1484 4366 homino
1493 4309 1642 4366 humiliter
1651 4310 1758 4382 suppli-

77 4412 212 4482 duinnm,
231 4413 281 4486 qui
298 4416 366 4468 tunc
386 4413 554 4486 prepositus
567 4413 602 4468 de
626 4413 726 4468 Sancto
749 4411 894 4468 Vincentio
944 4410 1039 4462 cantes
1051 4405 1143 4462 vivere
1155 4420 1330 4475 mereamur,
1342 4420 1394 4477 per
1406 4402 1518 4459 infinita
1530 4402 1634 4460 secula
1643 4403 1756 4462 seculo·

73 4510 145 4578 erat,
158 4505 290 4563 abbatem
308 4492 467 4577 constituit;
487 4511 516 4564 et
534 4506 587 4562 sibi
608 4522 657 4562 seu
679 4505 810 4563 omnibus
828 4520 892 4561 suc·
944 4517 1021 4559 rum.
1037 4502 1139 4557 Amen.

434 4807 590 4879 SANCTI
612 4808 819 4899 DOMNOLl,
844 4805 1177 4880 CENOMANENSIS
1200 4803 1404 4893 EPISCOPI,

557 4974 1282 5126 TESTAMENTUM.

116 5264 277 5321 Venerabili
296 5265 418 5323 ecclesie
438 5269 632 5325 cenomanicae
651 5270 726 5327 clero
744 5271 937 5358 DomnulusD
948 5275 1019 5330 Cum
1032 5286 1101 5344 ergo
1110 5286 1162 5343 pro
1176 5266 1264 5324 salute
1278 5262 1378 5338 populi
1388 5259 1433 5319 vel
1446 5260 1571 5319 crutodia
1583 5262 1701 5322 civitatis
1714 5281 1759 5324 re-

81 5358 241 5432 episcopus·
947 5365 1049 5440 liquias
1061 5367 1223 5420 sanctorum
1235 5363 1393 5442 martyrum
1406 5356 1545 5415 Vincentii
1565 5363 1593 5414 et
1605 5358 1759 5432 Laurentii,

118 5459 285 5530 Congrnum
307 5459 389 5515 nobis
408 5458 463 5517 fuit
485 5466 515 5518 ut
533 5467 630 5519 votum
656 5463 841 5521 desiderabile
868 5465 899 5520 in
948 5459 1139 5517 intercedente
1156 5452 1390 5528 presumptione,
1409 5452 1470 5508 ausi
1486 5451 1626 5508 fuerimus
1637 5453 1760 5523 deferre3

82 5551 230 5608 charitate
242 5557 342 5610 vestre
361 5554 492 5610 notitiam
510 5573 679 5628 poneremus
695 5575 701 5614 :
716 5559 817 5631 quiesi
830 5575 899 5616 con·
949 5556 1022 5611 sient
1034 5570 1100 5609 cum
1110 5551 1161 5607 Dei
1178 5547 1317 5622 aefiutorio
1331 5548 1376 5603 vel
1387 5551 1479 5602 vestro
1494 5547 1601 5602 eisdem
1614 5544 1708 5600 locum
1722 5543 1763 5600 di·

82 5662 183 5702 seems
194 5648 288 5703 vester
299 5632 472 5704 desiderium
485 5651 575 5706 cordis
584 5651 674 5707 nostri
688 5655 716 5707 et
728 5654 839 5709 decreta
848 5670 900 5710 an-
951 5648 1064 5722 gnitatis
1083 5645 1224 5704 ereximus
1243 5642 1274 5698 in
1290 5641 1425 5714 eulmine,
1438 5641 1478 5697 ita
1489 5640 1614 5712 petimus
1627 5641 1660 5691 ut
1670 5641 1763 5697 vestro

82 5741 184 5797 nuerit
202 5741 344 5798 credimus
360 5743 467 5799 nullius
480 5745 535 5801 ullo
550 5762 678 5818 unquam
691 5750 820 5820 tempore
833 5765 900 5805 con·
951 5744 1059 5818 pariter
1078 5741 1183 5798 ditetur
1203 5742 1233 5797 et
1244 5754 1372 5795 munere.
1389 5735 1458 5792 Etsi
1472 5747 1569 5788 sensus
1581 5734 1672 5786 aester
1683 5731 1772 5787 nohis

83 5834 232 5895 &niceta
256 5852 274 5892 a
295 5835 375 5893 uobis
400 5839 506 5911 pariter
529 5840 641 5898 firmata
662 5859 744 5916 posse
770 5843 902 5903 convelli.
953 5837 1109 5900 contulerit
1132 5835 1309 5897 eheitntem
1329 5833 1427 5900 baua,
1451 5822 1595 5898 seembs
1612 5820 1807 5978 {Redemi

250 5935 385 6005 Prrnor.
406 5939 523 6005 LXXII.
1395 5963 1401 5976 ·
