3884 6150
155 282 207 340 5th

423 280 728 340 sacamhvt'aalml
747 286 970 344 castitatum
992 316 1025 327 -·
1045 285 1308 346 bhvEmmmnt's
1327 289 1369 346 ET
1388 287 1576 350 exotolsm.

151 384 317 456 ravit,etin
328 388 763 462 quatuorfluminibusdiridere
774 394 971 466 dignatusest,
984 395 1111 483 Acretio
1126 413 1254 465 sexuum,
1271 414 1324 454 nec
1339 399 1397 455 ulla
1413 403 1576 456 sanctarum
1591 400 1763 475 disparilitas
1775 402 1837 461 anl-

152 485 185 538 ut
197 481 374 556 ubicumque
383 488 482 556 potata
492 486 535 541 vel
546 502 662 558 asparsa
671 488 768 556 fueris,
780 489 932 561 effugetur,
946 494 974 546 11

153 581 338 649 expugnetur
350 578 482 634 inimicus
498 583 526 634 et
542 580 637 638 omnis
650 583 811 653 putredinis
824 585 873 652 vis,
892 589 922 640 ut
936 585 973 641 sis

152 675 273 747 proprie
288 677 347 732 Deo
360 676 462 733 dicata.

436 758 586 809 Benedictio
611 772 692 823 arpuae.

188 829 267 884 Deus
282 829 330 901 qui
346 829 382 884 ad
396 831 518 885 salutem
532 831 646 903 generis
663 832 780 888 humani
796 834 921 890 maxima
931 854 973 892 sa-

152 927 305 978 cramenta
316 924 344 978 in
356 942 496 996 aquarum
507 926 667 981 substantia
678 927 790 995 dedisti,
801 929 899 985 adesto
910 947 973 1002 sup

151 1018 357 1090 plicationibus
372 1020 485 1087 nostris,
503 1024 532 1075 11
549 1021 694 1076 elemento
711 1022 777 1077 huie
795 1024 972 1080 multimodis

152 1113 405 1184 purificacionibus
421 1118 584 1188 praeparato
600 1115 711 1170 virtutis
723 1120 779 1171 tuae
793 1117 972 1175 benedictio·

152 1224 222 1262 nem
242 1207 379 1275 infunde3
399 1192 513 1264 ut'haae
532 1213 663 1265 ereatura
678 1211 821 1283 mysteriis
837 1212 892 1267 tuis
912 1231 971 1268 ser-

151 1301 243 1367 viens,
261 1301 299 1356 ad
320 1302 495 1373 ablegandos
514 1304 661 1360 daemones
683 1306 856 1377 morbosque
876 1310 970 1380 repel-

151 1395 256 1450 lendos
268 1394 480 1467 divinaegratiae
491 1402 586 1452 sumat
596 1398 744 1466 effectum3
757 1403 786 1454 et
797 1400 932 1472 quicquid
942 1401 972 1456 in

150 1487 288 1543 domibus
307 1490 434 1545 fidelium
453 1491 514 1546 haec
533 1493 612 1546 unda
631 1493 795 1564 asperserit,
815 1497 912 1549 careat
927 1495 970 1549 in·

149 1583 307 1650 munditia,
322 1584 459 1639 liberetur
473 1604 489 1640 a
503 1587 588 1642 noxia
603 1604 610 1641 ε
626 1604 684 1641 non
700 1588 757 1641 illic
773 1567 900 1644 resideat
914 1590 970 1662 spi-

147 1677 221 1731 ritus
246 1679 393 1749 pestilens,
418 1696 475 1734 non
497 1698 567 1735 aura
586 1698 793 1753 corrumpens;
815 1683 972 1738 abscedant

147 1788 253 1827 omnes
264 1773 386 1827 latentes
396 1773 507 1828 insidias
524 1775 644 1842 inimici,
660 1793 818 1847 omnesque
831 1777 1009 1866 inquieta-B

147 1864 233 1919 dines
248 1868 347 1937 procul
362 1867 513 1937 aufugiant
529 1885 535 1921 :
551 1871 579 1921 et
595 1868 616 1921 si
633 1868 702 1940 quid
718 1871 851 1941 estquod
867 1871 972 1926 incolo·

141 1960 243 2014 mitati
260 1960 455 2016 habitantium
472 1961 600 2016 invideat¹
615 1965 663 2016 aut
678 1963 772 2031 saluti,
787 1963 972 2035 adsparsione

145 2069 232 2124 aquae
242 2053 327 2125 hujus
338 2054 483 2121 abscedat,
497 2059 526 2109 ut
537 2055 690 2111 salubritas
699 2073 751 2128 per
761 2057 971 2114 invocationem

143 2146 240 2201 sancti
255 2147 380 2201 nominis
392 2153 564 2218 permaneat
579 2150 790 2221 inpugnatione
806 2152 934 2207 defensa.

381 2228 530 2278 Benedictlo
546 2229 607 2279 salis
624 2234 650 2279 11
663 2244 744 2294 aqum.

186 2300 312 2356 Domine
326 2302 401 2357 Deus
414 2301 607 2373 omnipotens,
618 2302 763 2358 institutor
774 2303 905 2358 omnium
916 2307 970 2359 ele-

151 2396 970 2469 mentorum,teporDominumnostrnmtesumChristnm

142 2489 254 2545 'Filium
268 2493 350 2545 tuum
371 2491 512 2563 supplices
529 2509 689 2560 exoramus,
707 2495 738 2546 ut
755 2493 807 2546 has
826 2495 971 2547 creaturas

154 2583 217 2639 salis
230 2587 260 2638 et
273 2601 356 2655 aquae
369 2585 543 2640 benedicere
556 2590 584 2640 et
595 2585 773 2640 sanctificare
786 2586 927 2655 digneris,
939 2591 972 2641 111

155 2677 326 2749 ubicumque
342 2695 465 2749 aspersae
479 2679 596 2746 fuerint,
611 2680 706 2734 omnis
720 2679 835 2750 spiritus
853 2680 970 2735 inmun·

155 2770 204 2825 dus
215 2771 252 2826 ab
263 2789 298 2826 eo
313 2773 375 2826 loco
388 2773 523 2827 confusus
534 2773 669 2827 abscedat
680 2777 766 2844 atque
777 2774 903 2842 recedat,
918 2792 971 2829 nec

154 2865 270 2919 ulterius
280 2866 309 2920 in
324 2883 358 2921 eo
373 2867 434 2921 loco
449 2868 648 2923 commorandi
660 2868 765 2922 lrabeat
778 2871 969 2939 potestatem3

154 2976 202 3031 per
213 2959 350 3014 virtutem
367 2960 480 3015 Domini
496 2961 586 3016 nostri
601 2963 666 3016 lcsu
683 2961 795 3029 Christi,
811 2962 859 3033 qui
875 2966 969 3018 tecum

154 3053 225 3110 Deus
233 3056 320 3110 Pater
330 3054 522 3126 omnipotens,
536 3059 564 3110 et
574 3072 638 3110 cum
649 3055 756 3126 Spiritu
767 3060 866 3112 sancto
878 3074 971 3129 aequa-

1023 507 1138 546 marum
1153 508 1159 546 :
1172 492 1220 564 qui
1233 492 1273 546 ita
1283 493 1359 549 viros
1369 494 1405 549 ad
1418 494 1556 566 spiritalia
1567 496 1724 554 certamina
1737 514 1837 555 conro-

1022 585 1118 653 boras,
1134 590 1164 642 ut
1178 586 1302 642 feminas
1318 604 1377 642 non
1396 588 1588 659 derelinquas,
1604 590 1743 661 pietatem
1760 595 1840 650 tuam

1024 680 1125 735 humili
1143 680 1350 753 supplicatione
1372 681 1563 753 deposcimus,
1583 687 1614 738 ut
1637 685 1703 740 huic
1723 687 1840 745 famolae

1022 776 1079 829 tuae
1092 775 1143 843 ill.,
1161 792 1247 847 quam
1265 779 1446 830 sacrosancto
1462 777 1543 849 gregi
1556 777 1711 848 virginum,
1725 784 1839 837 nostra·

1023 886 1087 922 rom
1107 869 1291 941 impositione
1310 875 1500 925 manuumet
1516 872 1570 927 hoc
1588 873 1739 928 velaminis
1755 879 1837 947 tegu·

1022 967 1121 1018 mento
1136 964 1166 1017 in
1187 964 1316 1019 coenobio
1337 963 1375 1018 ill.
1395 968 1519 1019 matrem
1540 966 1601 1021 ficri
1622 973 1765 1040 optamus,
1786 971 1840 1026 cle·

1023 1058 1134 1114 mentia
1148 1061 1197 1112 tua
1210 1059 1371 1114 roboratrix
1384 1064 1524 1131 perpetua
1539 1077 1598 1116 non
1611 1064 1737 1119 recedat.
1749 1066 1790 1120 Da
1800 1064 1837 1133 ei,

1023 1152 1154 1220 Domine,
1179 1152 1381 1208 fortitudinem
1401 1153 1539 1225 spiritalia
1562 1155 1637 1210 bolla
1657 1159 1786 1229 gerendi,
1810 1163 1841 1216 ut

1023 1262 1075 1300 nec
1086 1246 1208 1301 honesta
1216 1246 1370 1315 delaceret‚
1381 1237 1433 1302 nec
1443 1247 1597 1303 inhonesta
1606 1249 1741 1318 delectet3
1752 1255 1839 1323 atque

1022 1339 1061 1394 ita
1085 1344 1152 1394 ate
1176 1340 1361 1408 inluminata,
1384 1342 1437 1396 sibi
1461 1343 1602 1398 creditam
1623 1345 1839 1403 multitudinem

1022 1433 1185 1489 animarum
1203 1439 1253 1490 tuo
1275 1439 1375 1491 sancto
1395 1437 1507 1492 nomini
1525 1437 1636 1508 jugiter
1655 1437 1839 1497 admonendo

1021 1528 1110 1597 faciat
1128 1528 1276 1597 inservire,
1299 1533 1329 1583 ut
1348 1530 1383 1584 de
1408 1530 1512 1586 nullius
1527 1532 1691 1604 perditione
1710 1535 1839 1606 confusa,

1021 1626 1077 1676 tuae
1093 1622 1243 1678 Genitricis
1261 1624 1437 1697 adjungatur
1451 1625 1569 1681 coetibus
1584 1627 1760 1699 letabunda,
1775 1645 1841 1687 oum

1022 1717 1079 1770 suis
1091 1716 1224 1773 omnibus
1239 1718 1362 1774 feliciter
1374 1720 1550 1777 coronanda.
1564 1723 1628 1791 Per,
1644 1725 1698 1778 etc.

1105 1823 1268 1864 osnenrcrro
1287 1824 1369 1865 sorae
1384 1825 1487 1865 vromu
1502 1826 1582 1867 vassa
1599 1828 1756 1871 1111111111.

1057 1891 1178 1947 Domine
1194 1894 1302 1960 sancte,
1316 1893 1401 1947 Pater
1416 1892 1610 1965 omnipotens,
1630 1901 1738 1953 aeterne
1753 1899 1838 1968 Deus,

1023 1985 1072 2056 qui
1095 1985 1124 2040 in
1148 1988 1261 2041 tantum
1285 1987 1414 2042 humano
1441 1988 1543 2059 generi
1567 1988 1758 2047 miserationis
1782 1997 1839 2049 tum

1022 2096 1121 2134 curam
1135 2080 1278 2152 inpendia,
1293 2085 1321 2137 11
1336 2081 1376 2136 ita
1389 2081 1560 2153 virginitatis
1576 2083 1759 2141 devotionem
1776 2103 1838 2142 am-

1023 2174 1164 2245 plecteris,
1180 2178 1211 2228 ut
1228 2174 1374 2229 viduitatis
1390 2175 1601 2247 professionem
1620 2179 1776 2234 clementer
1790 2197 1839 2236 ac-

1022 2272 1128 2339 ceptes,
1151 2272 1188 2335 te,
1211 2286 1385 2340 quaesumus,
1406 2269 1542 2338 Domine,
1564 2272 1696 2344 precibus
1716 2273 1840 2345 inplora-

1021 2378 1095 2429 mus,
1110 2365 1138 2416 te
1152 2363 1293 2434 supplices
1304 2364 1505 2436 deprecamur,
1518 2367 1549 2419 ut
1559 2365 1697 2421 famolam
1708 2369 1788 2422 tuom
1799 2368 1839 2423 111.

1022 2472 1085 2526 quas
1097 2457 1133 2510 oh
1146 2456 1281 2512 timorem
1294 2458 1336 2512 tui
1352 2458 1476 2512 nominis
1490 2463 1568 2514 casto
1579 2459 1683 2514 timore
1696 2460 1749 2516 sihi
1762 2478 1841 2533 pros·

1021 2550 1140 2620 piciens,
1154 2550 1300 2605 viduitatis
1317 2551 1523 2606 indumentum
1539 2569 1591 2624 per
1604 2557 1708 2608 nostrae
1722 2554 1839 2609 humili·

1021 2643 1088 2697 tatis
1102 2660 1205 2698 manus
1218 2644 1366 2715 percipere
1380 2646 1542 2716 postulavit,
1557 2652 1606 2702 tuo
1621 2646 1725 2703 auxilio
1739 2652 1840 2705 contra

1021 2737 1179 2792 inlecebras
1205 2737 1298 2792 carnis
1328 2741 1414 2810 atque
1443 2739 1560 2795 insidias
1586 2740 1697 2796 inimici
1725 2742 1840 2797 munias

1021 2830 1154 2902 prasidio
1172 2848 1205 2885 ac
1221 2832 1369 2899 delendas,
1388 2835 1420 2885 111
1439 2834 1474 2888 sit
1492 2834 1601 2889 famola
1621 2837 1670 2889 tua
1688 2834 1728 2888 ill.
1748 2836 1840 2891 hnnoe

1021 2925 1085 2979 filiae
1099 2925 1252 2980 Fanulielis
1269 2926 1370 2980 similis
1389 2927 1418 2981 in
1434 2926 1547 3004 vigiliis,
1563 2928 1592 2982 in
1610 2928 1793 2997 abstinentia,
1809 2929 1839 2985 in

1021 3019 1198 3075 orationibus
1213 3023 1299 3091 atque
1315 3021 1506 3092 eleemosynis
1520 3025 1664 3093 prompta.

1142 3125 1302 3166 sereniano
1317 3127 1436 3167 1111111111
1451 3127 1538 3167 erran
1553 3115 1721 3168 noscares·.

153 3148 183 3203 lis
197 3165 315 3220 semper
328 3149 394 3203 vivit
408 3153 436 3203 et
449 3153 552 3219 regnat
563 3149 591 3203 in
605 3150 709 3204 saecula
721 3151 902 3206 saeculorum.
980 3178 1007 3258 C
1057 3193 1147 3248 Deum
1158 3193 1205 3265 qui
1217 3193 1254 3247 ad
1265 3193 1514 3265 multiplicandam
1525 3195 1644 3250 humani
1653 3196 1766 3267 generis
1777 3213 1840 3267 pm·

432 3245 530 3285 omno
551 3246 580 3285 nr
599 3246 684 3286 nono.

184 3310 318 3376 benedic,
329 3308 461 3375 Domine,
478 3309 597 3364 domum
612 3310 707 3376 istam,
725 3315 754 3366 et
769 3330 872 3367 omnes
887 3312 969 3367 habi·

152 3408 243 3460 tantes
258 3405 287 3458 in
302 3420 335 3457 ea
351 3420 403 3473 per
417 3403 653 3459 intercessionem
670 3410 836 3462 sanctorum
854 3411 970 3461 tuorum

152 3499 322 3554 benedicere
332 3501 360 3552 11
368 3497 546 3552 sanctificare
559 3499 697 3568 digneris,
708 3500 828 3555 ethonis
837 3501 971 3556 omnibus

153 3593 346 3665 amplificare:
363 3592 472 3647 tribuas
488 3592 529 3646 eis
542 3592 578 3646 de
593 3610 659 3647 rore
676 3593 737 3647 caeli
754 3595 831 3648 etde
847 3594 969 3666 pingue-

152 3687 215 3743 dine
232 3692 317 3742 terrae
333 3686 530 3740 abundantem
547 3687 612 3741 vitm
628 3688 828 3756 substantiam,
842 3688 871 3742 in
887 3689 970 3744 honis

153 3782 284 3837 omnihus
305 3780 479 3835 desiderium
497 3781 533 3834 ad
553 3780 687 3836 eflectum
702 3799 760 3837 suaa
776 3783 970 3838 miserationis

153 3877 298 3947 perducat.
314 3877 369 3929 Per
382 3874 548 3942 Dominum,
565 3878 620 3930 etc.
647 3869 652 3876 ’

299 3972 370 4009 onoo
388 3972 422 4008 111
442 3971 648 4010 consecratores
668 3972 819 4012 uonncnas.

185 4041 379 4111 Omnipotens
387 4041 562 4112 sempiterne
572 4042 656 4108 Deus,
664 4043 746 4112 pater
754 4040 868 4097 Domini
880 4040 969 4096 nostri

151 4138 212 4192 lesu
229 4134 353 4191 Christi:
368 4138 408 4200 tu,
425 4135 556 4202 Domine,
572 4135 676 4205 adjuva
688 4135 865 4190 volontatem
879 4135 967 4190 ancil·

154 4230 244 4285 larum
253 4232 381 4295 tuarum,
393 4245 456 4300 quae
468 4229 617 4283 meliorem
629 4229 792 4298 portionem
803 4229 967 4300 elegerunt,

155 4327 178 4378 et
191 4326 299 4396 praesta
314 4323 354 4377 eis
372 4324 496 4394 gratiam
511 4323 681 4395 spiritalem,
698 4325 729 4377 ut
746 4322 849 4389 sobrie,
866 4323 968 4394 pudice

154 4415 969 4488 virentes,haecsemperfaciantquaetibisuntplacitaDi·

157 4526 240 4580 gnare
251 4511 351 4578 etiam,
363 4511 494 4580 Domine,
506 4509 655 4581 lampadas
664 4527 765 4565 eorum
775 4509 970 4581 inestinguibi-

158 4605 189 4659 les
200 4622 317 4660 servare
329 4622 417 4677 usque
431 4606 459 4660 111
472 4605 578 4672 finem,
594 4607 624 4658 ut
634 4621 739 4675 sponso
750 4604 884 4659 veniente
898 4604 970 4660 laetae

157 4713 301 4756 occurrere
315 4699 433 4770 possint,
448 4703 534 4770 atque
548 4716 639 4770 regna
651 4699 776 4753 calestia
791 4698 917 4754 intrare:
931 4699 971 4753 in-

156 4793 234 4849 clusae
249 4793 357 4866 gratias
376 4793 427 4848 tibi
443 4795 570 4849 referant
586 4793 613 4847 in
635 4793 754 4864 regione
769 4792 898 4848 vivorum
916 4794 970 4849 hoc

152 4886 266 4960 signum
281 4887 343 4942 Fun
355 4887 397 4941 tui
408 4887 570 4958 bajulantes
580 4887 598 4950 1
609 4887 656 4958 qui
670 4887 737 4942 vivit
750 4891 779 4943 et
789 4891 903 4959 regnat,
915 4891 968 4943 etc.

381 4985 415 5022 an
435 4984 577 5021 amaruan
598 4983 740 5023 vrncrnnu.

182 5051 249 5105 llaec
261 5052 338 5116 sunt,
350 5049 481 5115 Domine,
496 5048 595 5119 capitis
606 5048 763 5103 consecrati
775 5049 970 5120 splendidiora

141 5143 302 5198 velamina.
324 5144 422 5197 Nullus
442 5142 488 5196 hie
512 5142 725 5197 candidissimae
748 5143 834 5197 vestis
853 5145 971 5197 ornatus

136 5242 213 5293 cum
227 5253 286 5309 qno
298 5253 395 5292 errore
406 5236 527 5307 decepta
538 5236 624 5290 iter...
640 5237 914 5307 sequaturhgnum3
930 5234 969 5289 ita

128 5318 248 5385 lumen
260 5331 392 5386 Ecclesiae
403 5333 489 5401 atque
500 5330 688 5385 immaculata
699 5330 778 5402 virgo
789 5328 837 5384 uni
846 5327 968 5385 Domino

127 5426 240 5496 ‘lupia
255 5424 372 5479 beatam
388 5424 487 5479 sedem
502 5412 640 5495 requirat.

388 5521 546 5561 aanrmorro
566 5520 728 5561 nsoarrssia.

185 5584 375 5658 Omnipotens
385 5586 507 5641 Domine
517 5587 601 5653 Deus,
610 5585 686 5656 apud
695 5602 782 5657 quem
795 5600 853 5638 noo
863 5586 906 5639 est
916 5583 970 5639 dis

186 5712 272 5767 'Hoc
295 5710 431 5783 estquod
451 5710 490 5766 ait
507 5712 673 5767 Ambrosius
693 5711 722 5764 in
741 5710 861 5782 epistola
880 5709 914 5764 al
932 5709 969 5766 ad

114 5761 382 5888 {fercellensem
394 5783 487 5865 ipsum
501 5783 668 5866 conjuginm
680 5783 821 5837 velamine
834 5781 967 5838 sacerdo·

141 5853 199 5909 ab
215 5856 244 5910 et
258 5853 460 5911 benedictione
474 5854 645 5960 sanctificari
659 5857 828 5929 oportere.»

1021 3287 1078 3341 lem
1091 3287 1299 3341 benedictionis
1311 3305 1367 3342 suco
1379 3289 1455 3343 dona
1467 3289 1566 3359 largiri
1577 3288 1712 3360 dignatus
1723 3292 1775 3356 est,
1785 3290 1840 3344 fra·

1023 3383 1078 3435 tres
1090 3380 1239 3448 carissimi,
1254 3381 1453 3453 deprecemur,
1470 3385 1500 3435 ut
1512 3382 1565 3435 hos
1578 3381 1702 3436 famulos
1716 3397 1782 3435 suos
1798 3381 1838 3437 ill.

1021 3477 1050 3527 et
1067 3475 1104 3529 ill.
1120 3491 1191 3544 quos
1208 3474 1244 3528 ad
1256 3475 1439 3545 conjugalem
1456 3474 1589 3545 copulam
1605 3474 1665 3545 ipse
1680 3474 1838 3546 praeelegit,

1021 3568 1080 3639 ipse
1098 3567 1248 3623 custodiat.
1268 3569 1321 3623 Det
1339 3568 1379 3622 eis
1397 3586 1496 3623 sensus
1516 3568 1659 3639 pacificos,
1677 3585 1760 3641 pares
1777 3568 1838 3624 ani·

1020 3678 1093 3729 mos,
1106 3678 1202 3717 mores
1216 3664 1315 3717 mutua
1329 3662 1448 3718 caritate
1460 3662 1616 3717 devinctos.
1626 3662 1757 3717 Habeant
1767 3679 1838 3734 quo·

1021 3771 1076 3826 que
1090 3759 1202 3828 optatas
1218 3755 1279 3827 ejus
1295 3773 1416 3810 munere
1434 3757 1557 3824 soboles,
1573 3774 1630 3828 qua
1644 3756 1716 3812 sicut
1730 3755 1840 3813 donum

1020 3848 1108 3920 ipsius
1123 3849 1231 3918 tribuit,
1246 3850 1284 3905 ita
1299 3849 1386 3922 ipsius
1400 3849 1602 3905 benedictione
1617 3853 1840 3922 consequantur,

1020 3946 1051 3998 ut
1064 3942 1094 3998 111
1106 3943 1206 3999 famoli
1216 3944 1260 3999 sui
1272 3945 1311 3999 ill.
1325 3945 1403 3999 etill.
1418 3944 1447 3999 in
1461 3944 1541 3999 omni
1556 3945 1634 4000 idem
1645 3945 1738 4000 cordis
1749 3943 1841 4000 humi·

1021 4037 1100 4092 litate
1116 4037 1288 4093 deserviant.
1305 4040 1367 4094 Pen

1363 4119 1425 4168 ltem
1439 4117 1497 4167 olla.

1055 4190 1092 4243 Te
1113 4188 1310 4260 deprecamur,
1334 4190 1456 4248 Domine
1475 4193 1583 4257 sancte,
1600 4191 1684 4242 Pater
1704 4188 1837 4259 omnipo·

1022 4286 1094 4350 tens,
1115 4286 1223 4338 aeterne
1239 4284 1321 4350 Dens,
1343 4284 1498 4355 superbos
1520 4282 1642 4337 famolos
1666 4284 1731 4335 tuos
1751 4281 1790 4336 ill.
1811 4285 1841 4336 et

1020 4376 1060 4431 ill.
1076 4393 1147 4447 quos
1159 4377 1335 4450 adgratiam
1349 4376 1477 4448 conjugii
1489 4376 1587 4431 venire
1594 4374 1713 4447 jussisti,
1726 4375 1774 4447 qui
1787 4391 1840 4447 per

1022 4474 1151 4525 nostram
1161 4469 1839 4543 licetprecemautvocembenedictionemtuam

979 4553 1197 4626 Ddesiderant.
1215 4565 1318 4620 Tribue
1337 4565 1392 4632 eis,
1408 4563 1539 4631 Domine,
1559 4563 1642 4618 fidele
1662 4563 1840 4620 consortium

1021 4659 1157 4715 caritatis.
1170 4659 1293 4714 induant
1304 4658 1454 4713 caritatem
1466 4656 1569 4726 Sarrae,
1579 4657 1777 4729 penitentiam
1788 4659 1841 4713 Re·

1020 4753 1124 4822 beccoe,
1141 4769 1271 4809 amorem
1288 4751 1405 4818 Rachel,
1424 4751 1549 4822 gratiam
1569 4754 1599 4807 et
1617 4752 1767 4808 caritatem
1785 4753 1838 4808 Su-

1020 4869 1129 4908 sanna.
1145 4851 1305 4907 Descendat
1322 4851 1473 4922 superbos
1487 4851 1610 4906 famolos
1623 4854 1687 4905 tuos
1702 4851 1741 4905 ill.
1758 4854 1786 4905 et
1798 4851 1838 4906 ill.

1021 4947 1092 5001 sicut
1107 4945 1257 5001 descendit
1268 4962 1316 4999 ros
1329 4944 1431 5016 pluviae
1445 4961 1531 5016 snper
1543 4945 1647 4999 faeiem
1661 4947 1764 4998 terra:
1780 4960 1840 5000 ma-

1021 5058 1075 5094 nus
1091 5043 1145 5095 tuoe
1157 5039 1285 5094 sentiant
1297 5044 1404 5106 actum,
1420 5041 1449 5092 et
1462 5038 1583 5108 Spiritus
1593 5037 1682 5091 saneti
1697 5036 1738 5090 tui
1751 5036 1841 5107 perci-

1021 5134 1103 5205 piant
1117 5134 1256 5205 gaudium
1270 5132 1489 5203 sempiternum.

1143 5223 1228 5274 Oratio
1240 5236 1319 5286 snper
1333 5219 1437 5283 eosqui
1451 5217 1567 5267 sacrando
1581 5217 1683 5268 nubunt
1692 5229 1715 5270 b.
1781 5232 1783 5236 ·

1054 5297 1224 5367 Antiphone.
1248 5293 1413 5349 benedictio
1437 5291 1551 5347 Domini
1571 5307 1736 5363 supervos.
1759 5291 1838 5346 Beati

1020 5407 1131 5446 omnes.

1055 5486 1140 5551 Deus,
1150 5483 1197 5554 qui
1209 5481 1383 5536 multimoda
1391 5480 1585 5537 subsidiorum
1595 5478 1725 5534 remedia
1734 5474 1839 5546 fragili-

1020 5579 1070 5635 tati
1081 5578 1217 5632 humane
1230 5574 1372 5631 beneficia
1382 5575 1507 5643 confers,
1520 5573 1661 5631 attribuis
1673 5573 1836 5627 incremen-

1054 5701 1289 5776 bAntiquissima
1308 5707 1351 5758 est
1371 5702 1401 5758 in
1425 5701 1551 5757 Ecclesia
1568 5694 1730 5778 benedictio
1751 5711 1838 5767 super

1020 5776 1172 5844 nubentes,
1189 5792 1275 5848 super
1287 5774 1413 5832 secundo
1427 5773 1569 5828 nubentes
1582 5781 1681 5824 rarior.

1787 289 1839 355 170
1920 323 1925 335 ·
