3878 6150
61 280 130 338 leot
470 268 652 338 testimari
670 275 835 338 NOVELLAE
853 272 1021 336 SELEGTAE.
1040 274 1196 335 horama
1215 270 1327 333 ixxu.
1673 282 1741 341 1002

56 390 224 464 hujusmodi
239 390 314 446 viros
327 394 355 445 et
367 390 499 446 mulieres
515 406 581 446 cum
597 405 715 463 corpore
736 395 765 446 et
779 389 876 445 anima
886 402 1012 476 Aquam
1023 394 1056 444 ut
1067 389 1117 462 qui
1131 389 1195 446 fidei
1210 394 1316 446 1111111
1335 405 1352 443 1
1373 388 1487 444 domino
1506 389 1563 445 Deo
1588 393 1742 450 concrediti

56 487 124 558 ipso
138 487 267 558 ingressu
281 485 317 539 ad
329 484 532 540 monasterium
555 483 684 540 dedicare
706 500 735 539 se
756 500 876 555 suasque
926 488 1001 553 sant,
1012 485 1130 540 honeste
1145 485 1249 553 vivant,
1272 489 1300 538 et
1323 483 1384 554 ejas
1406 483 1630 540 benevolentiam
1649 486 1743 542 deme-

55 579 241 648 substantias,
256 582 285 632 et
296 575 436 648 siquidem
450 576 638 645 discesserint,
652 593 766 632 manere
788 578 876 632 etiam
926 581 1051 645 reantur,
1064 578 1222 649 prasertim
1234 593 1299 632 auin
1312 577 1362 631 Dei
1375 593 1442 648 erga
1455 578 1585 633 homiues
1597 595 1677 633 amor
1686 598 1742 634 uon

56 674 100 728 sic
113 689 212 728 eorum
227 671 397 726 substantias
409 671 439 726 in
451 671 664 740 monasterium,
681 671 804 741 eoquod
825 672 876 724 do·
926 671 1083 738 interitum,
1098 671 1147 726 sed
1162 671 1372 725 conveisionem
1385 687 1417 724 aa
1430 672 1548 726 salutem
1561 673 1637 741 velit;
1654 678 1681 727 et
1695 691 1744 729 eos

57 767 135 820 mini
149 767 251 821 horum
266 764 386 820 ulterius
399 780 457 818 non
470 763 594 819 existant
607 780 613 817 :
627 763 693 817 hinc
708 767 803 817 autem
815 779 876 817 me·
927 765 976 836 qui
988 765 1091 819 alieubi
1107 764 1295 832 attenderunt,
1312 766 1383 818 lleus
1396 765 1479 818 simul
1494 772 1578 836 atque
1594 767 1744 837 eriguntur
1828 760 1834 778 '

57 865 152 928 tuere,
177 875 212 913 11
236 858 307 913 forte
325 857 463 928 (quamvis
482 862 577 911 nostra
600 857 761 911 constitutio
785 858 877 911 multo
927 863 955 912 et
968 859 998 911 iii
1011 859 1086 912 viam
1098 858 1229 926 redeunt,
1247 857 1389 927 suscipiat.
1407 838 1467 921 Qua
1483 859 1568 912 etiam
1581 859 1614 912 de
1634 876 1664 913 re
1680 876 1742 914 om-

59 952 199 1024 posterior
214 951 251 1006 sit
271 966 357 1022 quoni
378 966 443 1005 cum
456 950 487 1005 in
500 949 667 1022 praedictam
688 949 877 1003 venerabilem
927 967 977 1005 nes
991 952 1183 1019 cohortamur,
1194 950 1422 1006 utlleitiiuoiem
1433 951 1742 1023 inaniuiocaucipiaiit,

58 1045 180 1100 denium
194 1045 322 1115 ingressa
334 1048 376 1098 est
390 1043 489 1115 (aliqui
510 1043 678 1114 prohibeant
690 1057 752 1096 eam
766 1041 876 1112 prospi·
928 1049 956 1098 et
968 1045 1029 1114 ejus
1040 1045 1191 1114 implorent
1204 1044 1418 1113 benignitatem.
1440 1046 1472 1098 ht
1485 1045 1591 1098 seimus
1602 1045 1680 1116 qnod
1694 1048 1744 1117 qui

59 1154 125 1193 cere
139 1154 190 1192 suo
202 1137 270 1207 siho,
279 1139 308 1192 et
322 1143 452 1208 oportere
462 1142 577 1207 propter
591 1135 760 1206 praedictum
770 1137 878 1191 metum
928 1137 1017 1191 Deum
1030 1137 1160 1207 diligunt,
1175 1136 1281 1207 quique
1294 1137 1355 1207 ejus
1374 1138 1571 1208 praestolantur
1582 1138 1743 1196 misericor·

59 1231 124 1286 haee
136 1230 325 1301 interpretari,
338 1235 367 1284 11
375 1230 438 1302 lege
452 1235 548 1284 nostra
564 1229 626 1283 sieri
640 1228 878 1299 manifestaque
929 1229 1018 1296 diam,
1033 1230 1086 1283 hoc
1100 1231 1196 1300 agant.
1212 1229 1282 1293 Quia
1299 1246 1364 1284 1111
1382 1229 1519 1284 diabolica
1538 1231 1653 1302 quidam
1666 1233 1745 1288 insti-

57 1324 133 1380 nihil
148 1325 216 1379 laesa
228 1324 274 1393 sit,
288 1328 337 1378 out
360 1324 421 1394 ipsa
437 1333 487 1378 out
503 1322 578 1377 lilius
594 1323 655 1393 ejus
674 1322 750 1376 circa
770 1322 832 1391 ejus
845 1336 878 1374 ex
929 1323 1041 1393 gatione
1055 1322 1173 1390 detenti,
1188 1322 1616 1394 3111111111111111111111111
1630 1327 1745 1381 commi·

57 1420 219 1472 memorata
249 1417 447 1472 constitutione
477 1416 692 1471 successionem.
725 1416 878 1486 Propterea
929 1420 1036 1484 serunt,
1053 1420 1081 1470 et
1095 1415 1148 1487 ipsi
1162 1416 1745 1484 natiuaecoutiarialacinut,adhortamur

57 1511 214 1579 sancimus,
227 1509 251 1563 si
266 1509 329 1581 quis
349 1509 551 1565 monasterium
575 1507 743 1562 habitaverit
765 1506 807 1560 vir
829 1510 880 1561 aut
929 1510 1059 1576 ethosce,
1070 1509 1161 1563 111111
1175 1509 1628 1580 timoremetlutiirumjudiaium
1639 1512 1669 1566 in
1681 1513 1744 1567 ani·

57 1604 165 1658 mulier
178 1608 243 1658 ante
258 1603 426 1675 praedictam
440 1607 567 1657 nostram
580 1599 819 1665 constitutionem,
830 1603 879 1653 aut
928 1618 976 1656 nio
989 1602 1157 1673 concipiant,
1172 1608 1201 1656 et
1214 1601 1372 1657 istiusmodi
1389 1601 1534 1657 diabolicis
1551 1607 1579 1658 et
1588 1604 1690 1660 illicitis
1698 1606 1743 1659 lu-

58 1697 198 1752 hactenus
211 1696 328 1765 habitat,
345 1698 373 1751 11
386 1695 508 1750 maxime
520 1695 585 1749 liliis
598 1693 798 1760 existentibus,
812 1694 877 1747 nul·
928 1695 1018 1749 xuriis
1032 1694 1201 1763 abstineant,
1217 1710 1252 1748 ue
1264 1711 1315 1766 per
1328 1700 1385 1749 tam
1399 1695 1487 1767 impia
1503 1697 1629 1752 facinora
1641 1715 1657 1752 a
1668 1699 1745 1769 justa

57 1791 117 1845 lani
139 1789 244 1846 habere
263 1788 461 1843 necessitatem
475 1804 551 1842 nnnc
575 1803 674 1842 eorum
692 1771 916 1845 substantiamB
929 1789 977 1842 1111
991 1789 1034 1841 ira
1046 1788 1091 1841 vel
1110 1786 1195 1841 urbes
1215 1803 1281 1841 cum
1301 1788 1358 1842 suis
1376 1788 1475 1841 incolis
1489 1805 1602 1859 pessum
1615 1791 1657 1845 ire
1670 1792 1745 1848 inve·

57 1882 317 1949 inmonasterium,
333 1882 381 1936 sed
393 1881 451 1935 lilio
465 1885 515 1936 aut
529 1881 594 1935 tiliae
610 1880 814 1946 transmittere,
831 1883 880 1932 aut
929 1880 1053 1935 niantur.
1078 1883 1130 1934 Per
1156 1886 1266 1934 sanctas
1294 1882 1371 1934 euim
1393 1881 1552 1952 Scripturas
1580 1884 1743 1954 edocemur,

58 1981 149 2031 totam
167 1975 320 2030 autetiam
336 1981 447 2045 partem
466 1991 525 2029 suae
539 1973 718 2039 substantiae,
733 1973 879 2027 autetiam
928 1973 1005 2045 quod
1021 1974 1056 2028 ob
1079 1980 1138 2028 tam
1159 1973 1247 2044 impia
1268 1974 1392 2027 facinora
1411 1974 1496 2028 etiam
1512 1976 1594 2030 urbes
1608 1993 1664 2030 una
1679 1994 1744 2032 cum

58 2085 117 2141 quo
131 2069 252 2124 voluerit
266 2068 351 2122 modo
372 2085 416 2122 res
435 2084 499 2122 suas
517 2067 688 2138 disponere:
704 2070 802 2136 utpote
819 2066 877 2135 pri-
928 2067 1089 2121 homiuibus
1104 2066 1249 2136 perierint.
1275 2069 1392 2138 iusuper
1414 2069 1481 2139 quia
1501 2069 1575 2123 ultra
1596 2071 1745 2141 piaedictos

15 2172 24 2179 “
57 2178 138 2217 mam
151 2162 229 2216 illam
237 2162 331 2233 legem
341 2161 396 2215 alia
408 2166 505 2215 nostra
516 2160 568 2214 hac
579 2159 779 2215 constitutione
793 2159 880 2212 iuter·
928 2160 1043 2231 quidam
1057 2159 1237 2214 exsecrabilia
1247 2160 1425 2214 aliamveiba
1434 2167 1462 2215 et
1471 2163 1630 2232 juramento
1642 2164 1677 2217 de
1688 2166 1744 2219 ileo

57 2259 191 2326 pretante
199 2255 254 2324 teos
263 2254 395 2325 enimqni
405 2254 491 2308 semel
499 2260 563 2308 ante
574 2256 760 2307 memoratam
771 2251 879 2306 dudum
928 2252 1085 2323 proferunt,
1101 2255 1191 2307 lteum
1207 2258 1390 2324 provocantes
1405 2254 1441 2308 ad
1456 2255 1642 2326 iracundiam,
1657 2259 1746 2311 consi-

57 2353 188 2402 nostram
198 2346 651 2418 legemmonasteriaiatraveriut,
663 2346 778 2400 innullo
787 2345 879 2417 posita
929 2346 1034 2401 militer
1059 2352 1086 2400 et
1111 2347 1164 2401 hos
1185 2346 1380 2415 admonemus,
1400 2354 1433 2402 nt
1453 2352 1509 2402 tam
1528 2351 1746 2406 exsecrabilibus

57 2445 157 2512 postea
169 2441 215 2495 lex
227 2440 435 2508 contristatura,
450 2445 500 2493 aut
514 2439 643 2493 ablaturo
656 2443 699 2493 est
713 2438 757 2491 his
767 2454 799 2491 ea
813 2451 878 2507 quae
928 2440 1029 2509 verbis,
1039 2445 1067 2495 et
1080 2439 1148 2494 item
1158 2440 1361 2511 percopillum,
1373 2443 1495 2513 etcaput
1507 2443 1743 2513 adiurationibus,

57 2535 138 2606 prins
154 2534 204 2600 eis,
221 2538 251 2587 ut
271 2534 346 2599 licet,
364 2534 428 2587 data
450 2536 535 2600 sunt),
558 2548 650 2603 neque
673 2532 753 2602 prius
772 2534 878 2585 nostrae
928 2538 956 2589 et
975 2533 1003 2587 id
1023 2549 1114 2604 genus
1126 2533 1187 2587 aliis
1206 2534 1298 2588 verbis
1317 2535 1486 2589 abstineant.
1501 2537 1571 2590 Nam
1584 2536 1606 2590 si
1619 2538 1745 2592 convicia

58 2627 131 2698 legis
144 2627 380 2697 impedimentum
389 2626 501 2696 penitus
513 2626 642 2693 lactente,
653 2641 685 2679 eo
696 2624 771 2695 quod
784 2638 877 2694 neque
927 2627 1092 2680 homiuibus
1104 2627 1215 2698 ingesto
1237 2628 1337 2681 saltem
1352 2628 1441 2682 inulla
1454 2646 1510 2683 uon
1531 2630 1743 2701 relinquuntur,

58 2719 192 2791 possibile
201 2720 237 2773 sit
249 2719 304 2773 hoc
316 2719 389 2788 lieri,
401 2723 434 2772 ut
443 2719 615 2789 oportuisset
627 2718 706 2788 prius
716 2717 875 2787 disponere,
927 2721 1017 2775 multo
1032 2720 1122 2790 magis
1134 2720 1183 2790 qui
1202 2719 1328 2774 divinum
1350 2737 1458 2775 numen
1479 2723 1609 2776 conviciis
1630 2724 1744 2779 incessit

59 2818 87 2868 et
99 2813 140 2866 ita
151 2813 265 2883 ingredi
283 2812 495 2866 monasterium.
510 2811 539 2866 Si
559 2827 625 2865 vero
641 2812 719 2864 nulla
738 2816 805 2866 tunc
828 2808 885 2863 tali·
927 2814 1030 2885 diguus
1044 2814 1144 2884 estqui
1159 2813 1329 2884 supplicium
1340 2814 1485 2870 sustineat.
1497 2817 1648 2886 Propterea
1659 2817 1745 2888 igitur

57 2906 122 2977 lege
137 2905 232 2976 posita
244 2905 274 2958 in
286 2905 490 2968 monasterinm
511 2905 639 2975 ingressa
659 2909 719 2972 est,
735 2903 876 2974 quomodo
926 2923 1023 2961 omnes
1044 2906 1208 2976 hujusmodi
1230 2907 1422 2973 cohortamur,
1439 2913 1472 2962 ut
1490 2909 1619 2979 praelatis
1637 2910 1744 2965 delictis

57 2998 121 3053 lieri
134 2998 390 3070 potueritconverti
401 2999 531 3053 ordinem
543 2997 624 3069 legis,
635 2995 877 3068 etexigercutqui
926 3000 1093 3068 abstineant,
1108 3005 1136 3054 ct
1149 2999 1199 3053 1111
1212 3000 1345 3054 timorem
1368 3001 1398 3053 iii
1421 3001 1547 3056 animum
1572 3009 1699 3073 sumant,
1715 3007 1745 3058 et

56 3092 138 3164 prius
152 3093 272 3163 ingressi
286 3097 352 3146 snut
372 3091 591 3157 monasterium,
617 3091 666 3145 illa
684 3090 788 3145 faciant
810 3105 876 3160 qiiae
926 3076 1443 3165 111111111111111111111111113111,
1459 3095 1617 3150 imitentur.
1627 3097 1745 3168 Propter

56 3185 136 3257 prius
149 3184 289 3256 ignorata,
305 3191 401 3257 postea
413 3202 465 3256 per
478 3201 586 3240 sacram
597 3188 726 3239 nostram
740 3184 874 3238 constitu·
926 3187 1092 3257 hujusmodi
1105 3187 1182 3241 euim
1198 3187 1299 3241 delicta
1310 3193 1338 3241 et
1354 3188 1458 3257 lanies,
1474 3193 1503 3242 et
1515 3194 1699 3258 terraemotus,
1715 3194 1744 3245 et

56 3278 166 3333 tionem
180 3282 246 3333 sunt
265 3279 407 3333 innovata.
426 3277 481 3334 Sed
497 3293 729 3349 unumquemque
742 3277 878 3346 competit
926 3280 1094 3352 pestilentia
1107 3280 1286 3334 oboriuntur.
1302 3285 1392 3350 Atque
1411 3281 1463 3334 hoc
1478 3298 1568 3352 genus
1590 3283 1742 3338 homiuum

57 3372 217 3426 secuudum
238 3388 289 3426 sua
308 3377 438 3443 tempora
456 3376 617 3442 exspectare
637 3387 686 3439 11;
709 3374 738 3423 11
761 3369 876 3441 quidem
926 3372 1741 3447 propterea,utmemoiatisillicitisactionihusabstineant,

57 3481 120 3537 quae
131 3468 196 3536 post
206 3464 298 3536 legem
307 3469 382 3533 sunt,
391 3465 429 3518 ita
438 3480 565 3535 quarere
579 3463 651 3532 heri,
665 3462 737 3516 sicut
749 3461 796 3515 lex
805 3462 875 3517 vult.
925 3467 1122 3535 admonemus,
1144 3482 1181 3519 ne
1203 3481 1266 3520 snas
1285 3464 1412 3535 ipsorum
1428 3466 1536 3520 animas
1549 3467 1698 3538 conjiciant
1710 3470 1742 3525 11

58 3558 86 3614 Si
98 3558 171 3629 quid
183 3563 278 3612 autem
291 3561 356 3613 aute
366 3558 460 3628 legem
475 3558 656 3612 subsecutum
669 3560 727 3621 est,
740 3556 795 3609 hoc
817 3570 876 3608 non
925 3559 1082 3614 interitum.
1097 3560 1167 3613 liam
1180 3558 1203 3612 si
1218 3561 1282 3629 post
1295 3558 1369 3612 hanc
1382 3565 1509 3615 nostram
1520 3562 1742 3618 admonitionem

57 3666 248 3719 commovere,
262 3667 354 3723 neque
368 3651 555 3723 perscrutari,
576 3651 666 3705 sedin
680 3647 769 3721 priori
784 3648 877 3719 figura
925 3653 1025 3708 iisdem
1056 3652 1196 3706 11111111
1226 3651 1333 3706 delictis
1357 3651 1445 3723 aliqui
1483 3653 1740 3725 deprehendantur,

58 3745 230 3815 relinquere.
247 3745 309 3799 llaec
325 3744 415 3816 igitur
435 3745 482 3800 lex
498 3761 549 3815 pro
565 3742 798 3814 interpretatione
812 3740 876 3795 utili
925 3744 1064 3818 principio
1082 3744 1196 3816 quidem
1215 3744 1348 3815 indignos
1370 3762 1398 3800 sc
1418 3747 1586 3817 praebebunt
1610 3749 1657 3803 ltei
1674 3766 1742 3821 erga

57 3839 150 3910 posita
163 3838 198 3892 sit
211 3837 312 3909 prioris
325 3843 429 3893 nostras
447 3837 522 3892 illins
547 3836 768 3902 constitutionis,
783 3834 876 3889 utilia
925 3839 1055 3894 homines
1068 3854 1174 3908 amore,
1195 3838 1296 3893 deinde
1309 3838 1449 3910 legitimas
1464 3839 1549 3895 etiam
1563 3841 1743 3898 sustinebunt

56 3933 87 3986 iri
101 3931 305 4004 posterioribus
319 3931 505 4003 temporibus,
517 3946 551 3986 ex
561 3947 618 4002 quo
629 3931 703 3984 facta
715 3933 766 3996 est,
780 3929 875 3984 locum
924 3950 1031 4005 paenas.
1052 3932 1184 3987 Dedimus
1203 3932 1311 3987 etenim
1332 3933 1533 4005 gloriosissimo
1553 3935 1640 4007 regite
1663 3936 1741 3992 urbis

57 4024 163 4080 habeat
173 4042 180 4091 ;
192 4028 220 4080 11
236 4025 280 4080 111
292 4025 341 4098 qui
352 4031 450 4097 postea
463 4028 672 4090 convertentur,
686 4023 752 4077 viris
764 4037 873 4076 11111-
924 4028 1057 4099 praelecto
1071 4026 1230 4097 negotium,
1240 4029 1272 4080 ut
1283 4043 1329 4081 111
1339 4028 1389 4098 qui
1398 4033 1461 4099 post
1473 4027 1545 4083 banc
1555 4035 1681 4084 nostram
1691 4031 1739 4085 ad·

56 4119 177 4174 11111111
189 4119 279 4191 posita
293 4120 346 4189 sit,
365 4119 473 4191 sibique
485 4120 653 4190 potestatem
666 4117 695 4171 in
710 4116 768 4170 illis
781 4122 874 4171 custo·
925 4120 1110 4175 monitionem
1132 4119 1274 4191 praedictis
1296 4120 1400 4175 illicitis
1418 4126 1446 4175 et
1473 4122 1567 4192 impiis
1585 4122 1741 4176 actionibus

57 4213 123 4280 diat,
139 4213 219 4266 nullo
233 4212 337 4268 horum
349 4229 414 4284 quac
429 4217 512 4267 antea
528 4211 634 4267 fuerint
647 4211 850 4282 perscrutando
865 4226 872 4264 ε
924 4214 1063 4269 inhaerere
1077 4229 1134 4267 noii
1147 4213 1346 4281 dubitaverint,
1358 4216 1386 4267 et
1395 4214 1628 4285 comprehendat,
1639 4219 1667 4269 et
1678 4214 1741 4269 alti·

57 4318 123 4360 cirin
135 4305 250 4359 licentia
259 4306 295 4360 sit
308 4305 450 4377 prioribus
460 4305 527 4359 viris
536 4321 568 4359 aa
581 4304 747 4358 mulieribus
759 4304 809 4375 qui
822 4304 872 4359 ha·
924 4325 972 4363 mo
986 4307 1132 4361 submittat
1144 4305 1281 4377 supplicio
1293 4322 1299 4360 :
1311 4322 1346 4360 ne
1360 4306 1472 4377 quando
1485 4323 1520 4361 ex
1533 4306 1631 4362 talium
1643 4324 1741 4378 pecca-

53 4397 226 4467 bitaveruut,
236 4401 285 4453 aut
303 4398 389 4453 etiam
400 4397 535 4454 hactenus
546 4397 676 4453 habitant
689 4396 720 4451 iii
732 4401 872 4451 monaste·
924 4402 1200 4470 torumcontemptu,
1212 4415 1263 4470 per
1271 4404 1328 4453 tam
1336 4399 1424 4470 impia
1433 4399 1570 4470 facinora,
1578 4401 1739 4457 inveniatur

55 4491 115 4559 riis,
126 4492 693 4561 111111111111111111111111111,1111111
711 4506 767 4563 quo
778 4489 875 4544 volunt
884 4519 914 4591 D
924 4500 983 4550 tam
992 4493 1053 4565 ipsa
1065 4493 1571 4564 1111111111,111111111111111111
1583 4495 1739 4572 respublica

54 4586 209 4657 disponere
224 4586 317 4641 modo.
332 4587 353 4640 Τ
356 4603 391 4640 11
406 4587 495 4657 igitur
507 4585 662 4641 eminentia
676 4600 740 4656 quae
759 4585 873 4656 placue·
924 4588 1062 4644 sustinere
1077 4587 1221 4658 injuriam.
1246 4587 1273 4643 Si
1293 4588 1409 4658 quidem
1431 4593 1459 4643 et
1480 4588 1503 4642 si
1518 4589 1664 4659 posthanc
1685 4605 1737 4644 no·

55 4687 125 4736 runt
138 4679 229 4749 nobis,
246 4685 334 4751 etper
346 4679 872 4751 111111111111111111111111113111,
924 4688 1010 4739 stram
1019 4682 1242 4737 cohortationem
1252 4681 1339 4753 aliqui
1347 4682 1418 4737 tales
1434 4682 1620 4753 invenientes,
1634 4700 1683 4738 eos
1695 4700 1740 4739 oc⁴

53 4773 222 4829 solemniter
244 4790 296 4845 per
320 4777 532 4845 programmata
556 4791 606 4830 sua
625 4774 758 4830 omnibns
780 4773 874 4830 facere
924 4776 1099 4846 cultaveriut,
1122 4774 1307 4830 consimiliter
1324 4779 1353 4830 et
1371 4775 1426 4847 ipsi
1438 4793 1455 4831 a
1468 4777 1585 4831 11111111
1599 4777 1656 4832 Deo
1669 4793 1736 4832 con·

53 4868 209 4922 manifesta
224 4867 347 4923 festinet.
369 4868 430 4923 Dat.
446 4870 485 4925 ld.
502 4870 612 4940 Octoh.,
627 4869 697 4942 imp.
713 4869 741 4925 d.
757 4886 786 4924 n.
801 4871 871 4926 tust.
924 4871 1142 4928 damnabuntur.
1157 4869 1211 4925 Sed
1226 4875 1254 4924 et
1266 4869 1326 4941 ipse
1336 4870 1554 4941 gloriosissimus
1576 4871 1735 4943 praefectus,

50 4967 106 5022 PP.
121 4969 198 5035 Aug.
212 4980 279 5019 ann.
294 4967 337 5034 11,
351 4964 458 5019 toanne
471 4981 497 5019 1.
512 4981 536 5019 1.
551 4982 639 5034 cons,
654 4965 713 5020 iud.
729 4969 754 5021 2.
924 4966 947 5021 si
957 4982 1029 5038 quos
1043 4965 1096 5019 tale
1108 4963 1216 5035 aliquid
1227 4963 1391 5036 delinquere
1401 4964 1628 5036 deprehenderit,
1645 4976 1738 5038 neque

314 5091 470 5148 NOVELLA
489 5092 605 5147 LXXVII·
923 5061 977 5117 ihis
998 5058 1154 5114 secundam
1177 5058 1254 5129 leges
1279 5063 1389 5113 nostias
1408 5057 1559 5112 vindictam
1581 5058 1735 5131 induxerit,

50 5185 86 5242 U,
103 5182 154 5252 qu,-
167 5189 262 5240 comm
276 5191 406 5242 naturam
421 5187 606 5249 muriam„
621 5191 646 5241 e,
656 5202 708 5256 pe,
721 5189 804 5241 Deum
818 5186 871 5240 ad·
921 5155 1062 5229 principio
1078 5154 1194 5226 quidem
1209 5153 1259 5257 Dei
1270 5151 1378 5257 judicio
1392 5151 1533 5256 obnoxius
1549 5152 1618 5257 crit,
1634 5153 1737 5210 deinde

81 5255 197 5322 jurarit,
221 5259 285 5312 item
306 5259 486 5328 blasphemias
507 5261 538 5312 t'a
557 5256 639 5313 Deam
652 5260 790 5326 11111111,
812 5258 870 5325 1111ὸ
922 5268 988 5307 1111
1002 5251 1087 5306 etiam
1101 5248 1210 5304 anobis
1223 5247 1449 5319 indignationem
1465 5251 1594 5318 excipiet.

87 5327 201 5380 citetur
213 5330 356 5399 suppara.
1189 5350 1346 5407 novaria
1365 5349 1469 5404 iiiiii.

87 5437 250 5508 imperator
266 5439 440 5497 lastinianus
454 5445 597 5514 Augustus
617 5442 870 5515 ‹lanstantinopoli
939 5443 1024 5514 Apud
1037 5455 1102 5511 quos
1119 5440 1239 5509 oporteat
1257 5436 1364 5503 titipare
1377 5435 1520 5489 monachos
1538 5441 1563 5491 et
1580 5441 1718 5494 ascetrias.

37 5528 138 5586 sanis.
959 5538 1114 5607 imperator
1130 5530 1301 5587 lastinianus
1319 5533 1462 5600 Augustus
1473 5529 1581 5584 llenaae
1595 5530 1736 5603 archiepi-

84 5629 226 5686 Omnibus
241 5630 476 5701 jamhominibus
489 5634 626 5706 quireote
639 5634 761 5707 sapiunt,
777 5635 871 5691 mani·
922 5621 1737 5703 111110111111111111111111,11111111111111111111
1820 5680 1824 5691 ,

41 5733 157 5789 testum
169 5744 229 5782 esse
239 5732 383 5799 putamus,
398 5727 427 5783 in
438 5728 544 5782 nullam
556 5746 607 5784 nos
616 5745 676 5784 rem
686 5744 766 5800 reque
776 5729 871 5784 omnia
922 5723 1098 5799 patriarche.

43 5825 186 5887 conferre
198 5822 300 5892 studia,
312 5827 362 5878 aut
372 5822 490 5895 perinde
504 5823 611 5895 aliquid
626 5823 655 5878 in
669 5822 742 5878 votis
756 5822 869 5887 habere,
956 5820 1026 5874 Rem
1040 5819 1240 5889 cognoscentes
1259 5828 1320 5868 non
1334 5815 1450 5866 rectam
1465 5807 1536 5862 aaa
1548 5808 1590 5859 'in
1598 5809 1764 5872 haeredes

238 5920 374 5986 Parnoi.
399 5920 515 5985 taxii.
1569 5902 1624 5959 Ὣ-
