3884 6150
362 493 1000 668 Arrnnnlx
1060 495 1225 662 Al)
1287 493 1706 667 OPERA

460 768 720 880 SANCTI
766 768 1098 880 GERMANI
1145 769 1624 908 PARISIENSIS,

416 975 584 1053 vania
629 974 917 1052 nrrunarca
965 973 1301 1054 nonnarum
1347 973 1665 1053 counradus.

907 1263 1172 1339 bremwal.

234 1406 262 1464 Si
273 1404 335 1478 quis
347 1404 485 1460 lectorum
503 1396 729 1471 interrogaverit,
743 1413 875 1471 quaenam
889 1397 987 1453 relatio
1005 1397 1033 1454 S.
1047 1397 1180 1454 Germani
1193 1413 1279 1470 opera
1293 1396 1476 1470 sequentibus
1490 1397 1685 1454 monumentis
1697 1397 1736 1454 ita
1753 1398 1877 1472 colliget,

197 1503 231 1554 ut
244 1497 288 1552 bis
300 1493 463 1566 Appendices
475 1506 580 1546 nomen
590 1489 683 1561 aliquo
697 1488 781 1543 modo
789 1487 945 1556 conveniat,
959 1487 1036 1543 ultro
1047 1488 1211 1557 fatebimur,
1225 1505 1284 1544 non
1296 1489 1379 1544 aliam
1392 1489 1559 1546 relationem
1572 1487 1779 1560 interutrasque
1793 1487 1879 1544 iuter·

199 1587 298 1644 cedere
309 1583 362 1639 nisi
377 1581 454 1653 quad
467 1583 580 1635 sauctus
593 1578 652 1650 ipse
665 1578 820 1633 Germanus
835 1593 924 1649 pauca
938 1576 1069 1650 quaedam
1081 1577 1116 1632 de
1130 1577 1244 1650 liturgia
1257 1577 1397 1633 Gallicana
1409 1577 1561 1651 scripserit,
1575 1593 1684 1650 nosque
1699 1594 1734 1634 ex
1749 1576 1876 1650 Scripto-

150 1650 156 1668 .
198 1692 264 1732 rum
278 1673 354 1729 illius
368 1671 490 1726 editione
500 1667 595 1723 minus
609 1683 722 1723 causam
733 1683 819 1738 quam
834 1667 1009 1722 occasionem
1022 1667 1096 1722 banc
1110 1668 1283 1723 summulam
1299 1668 1461 1740 liturgicum
1479 1667 1642 1740 proferendi
1656 1667 1823 1741 suscepisse,
1837 1669 1879 1723 rei

198 1765 283 1820 etiam
298 1759 508 1835 opportunitate
522 1756 696 1827 stimulante,
709 1756 849 1828 siquidem
863 1757 983 1812 Ecclesia
996 1762 1092 1813 nostra
1105 1757 1276 1829 quotidianis
1290 1757 1325 1813 dc
1337 1757 1391 1812 huc
1408 1758 1533 1813 themate
1546 1758 1653 1813 ferveat
1667 1755 1877 1812 controversiis.

197 1854 347 1922 Caeterum,
360 1851 551 1922 praeterquam
569 1847 644 1919 quod
658 1846 685 1902 S.
700 1846 855 1901 Germanus
868 1845 1014 1918 liturgiam
1033 1847 1139 1902 calamo
1152 1846 1288 1919 attigerit,
1303 1845 1414 1907 nullum
1433 1847 1507 1902 inter
1519 1850 1647 1903 auctores
1666 1846 1877 1916 ecclesiasticos,

197 1942 301 2015 quibus
313 1939 398 1995 Gallia
416 1942 515 1994 nostra
532 1941 598 1992 unte
610 1936 743 1992 Carolum
757 1937 890 2007 llagnum
908 1936 1026 2009 gloriata
1039 1939 1091 2007 est,
1105 1936 1288 1992 illustriorem
1305 1936 1465 2008 excogitare
1479 1936 1635 2008 potuimus,
1649 1935 1731 2007 cujus
1745 1935 1879 2007 operibus

197 2031 260 2087 hoec
281 2031 465 2085 monumenta
485 2027 595 2082 meliori
609 2026 675 2097 jure
692 2025 909 2097 subjicerentur.
927 2028 960 2080 Et
977 2026 1041 2098 quis
1060 2025 1235 2099 antiquitatis
1254 2025 1449 2081 ecclesiasticae
1469 2027 1613 2081 studiosus
1634 2025 1773 2081 maximas
1796 2024 1881 2080 nobis

199 2120 302 2194 gratias
315 2117 467 2191 abjudicat,
483 2133 549 2171 cunr
562 2115 755 2189 perpenderit,
770 2131 799 2171 se
810 2116 982 2187 jamdudum
998 2116 1180 2189 conspicuam
1192 2115 1317 2189 liturgiae
1331 2116 1464 2171 Romanae
1477 2119 1588 2187 partem
1600 2115 1674 2170 inter
1686 2113 1785 2170 Gelasii
1799 2130 1881 2186 papae

198 2207 410 2265 lucubrationes
424 2205 612 2279 typisnostris
631 2221 792 2277 expressam
815 2205 965 2277 accepisse,
982 2205 1167 2278 ejusdemque
1186 2206 1393 2278 conaplemento
1413 2206 1498 2262 simul
1516 2222 1548 2260 ac
1562 2204 1690 2277 Gregorii
1705 2203 1798 2277 Magni
1813 2219 1881 2276 ope-

198 2300 277 2356 ribus
295 2315 354 2355 esse
373 2297 551 2371 potiturum?
570 2296 677 2363 Quibus
696 2298 720 2352 si
739 2296 885 2368 liturgiam
905 2296 1116 2369 Menambicam,
1138 2297 1235 2353 isidori
1253 2296 1423 2370 Hispalensis
1444 2297 1555 2370 scriptis
1575 2295 1810 2366 subnectendum,
1830 2293 1880 2350 ad-

196 2389 335 2462 junxerit,
355 2387 449 2443 statim
469 2387 547 2460 quasi
568 2403 617 2458 spe
637 2387 785 2460 repentina
806 2391 965 2443 commotus
985 2387 1145 2459 exsultabit,
1166 2387 1364 2444 traditionibus
1385 2386 1510 2461 antiquae
1529 2386 1654 2460 liturgiae
1672 2384 1884 2458 pretiosissimis

201 2478 350 2534 fruiturus.

236 2579 282 2634 llis
295 2577 449 2651 praemissis
468 2578 625 2633 notandum
638 2578 720 2633 nobis
734 2581 872 2650 superest,
888 2585 1038 2653 sequentes
1050 2580 1137 2635 libros
1155 2579 1190 2635 de
1202 2578 1289 2635 verbo
1308 2577 1476 2634 adverbum
1496 2593 1531 2633 cx
1550 2575 1746 2633 blabilloniana
1759 2573 1885 2632 editione

199 2669 285 2725 luisse
298 2669 462 2740 exscriptos,
476 2683 512 2723 ne
524 2667 640 2738 scilicet,
654 2685 721 2724 cum
733 2684 824 2738 voces,
839 2670 1051 2742 orthographia,
1066 2669 1192 2742 syntaxis
1209 2673 1397 2725 exauctoratae
1410 2668 1454 2724 vel
1467 2667 1553 2722 etiam
1569 2666 1712 2723 mendosae
1725 2664 1886 2722 identidem

199 2758 384 2829 occurrerint,
398 2774 456 2812 non
468 2761 526 2812 tam
539 2757 669 2812 codicum
683 2761 850 2814 vetustatem
864 2776 949 2833 mam
963 2763 1090 2815 nostram
1102 2757 1242 2815 incuriam
1254 2775 1374 2832 arguere
1387 2758 1545 2815 videantur.

499 3076 608 3254 nn
667 3076 1061 3259 alienon
1124 3076 1600 3259 allatuin.

709 3381 1011 3521 niani
1057 3382 1378 3570 rane,

587 3659 696 3717 uolnus
718 3659 928 3707 SUBJUNGITUR
949 3656 1134 3715 nlsnulsmo
1156 3658 1196 3705 ult
1217 3658 1314 3706 CURSU
1335 3658 1509 3706 altmanno

879 3768 998 3808 aucroan
1019 3753 1207 3808 usurnmnm‘.

609 4005 705 4055 Praeter
723 4017 766 4077 eas
778 4003 937 4079 beatissime
954 4007 979 4054 et
997 4004 1147 4079 apostolicae
1164 4004 1235 4056 sedis
1253 4004 1416 4055 inviolabiles
1434 4004 1591 4080 sanctiones,
1604 4002 1699 4078 quibus
1713 4016 1762 4054 nos
1776 3997 1887 4067 piissimi

578 4066 1887 4194 elisantiae.stistinet?ababcaementatitantustantus

579 4192 726 4268 docuerunt
734 4207 746 4264 ;Ι
757 4165 967 4242 obsecrationum
980 4204 1083 4267 quoquo
1097 4145 1297 4266 sacerdotalium
1304 4196 1468 4266 sacramenta
1476 4167 1655 4267 amputamus,
1668 4204 1725 4304 qqae
1737 4190 1770 4240 ab
1782 4193 1888 4254 aposto·

576 4254 609 4306 lus
619 4253 725 4315 tradita,
739 4267 771 4327 m·
780 4256 835 4305 toto
850 4254 960 4317 mundo,
971 4258 1047 4318 atqua
1060 4268 1088 4305 rn
1100 4268 1172 4328 omns
1183 4255 1301 4328 Ecclesia
1312 4255 1445 4329 catholica·
1451 4254 1614 4319 uniformiter
1625 4253 1681 4328 cele
1701 4255 1841 4325 mutuant
1850 4250 1887 4302 le·

575 4331 637 4382 gem
648 4315 774 4374 credendi
783 4317 826 4367 lex
838 4319 933 4368 statuat
943 4317 1118 4382 supplicanda.
1131 4317 1276 4383 (aeternas
1284 4332 1353 4383 papa
1366 4332 1392 4368 na
1403 4318 1517 4384 epistota
1533 4316 1568 4369 ad
1580 4317 1718 4383 Episcopus
1729 4313 1848 4381 Guttam)

668 4580 973 4754 dilatata
1009 4578 1392 4725 latitantia.

204 4797 399 4857 ltinsrarssruo
422 4796 556 4853 &uestit
574 4808 689 4852 namuri
707 4798 814 4854 Cnaono
832 4800 965 4856 blenarus
982 4797 1116 4856 Taurania
1139 4801 1293 4858 Runuoauu
1316 4813 1536 4868 mcusarascoeo,
1556 4811 1632 4868 uun,
1652 4811 1732 4853 raino
1755 4792 1884 4854 Faenus

461 4900 532 4953 raas,
553 4901 660 4942 sancus
679 4901 751 4942 seurs
770 4902 935 4945 arosroncn
954 4905 1056 4946 ascaro
1074 4906 1143 4945 niro
1161 4890 1269 4945 Garris
1288 4892 1411 4947 Bararus
1428 4905 1547 4958 sarusar,
1568 4903 1625 4943 nra.

225 5013 317 5082 'Quod
335 5013 452 5071 litterati
465 5026 554 5069 omncs
572 5012 602 5067 in
623 5017 648 5068 te
661 5013 821 5084 suspiciunt,
835 5014 907 5085 qaod
926 5018 1002 5072 tunm
1020 5019 1143 5072 remotim
1154 5019 1337 5087 patrocinium
1356 5017 1489 5080 ambiunt,
1502 5014 1683 5072 illustrissime
1696 5011 1888 5082 archraeual.

201 5085 252 5141 noc
270 5085 403 5154 dignitati
413 5085 569 5153 meritisque
586 5085 651 5147 tar's,
666 5085 714 5139 loc
730 5087 783 5140 tna
797 5086 826 5140 in
847 5085 952 5142 litteras
968 5087 1101 5143 claritati
1112 5090 1138 5143 et
1150 5088 1329 5144 sollicitudini
1349 5088 1426 5145 detes
1445 5090 1581 5158 imputare
1591 5105 1600 5154 ς
1612 5100 1646 5141 aa
1659 5083 1726 5156 qaid
1744 5083 1836 5140 dicam
1851 5083 1886 5139 de

202 5155 343 5226 splendore
360 5155 534 5226 amplissimae
547 5155 665 5220 familia
680 5158 742 5219 tna,
759 5170 819 5225 qna
833 5158 923 5211 omnm
941 5172 1056 5222 amma,
1073 5160 1173 5214 uirtute
1189 5159 1264 5222 dare,
1280 5161 1397 5215 marim
1455 5159 1546 5228 ‘acinis
1560 5156 1665 5227 janna
1676 5159 1821 5211 ‘consecula
1834 5158 1884 5210 est.

203 5227 274 5283 dliii
285 5241 347 5281 nero
360 5226 427 5281 odeo
440 5241 493 5280 non
506 5224 601 5281 dauni
612 5241 709 5289 cansa,
722 5242 782 5296 quaa
794 5227 886 5282 moad
902 5227 971 5282 tnnc
983 5228 1081 5284 tibrum
1095 5231 1199 5284 nomini
1215 5234 1260 5285 tna
1272 5231 1371 5285 insuit
1424 5245 1470 5285 una
1489 5229 1658 5300 impulerint,
1672 5230 1703 5282 at
1720 5231 1814 5281 matra
1827 5229 1886 5280 tam

203 5297 252 5353 din
262 5298 439 5366 praeconari
448 5311 490 5352 ma
502 5296 655 5368 auppndeat
668 5299 762 5367 officii3
775 5302 802 5354 et
811 5299 887 5369 tange
898 5299 986 5368 magis
996 5300 1143 5356 timendum
1155 5303 1202 5365 sit,
1214 5316 1247 5356 nc
1255 5301 1324 5357 milii
1332 5301 1421 5356 desim
1428 5301 1512 5371 insta
1523 5301 1713 5361 aeneatoris,
1724 5312 1807 5368 quam
1822 5296 1889 5351 libri

239 5442 376 5514 'integer
389 5440 474 5513 hujus
487 5441 581 5513 operis
592 5442 691 5499 titulus
703 5443 743 5500 sic
756 5461 785 5501 se
796 5444 883 5501 habet
896 5461 903 5500 ε
917 5448 954 5502 De
969 5448 1017 5502 Li·
1067 5463 1147 5504 cnrsu
1168 5449 1318 5514 Galtnanc,
1335 5463 1381 5505 seu
1400 5448 1434 5504 dc
1450 5448 1605 5505 diuinorum
1617 5447 1762 5516 ostensum
1780 5445 1887 5514 asinina

203 5516 296 5586 turpia
310 5513 452 5570 Gallicana
474 5514 538 5568 libii
559 5517 622 5578 tres,
645 5517 675 5570 in
696 5517 792 5586 quibas
810 5518 908 5573 oeteis
919 5516 1017 5581 nasa,
1066 5523 1247 5590 etprogressn
1270 5522 1300 5575 in
1318 5521 1440 5578 Emlesiis
1464 5521 1622 5578 Gallicanis.
1641 5519 1729 5589 Ορενα
1751 5518 1777 5570 el
1793 5515 1887 5571 stadio

203 5601 262 5660 qnae
274 5589 337 5641 anta
350 5598 433 5641 annos
443 5584 519 5640 anilla
532 5585 608 5657 apud
621 5586 711 5644 Gallos
732 5589 761 5641 in
777 5603 829 5644 anu
845 5591 913 5656 erat,
928 5589 1018 5654 suma
1067 5588 1161 5645 domm
1181 5593 1292 5646 loannis
1312 5592 1455 5656 Manliae,
1466 5591 1619 5662 modulari
1637 5594 1664 5645 ei
1684 5587 1809 5643 monachi
1824 5586 1886 5642 ord.

202 5661 324 5729 ritusque
335 5659 466 5713 emuntur
478 5659 643 5739 ec‘anliqais
649 5661 838 5722 monumentis,
852 5661 1018 5715 Lecnonario
1066 5662 1155 5717 sancti
1168 5662 1305 5718 &maiali
1322 5679 1336 5720 e
1354 5664 1557 5736 congregatione
1565 5659 1888 5727 connumerabant&

204 5730 344 5791 Gallicano
361 5728 487 5786 narina
506 5728 609 5785 caedito
629 5732 655 5784 et
673 5729 760 5786 tribas
779 5731 934 5786 Matralibus
948 5732 1017 5787 Tlo-
1067 5733 1246 5803 Parisiorum,
1259 5750 1329 5793 cana
1343 5737 1422 5795 1785.
1478 5790 1481 5795 ,

202 5802 385 5875 maicanqua
396 5801 503 5873 integra
516 5800 682 5876 resonatur.
696 5800 976 5866 naracustoma
986 5802 1020 5861 de
