3884 6150
54 274 85 345 lt
653 283 850 346 orusuutuu
869 285 924 343 vll.
944 284 988 343 DE
1006 283 1143 344 resumi.
1705 284 1739 348 tt

55 391 211 469 apostolus
225 392 267 451 ait
281 394 361 469 quod
379 397 501 468 subjecto
516 399 602 466 tuerit
617 400 743 454 senestuti
756 413 811 453 non
823 412 874 453 sec
884 422 914 496 Α
924 394 996 451 xisse
1009 395 1087 450 enim
1100 393 1224 451 traditur
1239 395 1378 451 Dominus
1387 409 1426 452 vn
1436 394 1498 452 ltal.
1510 397 1578 470 epr.
1589 392 1740 457 Dominies

56 491 161 561 sponte,
174 488 226 545 sed
233 495 348 561 propter
359 505 419 546 eum
432 493 480 562 qui
492 507 550 547 eom
563 490 678 561 subjecit
689 493 718 546 ta
731 506 778 562 epe
788 509 797 546 s
808 492 874 561 quio
924 489 980 546 die.
997 490 1103 556 Quinta
1123 489 1197 547 teria
1218 493 1316 547 autem
1337 491 1529 564 precedente,
1544 492 1653 551 Pascha
1672 510 1738 554 eum

58 582 116 654 lpse
130 581 467 639 liberabituroscmitute
479 586 616 649 interitus,
630 600 690 639 cum
706 583 829 639 libertate
840 587 872 655 ll·
924 583 1068 656 discipulis
1092 583 1251 640 comedisse
1275 600 1282 640 :
1305 584 1383 657 quod
1406 584 1462 641 luit
1481 601 1509 640 ιι
1532 585 1593 642 Kal.
1615 587 1736 660 Apriles.

60 675 718 748 eneaoes(ncm.vnr,ao,u{).necessarum
732 679 776 731 est
790 676 873 749 spiri·
923 677 1076 733 Rationem
1099 677 1176 732 hanc
1200 677 1338 749 temporis
1358 678 1443 750 hujus
1465 677 1639 749 habuerunt,
1660 682 1739 756 quod

61 772 100 823 tus
110 768 190 837 vitae,
207 768 276 842 qui¹
289 768 397 825 creavit
414 770 512 826 omnia
531 774 654 828 terrene
669 773 872 842 corporatura,
924 773 1055 825 creatura
1068 787 1156 842 quam
1170 770 1308 825 liberarat
1317 770 1346 825 in
1357 770 1497 844 sanguine
1508 788 1569 839 suo,
1581 772 1610 828 in
1622 790 1656 830 eo
1667 777 1739 832 tem·

61 861 203 934 subjectus
219 861 250 918 in
268 879 333 919 eam
352 879 443 935 spem,
465 867 498 919 ut
514 863 550 918 de
570 864 739 936 corruptelas
756 863 874 919 interitu
924 882 993 938 pore
1012 865 1140 920 servituti
1161 865 1256 920 marat
1277 865 1413 936 subjecta.
1432 866 1616 923 Probandum
1640 869 1738 944 itaque

62 972 121 1011 cum
134 955 270 1011 libertate
285 956 410 1012 tiliorum
421 957 519 1029 glorie
532 957 670 1012 liberetur
682 974 689 1013 :
701 972 764 1029 quse
776 956 874 1030 utique
924 958 1007 1013 nobis
1017 961 1069 1025 est,
1079 958 1107 1013 ln
1118 959 1174 1014 boc
1183 960 1314 1030 tempore
1324 958 1425 1013 mundi
1435 959 1548 1015 initium
1558 962 1738 1019 constituisse

64 1049 88 1104 iu
111 1047 202 1106 hodie
225 1050 355 1121 subjecta
378 1052 422 1106 est
444 1050 583 1118 servituti,
602 1050 632 1105 in
655 1051 733 1122 quoh
749 1049 874 1106 mundus
925 1051 1738 1130 [Forteconstitisselinchoassemundumveristempore

64 1141 177 1198 effectus
194 1145 248 1212 est,
260 1159 348 1216 quam
360 1143 488 1199 Christus
500 1143 623 1199 liberare
635 1143 768 1211 venisset,
780 1147 809 1198 el
819 1161 875 1200 ser·
924 1145 1041 1200 Genesis
1050 1144 1142 1200 docel.
1152 1146 1223 1201 Gum
1234 1144 1360 1217 primum
1369 1150 1522 1217 appareret
1530 1148 1641 1204 aridam
1650 1165 1737 1223 quam

63 1235 141 1303 verit,
156 1235 231 1291 utin
251 1253 287 1292 eo
305 1239 436 1309 tempore
453 1240 609 1309 pateretur,
626 1237 656 1292 in
669 1254 726 1308 quo
742 1240 874 1293 creatura
923 1237 1256 1306 vocavitDeus⁰‚dictum
1269 1237 1738 1311 esltdcrminettcrraomnefenum

62 1328 186 1400 subjecte
201 1329 324 1402 erit[dn
335 1330 439 1401 erat?];
450 1330 540 1402 utqui
551 1330 668 1385 diesille
681 1330 800 1387 tristitiae
815 1332 875 1387 lue·
923 1346 999 1386 omne
1008 1331 1152 1401 pedulum,
1168 1334 1194 1385 et
1205 1346 1282 1386 omae
1296 1331 1384 1386 viride
1396 1332 1465 1400 liqui
1477 1333 1551 1402 quod
1563 1336 1737 1402 reaccensa

19 1472 23 1480 ,
60 1425 109 1488 rat,
122 1421 187 1494 jam
201 1421 308 1477 laetitias
322 1422 502 1478 redderetur.
515 1423 658 1489 Quoniam
667 1439 735 1479 vero
746 1424 813 1496 agni
823 1425 875 1480 hu·
923 1407 1167 1492 secandamqene's
1180 1423 1376 1496 suum(Gen.1,
1389 1423 1484 1496 lt).1n
1502 1441 1558 1496 quo
1574 1425 1737 1498 germinare

56 1515 294 1586 jussacramenta
304 1518 384 1572 tanta
394 1519 499 1585 essent,
511 1519 543 1572 ut
551 1517 679 1573 veritatis
689 1517 776 1589 ipsius
786 1518 874 1573 etiam
924 1515 1023 1572 omnia
1039 1515 1184 1584 videmus;
1201 1519 1287 1588 atque
1308 1516 1348 1571 ita
1367 1516 1396 1571 in
1421 1533 1456 1572 eo
1481 1533 1542 1572 esse
1567 1518 1739 1592 principium

58 1608 159 1664 umbra
174 1608 330 1680 proliceret
344 1610 380 1665 ad
393 1611 515 1666 salutem
528 1610 680 1679 liberandi,
692 1610 807 1666 sicutde
817 1611 871 1679 bis,
924 1609 1035 1677 mundi,
1052 1625 1111 1664 non
1129 1609 1303 1665 dubitamus.
1319 1609 1376 1666 Sed
1392 1626 1458 1665 cum
1477 1613 1535 1666 tres
1548 1627 1664 1667 menses
1675 1629 1737 1669 ver·

58 1701 90 1756 dc
105 1701 244 1758 servitute
257 1703 424 1770 Pharaonis,
441 1704 593 1776 quesijam
606 1704 723 1760 libertas
735 1706 872 1760 creaturae
924 1719 994 1757 num
1012 1705 1125 1775 tempus
1142 1703 1258 1771 babeat,
1271 1704 1376 1759 borum
1395 1702 1482 1759 trium
1497 1703 1610 1760 medius
1622 1709 1675 1775 est,
1690 1706 1739 1780 qui

57 1792 91 1848 de
105 1794 244 1851 servitute
259 1797 429 1867 corruptelae
444 1796 626 1868 figuraretur.
643 1797 753 1870 Figurae
768 1794 912 1869 passio-B
923 1795 1038 1851 initium
1052 1796 1161 1852 mundo
1173 1796 1261 1852 dedit.
1270 1797 1327 1852 Nec
1337 1797 1430 1852 solum
1440 1798 1547 1852 mensis
1556 1798 1678 1867 medius,
1688 1798 1739 1856 sed

57 1888 100 1942 nis
115 1887 223 1944 Christi
241 1887 338 1960 imago
355 1888 385 1943 in
403 1888 558 1945 adventum
571 1891 669 1945 salutis
679 1893 800 1969 operata
813 1894 871 1958 est;
923 1889 1011 1944 etiam
1026 1889 1087 1944 dies
1104 1890 1247 1945 mensium
1263 1890 1361 1945 medii.
1378 1891 1416 1945 lix
1431 1907 1449 1942 v
1462 1890 1503 1945 ld.
1516 1891 1597 1947 Febr.
1608 1892 1683 1947 veris
1696 1893 1740 1948 e'st

56 1982 86 2034 et
98 1979 165 2036 ideo
179 1980 291 2036 dictum
308 1984 352 2036 cst
368 1998 385 2036 a
405 1982 475 2050 Deo,
492 1986 524 2037 ut
538 1983 568 2037 in
583 1983 677 2055 primo
689 1999 790 2038 mense
805 1984 873 2040 anni
922 1981 1068 2038 inchoatio
1081 1999 1087 2038 :
1100 1982 1130 2037 iu
1145 1983 1213 2038 vld.
1227 1984 1308 2039 ldart.
1321 1983 1351 2039 in
1361 1999 1411 2038 vus
1421 1984 1483 2039 Kal.
1492 1984 1560 2056 Apr.
1572 1984 1737 2056 quindecim

56 2075 160 2145 quarta
174 2073 290 2130 decima
302 2074 371 2130 luna
383 2092 475 2147 agnus
489 2075 700 2145 immaculatus,
712 2077 871 2145 anniculus,
923 2075 985 2131 dies
998 2080 1073 2144 sunt,
1086 2076 1115 2131 id
1127 2079 1179 2145 est,
1191 2075 1333 2132 medietas
1346 2077 1454 2133 mensis
1464 2093 1472 2133 ε
1484 2076 1524 2133 ita
1534 2094 1607 2132 unus
1617 2079 1647 2133 et
1657 2077 1738 2133 dimi·

54 2167 268 2235 immolaretur,
281 2167 319 2222 de
339 2169 419 2240 cnjus
433 2167 575 2241 sanguine
595 2169 696 2226 domos
708 2188 774 2226 suas
787 2188 874 2243 super
922 2168 986 2224 dius
998 2169 1105 2225 mensis
1118 2170 1310 2242 subsequitur.
1328 2186 1378 2225 vnr
1394 2170 1456 2225 Kal.
1475 2172 1543 2243 hpr.
1561 2171 1679 2242 equalis
1695 2173 1739 2227 est

54 2260 157 2315 limina
168 2260 368 2332 obsignarent,
381 2278 417 2318 ne
432 2265 601 2318 evastatore
615 2265 719 2335 angelo
732 2267 873 2320 terrersn·
921 2278 978 2318 nox
1000 2265 1029 2317 et
1050 2262 1120 2331 dies,
1137 2263 1219 2318 sicuti
1242 2264 1351 2320 factum
1368 2262 1470 2319 mundi
1491 2261 1606 2319 initium
1619 2264 1737 2320 Genesis

54 2356 118 2420 tur,
130 2356 219 2427 atque
234 2354 265 2410 in
281 2354 343 2427 ipse
359 2355 456 2424 domo,
467 2359 596 2412 comesto
605 2372 658 2428 per
670 2357 772 2413 domos
784 2374 871 2430 agno,
923 2354 1016 2422 docet,
1033 2355 1131 2410 dicens
1147 2372 1154 2411 :
1169 2358 1269 2412 Diuisit
1282 2359 1353 2413 Deus
1370 2358 1446 2412 inter
1463 2357 1549 2412 lucem
1563 2361 1588 2412 et
1602 2358 1737 2421 tenebras,

56 2446 135 2517 quod
145 2448 312 2503 estPaschae
322 2449 488 2518 celebratio,
500 2449 701 2506 liberationem
711 2452 872 2523 perfugam
922 2453 948 2504 et
956 2451 1061 2504 uocauit
1071 2450 1244 2514 lucemdiem,
1254 2454 1280 2506 ct
1293 2450 1417 2506 drachma
1430 2451 1536 2505 uocauit
1544 2455 1647 2506 noctem
1655 2450 1736 2520 (thid.

55 2538 201 2595 servitutis
210 2540 383 2613 acciperent.
394 2543 456 2598 Non
467 2542 589 2599 obscura
598 2545 641 2599 est
650 2544 753 2615 figura,
764 2560 872 2616 agnum
921 2541 948 2609 4,
963 2541 999 2613 5).
1017 2542 1116 2597 Omnis
1136 2542 1214 2597 euim
1233 2541 1333 2598 divisio
1354 2541 1550 2615 equalitatem
1570 2542 1668 2598 babet.
1684 2544 1737 2610 lte,

55 2631 274 2689 immaculatum
286 2651 350 2691 esse
361 2634 505 2692 Christum
517 2652 523 2691 :
535 2636 620 2709 hujus
629 2637 871 2706 immolationem,
921 2636 952 2691 in
965 2653 1021 2708 quo
1037 2637 1233 2710 equalitatem
1247 2638 1341 2694 noctis
1356 2640 1386 2693 et
1401 2636 1458 2693 diei
1473 2636 1645 2706 invenimus,
1658 2636 1687 2694 iu
1701 2654 1736 2694 eo

56 2725 93 2780 ad
120 2726 286 2784 servitutem
313 2729 403 2785 nostri
431 2728 564 2785 interitus
587 2730 778 2786 liberandam.
799 2731 884 2786 Nem·
921 2728 1035 2784 initium
1051 2729 1152 2784 mundi
1166 2729 1354 2785 constitutum
1367 2728 1572 2800 intelligamus.

56 2819 139 2891 signo
151 2820 244 2876 crucis
257 2821 318 2893 ejus
328 2822 410 2894 quasi
420 2823 569 2895 sanguinis
579 2825 744 2895 aspersione
754 2823 870 2896 signati,
956 2822 987 2875 V.
1004 2821 1061 2878 Sed
1077 2838 1136 2877 nou
1151 2821 1213 2877 sine
1228 2838 1315 2876 causa
1331 2821 1458 2892 majores
1477 2821 1568 2876 nostri
1587 2838 1734 2895 supervus

55 2928 145 2985 usque
165 2913 205 2970 ad
222 2915 503 2972 consummationem
522 2916 635 2983 mundi,
650 2934 668 2971 a
682 2916 872 2972 vastatoribus
921 2914 983 2969 Kal.
1002 2916 1070 2986 hpr.
1091 2916 1149 2968 lres
1170 2913 1232 2969 dies
1255 2913 1439 2982 addiderunt,
1459 2916 1491 2969 ul
1511 2913 1637 2985 primum
1658 2914 1736 2971 diem

56 3006 166 3078 angelis
198 3006 416 3063 vindicabimur.
447 3010 505 3065 lloc
531 3009 659 3065 breviter
689 3013 718 3064 et
751 3009 871 3065 strictim
920 3007 1022 3063 mundi
1044 3006 1217 3062 invenirent.
1241 3023 1260 3061 11
1283 3007 1344 3062 Kal.
1366 3008 1434 3079 Apr.
1454 3007 1581 3079 primum
1605 3023 1736 3064 mensem

56 3098 158 3155 dixisse
179 3101 313 3170 sufficiat,
337 3104 369 3156 ut
385 3101 415 3158 id
436 3102 514 3173 quod
539 3119 668 3175 quaerere
691 3102 871 3174 propositum
921 3100 1022 3155 mundi
1034 3103 1064 3155 el
1075 3100 1152 3155 diem
1162 3099 1288 3170 majores
1301 3099 1391 3156 nostri
1404 3099 1656 3156 existimaverunt:
1669 3099 1737 3175 quie

56 3197 107 3260 est,
123 3193 270 3249 rationem
287 3194 505 3264 observationis,
520 3198 550 3251 et
563 3197 690 3263 Paschae,
707 3198 735 3250 et
752 3196 869 3265 mensis,
881 3161 908 3235 C
921 3195 988 3248 ante
1007 3209 1095 3264 quam
1115 3194 1156 3249 sol
1175 3193 1204 3248 in
1222 3192 1415 3265 principatum
1435 3192 1537 3248 mundi
1552 3192 1735 3260 conderetur,

56 3286 178 3355 etlunae,
188 3290 217 3341 st
224 3286 292 3355 diei,
300 3288 361 3343 sine
372 3289 505 3344 molestia
511 3289 683 3361 multiloquii
697 3288 869 3360 aperiamus.
921 3285 1048 3341 triduum
1063 3285 1134 3341 ante‘
1147 3287 1342 3357 precesserat.
1354 3285 1454 3341 Refert
1470 3285 1588 3342 Genesis
1598 3285 1679 3358 (leid.
1692 3289 1735 3354 td,

90 3381 134 3436 til.
149 3380 310 3445 Quaesitum
329 3385 373 3437 est
391 3398 462 3454 ergo
480 3399 498 3437 a
514 3382 673 3454 majoribus
692 3382 806 3452 nostris,
826 3398 869 3437 se·
923 3381 966 3453 le)
979 3384 1081 3454 quarta
1096 3381 1142 3436 die
1159 3382 1235 3437 lacta
1249 3379 1404 3437 luminaria
1419 3380 1486 3437 solis
1499 3384 1528 3437 et
1539 3381 1615 3437 lune
1629 3398 1637 3437 t
1650 3397 1735 3454 prop·

57 3472 182 3528 eundum
198 3473 228 3529 id
246 3474 324 3546 quod
340 3474 477 3547 scriptum
499 3477 571 3542 erat,
585 3475 649 3562 quis
668 3479 745 3531 esset
762 3476 872 3547 primus
921 3478 1001 3530 terea
1009 3474 1170 3530 invenimus
1177 3474 1322 3531 Christum
1329 3474 1526 3545 vullielhpr.
1535 3473 1733 3530 resurrexisse.

58 3565 126 3631 dies,
141 3571 172 3621 et
193 3567 223 3622 in
247 3583 304 3639 quo
324 3567 369 3623 die
384 3567 497 3624 decima
511 3570 614 3640 quarta
626 3568 695 3623 luna
709 3568 872 3624 efficeretur
920 3569 1025 3621 Verum
1034 3583 1063 3621 ιι
1075 3567 1138 3621 Kal.
1150 3566 1186 3622 de
1201 3567 1310 3623 Pascha
1323 3583 1390 3623 cum
1405 3565 1550 3639 discipulis
1564 3566 1734 3623 inchoasse:

58 3658 162 3714 Pascha
179 3659 330 3716 celebrari.
348 3662 379 3716 ln
397 3660 446 3716 illo
468 3660 546 3716 enim
562 3664 693 3733 tempore
711 3661 740 3715 in
754 3677 810 3733 quo
822 3661 871 3715 Ju-
922 3675 979 3731 quo
1000 3659 1046 3714 die
1068 3659 1195 3731 primum
1211 3659 1340 3731 subjecte
1356 3661 1451 3716 tuerat
1464 3664 1597 3718 creatura
1609 3660 1735 3716 servituti

60 3750 123 3806 deis
142 3753 224 3808 facta
247 3752 363 3808 traditio
388 3756 441 3820 est,
464 3753 588 3810 necdum
610 3754 717 3809 mensis
736 3753 773 3808 ad
795 3755 871 3808 lune
921 3769 989 3820 sum,
1006 3768 1093 3825 quam
1112 3769 1166 3824 per
1186 3753 1350 3825 passionem
1371 3770 1452 3815 suam
1465 3756 1585 3810 veneral
1601 3752 1735 3810 liberere.

59 3859 171 3900 rursum
186 3845 395 3917 significatione
411 3846 561 3902 nominum
574 3846 804 3918 computabatur.
820 3847 872 3901 De·
921 3845 1003 3902 Diem
1016 3848 1113 3902 autem
1125 3845 1316 3914 Dominicam,
1327 3847 1452 3919 primam
1463 3847 1540 3903 diem
1550 3862 1613 3902 esse
1623 3846 1735 3914 mundi,

59 3935 96 3993 dit
110 3941 209 3993 eutem
225 3938 281 3992 illis
292 3941 507 4010 argumentum,
521 3940 584 4011 jam
598 3940 707 3995 calculo
721 3942 870 4010 computa·
922 3939 1046 3994 dubitari
1065 3956 1125 3994 nou
1145 3943 1257 4010 potest;
1278 3940 1346 4011 quia
1367 3939 1435 3994 dicit
1454 3939 1600 4013 Scriptura
1613 3940 1690 4012 (Gen.
1704 3957 1736 4007 ιι,

60 4029 141 4086 tionis
157 4031 287 4098 invento,
304 4033 418 4103 tempus
437 4036 467 4087 st
483 4032 544 4087 dies
563 4031 720 4103 passionis;
735 4035 767 4087 ut
783 4048 817 4086 ex
836 4047 871 4086 eo
921 4035 948 4099 t,
964 4032 1002 4103 3),
1018 4047 1067 4087 sex
1085 4032 1186 4087 diebus
1200 4033 1308 4088 lactum
1328 4049 1390 4088 esse
1404 4033 1555 4101 mundum,
1572 4037 1601 4089 et
1614 4032 1738 4106 septima

58 4122 263 4195 inteDigerenl,
275 4139 363 4194 quem
376 4124 503 4195 primum
513 4140 644 4179 mensem
655 4124 734 4191 anni,
745 4127 775 4178 et
785 4139 873 4196 quem
923 4125 968 4180 die
984 4124 1158 4197 requievisse
1173 4126 1285 4181 Deum:
1303 4141 1391 4197 quam
1406 4125 1559 4196 septimam
1575 4125 1653 4182 diem
1669 4126 1737 4183 Seb

58 4216 183 4286 primum
205 4215 336 4286 ejusdem
359 4215 446 4285 diem,
460 4219 491 4272 et
509 4216 626 4288 quando
644 4221 777 4288 quartum
793 4215 871 4271 deci·
921 4217 1022 4272 tratum
1044 4218 1206 4290 appellavit.
1232 4218 1314 4274 Unde
1336 4220 1380 4274 est
1401 4219 1587 4274 manifestum
1611 4218 1736 4290 primam

56 4324 132 4364 mam
148 4310 251 4364 lunam
264 4310 361 4381 [Edit.,
375 4309 603 4382 quartadecima
617 4309 696 4380 luna]
711 4309 797 4365 luisse
810 4326 869 4364 sus·
922 4310 999 4366 diem
1013 4310 1114 4366 mundi
1134 4310 1315 4368 Dominicam
1335 4311 1422 4366 luime
1438 4327 1446 4366 t
1463 4314 1493 4365 el
1505 4311 1622 4381 plenam
1637 4311 1736 4365 lunam

53 4402 196 4474 ciperent,
213 4405 243 4456 et
261 4419 350 4475 quare
372 4403 427 4458 boc
447 4401 616 4474 mysterium
636 4402 751 4458 Paschae
770 4417 870 4457 secun·
922 4404 1029 4459 lectam
1050 4404 1246 4476 intelligimus,
1263 4403 1331 4476 quia
1353 4404 1430 4459 lecta
1449 4404 1493 4457 est
1509 4402 1538 4457 in
1551 4401 1738 4458 inchoatione

51 4494 122 4550 dum
136 4495 218 4549 diem
236 4497 264 4550 et
282 4495 381 4551 lunam
396 4495 541 4552 observari
556 4496 686 4553 deberet.
701 4497 759 4551 lloc
773 4498 871 4550 eutem
922 4495 1014 4554 noctis
1033 4500 1064 4552 et
1083 4495 1269 4568 principatus.
1283 4495 1340 4551 Sed
1355 4496 1410 4550 boc
1425 4493 1507 4550 sicuti
1522 4495 1738 4567 computatione

50 4589 80 4643 in
106 4587 212 4660 primis
229 4587 439 4659 judicaverunt,
462 4605 528 4644 cum
551 4606 604 4661 per
628 4589 756 4662 singulos
780 4605 872 4645 anuos
923 4589 1093 4655 ostenditur,
1107 4604 1276 4659 percurrere
1292 4587 1346 4644 sibi
1362 4604 1414 4661 per
1433 4586 1561 4661 singulos
1574 4604 1666 4644 anuos
1678 4604 1738 4644 non

45 4681 176 4745 Pascha,
193 4683 223 4734 et
235 4683 349 4753 tempus
367 4699 426 4738 non
445 4682 613 4738 conveniret
628 4682 665 4738 ad
679 4684 779 4738 lunam
792 4684 821 4738 et
836 4682 873 4738 ed
922 4685 1027 4755 potest,
1043 4681 1151 4736 scilieet
1170 4698 1198 4737 ιι
1217 4683 1279 4737 Kal.
1295 4683 1363 4755 Apr.
1385 4679 1441 4748 die,
1456 4697 1572 4752 semper
1588 4683 1618 4736 el
1636 4684 1740 4753 quarte

44 4776 144 4841 diem,
169 4773 272 4828 metius
295 4791 356 4830 esse
381 4777 494 4848 tempus
518 4776 683 4843 extendere,
705 4792 794 4848 quam
814 4793 873 4832 non
924 4775 1035 4831 decima
1047 4774 1116 4830 luna
1132 4775 1177 4830 die
1190 4775 1341 4831 [lominica
1353 4773 1523 4830 inveniatur.
1538 4772 1677 4846 Sequenti
1692 4791 1740 4831 eu-

41 4871 156 4924 lunam
181 4864 315 4938 diemque
339 4868 475 4924 retinere.
500 4868 628 4924 Primum
652 4868 719 4939 quia
741 4869 804 4924 due
828 4884 874 4923 res
923 4871 984 4923 tem
994 4884 1071 4922 anno
1081 4884 1109 4922 ιι
1119 4869 1181 4923 Kal.
1190 4871 1258 4940 Apr.
1268 4866 1489 4923 inveniturluna
1497 4866 1740 4938 vicesimoquiute

38 4951 159 5031 iustius
183 4957 389 5029 preberentur.
406 4961 516 5017 Deinde
539 4962 606 5032 quia
626 4963 687 5017 haec
708 4961 875 5017 viderentur
925 4963 954 5015 et
973 4960 1045 5015 ferie
1063 4961 1199 5016 secunda.
1217 4963 1316 5033 ltaque
1332 4976 1397 5014 cum
1417 4959 1551 5024 duceres,
1570 4963 1599 5013 et
1621 4959 1690 5015 luna
1711 4962 1741 5013 et

41 5056 77 5111 in
93 5051 302 5108 observatione
314 5053 437 5126 potiora.
926 5052 996 5121 dies,
1011 5055 1195 5109 commutata
1207 5051 1401 5119 inveniantur,
1412 5055 1490 5106 recte
1500 5067 1528 5105 ιι
1539 5051 1601 5106 Kal.
1612 5051 1680 5123 hpr.
1692 5068 1742 5107 na·

84 5146 133 5201 tv,
145 5143 326 5202 Deflniamus
340 5147 429 5218 igitur
440 5147 504 5219 quis
515 5148 625 5220 primus
635 5147 742 5202 mensis
755 5148 785 5202 in
796 5162 876 5201 men·
925 5146 991 5201 talis
1005 5144 1106 5202 mundi
1119 5144 1264 5203 observari
1279 5144 1355 5200 visus
1367 5147 1420 5199 ssl.

40 5243 131 5299 abus
148 5240 236 5307 anni;
250 5240 356 5298 deinde
377 5242 439 5315 quis
459 5243 569 5315 primus
586 5242 648 5315 ejus
663 5242 733 5299 dies.
749 5241 877 5298 Diximus
961 5240 1005 5294 Vt.
1019 5240 1117 5310 ltaque
1139 5239 1266 5310 majores
1287 5236 1377 5294 nostri
1393 5236 1596 5308 judicaverunt
1611 5253 1742 5294 mensem

42 5350 125 5408 ergo
136 5336 347 5403 ammentum
357 5336 492 5391 habuisse
502 5335 627 5407 majores
637 5339 750 5392 nostros
762 5338 877 5391 extem·
926 5331 1073 5403 integrum
1088 5347 1150 5386 esse
1165 5329 1376 5386 observandum
1392 5329 1429 5383 ad
1447 5329 1574 5385 natalem
1588 5329 1700 5398 muudi,
1714 5333 1744 5386 el

43 5443 124 5501 pora
144 5424 291 5499 passionis
309 5430 340 5482 et
358 5428 577 5484 resurrectionis
596 5428 720 5484 Domini.
739 5416 875 5483 Resurre·
926 5424 1035 5481 Pascha
1054 5422 1271 5491 celebrandum,
1289 5422 1320 5478 in
1340 5437 1512 5496 quesumus
1529 5424 1610 5494 parte
1631 5423 1693 5494 ejus
1713 5425 1744 5478 et

86 5538 101 5569 ¹
113 5537 198 5607 Lege
210 5551 282 5608 que,
295 5553 327 5593 re
380 5541 427 5593 ctu
440 5538 540 5594 habito
558 5538 595 5594 ad
610 5538 680 5594 illud
693 5541 766 5603 uite,
780 5536 810 5592 id
823 5540 876 5604 est,
927 5535 999 5591 clori
1013 5534 1109 5590 statim
1123 5533 1227 5591 dieitur
1241 5534 1379 5604 eubJ‘eetus
1391 5536 1421 5590 tn
1435 5532 1676 5605 ermemmarus
1688 5548 1744 5587 eer-

46 5606 176 5674 ausu,
189 5609 222 5663 ut
233 5607 342 5689 ipseme
370 5609 406 5664 de
419 5626 450 5665 se
463 5609 521 5665 ait:
535 5611 592 5679 Epo
604 5611 842 5674 sumetuocrs'tos
853 5613 879 5664 ct
927 5608 1042 5720 replete
1053 5609 1167 5664 interitu
1181 5647 1234 5662 .....
1248 5607 1387 5663 liberetur.
1618 5672 1623 5684 ι

49 5683 121 5736 site.
135 5677 210 5744 oue
227 5677 345 5750 quadem
364 5679 422 5735 vita
440 5683 542 5737 erosit
553 5683 655 5744 omnim
669 5685 701 5736 ut
713 5681 754 5736 ait
767 5683 876 5746 auctor,
993 5678 1088 5747 Forte,
1102 5693 1136 5734 ea
1148 5694 1210 5750 quo.
1225 5676 1293 5743 Duae
1307 5678 1466 5750 sequuntur
1481 5691 1585 5732 manca
1598 5671 1742 5730 videntur.

51 5750 456 5820 &emmeramensem
464 5754 554 5807 omnio
562 5767 614 5823 per
621 5753 793 5822 ipsumteeto
803 5755 876 5807 sunt.
963 5749 1044 5805 0Vox
1059 5753 1159 5808 terrum
1176 5748 1276 5805 deesse
1288 5747 1410 5805 videtur.

53 5818 224 5876 bhmdum
236 5819 342 5895 quippe
356 5820 392 5876 de
404 5824 504 5894 spiritu
513 5822 574 5879 hae
586 5822 757 5894 intelligere,
770 5821 818 5896 qui
831 5836 879 5877 au·
