3884 6150
126 226 179 312 eis
869 233 1066 305 tacuerunt
1756 233 1803 300 stt

128 358 661 432 omniaspiiitalitcrintelligendasunt
671 374 679 425 ;
696 356 806 410 castitas
821 356 937 425 scilieet,
950 369 979 440 Α
990 359 1044 410 lloc
1061 355 1164 409 Paulus
1184 353 1275 424 aperit
1294 369 1359 406 cum
1381 352 1449 407 dicit
1466 369 1472 407 :
1488 356 1524 409 Et
1544 353 1670 422 alodium
1693 353 1804 422 spiritus

124 456 246 526 justitia,
266 455 397 521 charitas,
422 451 581 524 evangeliea
603 449 740 517 doctrina,
757 448 835 518 fides,
852 453 937 520 atque
987 450 1059 521 qued
1073 455 1110 503 est
1132 447 1242 501 uerbum
1265 449 1321 500 liei.
1346 446 1443 501 Sermo
1458 447 1534 500 enim
1555 445 1605 500 llei
1627 448 1729 498 acutus
1746 448 1804 507 est;

128 571 201 624 spes.
217 554 280 607 llaec
293 550 389 608 omnia
402 548 450 619 qui
463 547 604 610 habuerit,
620 547 725 600 aceede
739 546 846 600 inimici
860 551 938 601 tutus
986 542 1046 613 ipse
1062 542 1139 594 enim
1150 545 1191 594 est
1206 539 1325 609 gladius,
1338 539 1372 593 de
1385 556 1440 610 quo
1453 538 1529 594 idem
1543 538 1646 592 Paulus
1661 537 1734 591 alibi
1744 537 1806 590 seri·

127 645 255 700 manebit
269 661 276 709 3
293 649 320 697 et
335 642 356 695 si
384 641 510 712 gladium
531 639 671 707 habuerit,
685 640 779 709 ipsum
794 642 937 709 prostrare
986 636 1028 689 bit
1043 653 1049 688 :
1070 637 1153 689 Vivus
1179 633 1265 694 (dod,
1279 633 1362 699 unus)
1379 639 1417 686 est
1430 635 1500 687 enirn
1512 647 1598 687 sermo
1614 633 1663 686 Dei
1677 635 1703 684 et
1716 632 1804 698 efficia

126 736 251 810 potuerit
267 753 275 802 ;
291 735 370 788 illum
393 734 530 786 nimirum
544 732 679 802 gladium,
695 749 779 802 quem
804 733 938 785 Dominus
987 733 1012 782 et
1023 726 1217 798 penetrabilior
1227 728 1300 779 ornni
1310 725 1402 792 plodio
1413 728 1536 795 ancipit-i,
1554 730 1580 779 et
1589 726 1801 794 pertinqensus·

126 830 204 884 venit
215 828 326 882 mittere
334 826 363 879 in
375 826 525 894 mundum,
535 824 568 878 de
578 841 634 895 quo
643 824 702 894 ipse
716 825 783 878 dicit
794 840 800 878 :
811 827 939 881 b'onueni
987 837 1037 890 que
1049 821 1085 874 ad
1098 820 1255 873 diuisionem
1269 820 1368 872 animae
1380 833 1411 872 ac
1423 820 1546 888 spiritus,
1561 832 1726 887 compagum
1740 831 1801 884 quo·

123 937 218 993 pacem
234 923 348 982 mittere,
361 920 409 974 sed
419 919 559 986 alodium·
575 934 661 988 quem
676 934 789 988 semper
811 918 899 971 sancti
910 917 938 971 in
988 929 1038 983 que
1047 918 1072 968 et
1087 912 1278 974 medullarum,
1291 910 1318 965 'et
1329 911 1458 965 discretor
1470 912 1667 980 cogitationum
1682 913 1709 964 et
1723 910 1802 962 inten-

125 1030 213 1069 manu
226 1016 332 1078 tenent,
347 1011 396 1083 qui
411 1011 514 1082 plurali
536 1027 656 1065 numero
672 1010 747 1081 apud
762 1011 939 1066 Psalmisbam
989 1010 1092 1062 tionum
1106 1007 1203 1061 cerdis.

126 1107 244 1176 scriptus
259 1110 302 1160 est
318 1122 324 1159 ε
342 1108 376 1160 Et
397 1105 486 1172 aladii
500 1107 631 1174 ancipites
647 1107 675 1169 in
696 1105 821 1158 manibus
838 1119 937 1159 eorum.

126 1237 527 1254 *-

877 1357 1039 1481 Xlll.

147 1548 254 1614 Lectio
270 1548 420 1631 Epistola
435 1548 521 1611 beati
536 1548 627 1612 Pauli
642 1547 780 1628 apostoli
796 1547 837 1610 ad
852 1547 1078 1631 Philippenses
1093 1550 1125 1628 (r,
1141 1550 1171 1629 6)
1186 1571 1192 1610 :
1210 1549 1362 1624 Fratres,
1378 1565 1436 1608 con
1461 1545 1570 1608 dimus
1586 1546 1621 1609 in
1644 1545 1786 1609 Domino

206 1631 293 1706 lesu,
309 1631 369 1711 qui
381 1628 472 1709 quod
483 1630 579 1709 caepit
598 1630 631 1689 in
647 1628 738 1689 uobis
752 1645 832 1708 opus
848 1628 979 1706 bonum,
989 1629 1136 1711 perficiet
1147 1647 1249 1710 usque
1264 1630 1299 1721 in
1315 1626 1402 1689 diem
1447 1626 1545 1689 bristi
1556 1626 1648 1702 lesu,
1664 1630 1725 1688 etc.

739 1755 947 1810 COllllEh'TUlll
967 1755 1176 1812 LUCULENTil.

160 1852 353 1923 Philippenses
366 1854 432 1906 sunt
441 1851 620 1906 Macedones:
636 1852 687 1905 hos
700 1852 974 1939 praedicantem-B
987 1869 1065 1909 siosa
1079 1871 1110 1907 er
1124 1868 1341 1908 coarianirrosa
1357 1866 1498 1906 evincens
1511 1867 1517 1904 :
1532 1850 1599 1921 quia
1611 1849 1687 1903 sicut
1701 1848 1748 1903 ille
1761 1847 1805 1901 de-

125 1946 213 1999 stolus
229 1945 341 2014 Paulus,
357 1945 406 2016 qui
430 1948 574 2014 acceptam
590 1945 676 1999 fidem
693 1945 813 1999 firmiter
835 1950 934 2000 tenue·
987 1947 1120 2001 tendebat
1134 1947 1318 2017 Evangelium
1334 1943 1446 2012 Christi,
1463 1943 1543 1997 idest
1555 1941 1717 1997 doctrinam
1730 1941 1801 1994 reri·

125 2047 200 2109 runt,
215 2059 267 2097 nec
282 2042 366 2096 falsos
378 2046 544 2112 receperunt
556 2043 707 2112 apostolos,
719 2041 792 2096 sieut
808 2043 935 2113 quidam,
987 2040 1060 2108 tatis,
1073 2039 1149 2094 itaet
1160 2039 1201 2093 illi
1214 2039 1334 2093 tirmiter
1341 2036 1472 2104 tenendo,
1487 2039 1516 2090 et
1529 2034 1600 2089 alios
1609 2033 1801 2089 admonendo.

124 2145 175 2184 nec
194 2129 404 2201 persecutiones
425 2131 566 2184 malorum
593 2131 743 2186 hominum
769 2133 935 2187 timuerunt.
986 2135 1085 2188 sonos
1105 2148 1196 2188 aaron
1216 2148 1261 2187 nn
1278 2146 1366 2186 onnes
1380 2144 1431 2184 vos
1450 2144 1524 2185 essa.
1546 2127 1674 2183 Societas
1700 2127 1802 2181 hocin

124 2221 226 2277 Scribit
238 2222 315 2276 enim
325 2222 473 2293 epistolam
481 2224 621 2293 apostolus
630 2225 742 2291 Paulus,
754 2224 793 2278 nil
805 2241 887 2279 causa
896 2241 937 2280 re·
985 2224 1049 2280 loco
1075 2242 1131 2280 non
1154 2224 1300 2297 presentis
1324 2221 1459 2294 temporis
1479 2220 1666 2291 intelligenda
1689 2223 1742 2287 est,
1758 2219 1802 2272 sed

123 2315 322 2385 prehensionis
334 2315 465 2383 ostendit,
480 2316 528 2370 sed
539 2315 763 2372 exhortationem
777 2321 938 2386 tantum,ut
985 2318 1085 2384 iuturi,
1101 2318 1129 2372 id
1149 2321 1191 2372 est
1211 2318 1267 2371 vita
1284 2321 1400 2371 aterna.
1426 2316 1464 2370 De
1478 2330 1535 2385 quo
1552 2313 1661 2386 gaudio
1675 2313 1800 2368 Salvator

124 2405 219 2474 iidem,
236 2423 321 2476 quam
344 2412 518 2477 acceperant,
534 2413 562 2463 et
580 2413 703 2478 coeptum
727 2427 797 2481 opos
818 2410 935 2475 bonum,
986 2411 1129 2482 discipulis
1142 2411 1181 2464 ait
1194 2428 1201 2465 :
1215 2415 1314 2467 lterum
1327 2408 1421 2463 uidebo
1443 2424 1499 2471 eos,
1514 2412 1539 2462 et
1551 2407 1685 2474 pandebit
1695 2422 1745 2460 cor
1757 2420 1800 2459 ce-

123 2514 213 2569 usque
229 2499 264 2552 ad
278 2501 551 2554 consummationem
567 2502 763 2572 perducerent,
782 2507 847 2557 etot
860 2519 935 2558 sem·
986 2510 1091 2572 strum;
1108 2509 1157 2558 aut
1170 2507 1244 2558 certe
1260 2503 1283 2556 si
1295 2502 1330 2557 de
1342 2501 1476 2572 praesenti
1491 2505 1619 2570 tempore
1635 2500 1747 2553 malum
1759 2498 1802 2551 in·

124 2608 175 2663 per
196 2592 364 2661 proficerent
381 2592 522 2647 hortatur.
537 2595 567 2647 ln
595 2599 705 2649 tantum
720 2596 798 2650 enirn
820 2596 936 2666 perfecti
985 2596 1075 2667 telligi
1092 2597 1161 2666 vult,
1178 2612 1326 2667 possumus
1339 2593 1484 2664 coaptari,
1497 2593 1580 2664 juxta
1596 2592 1674 2662 quod
1691 2595 1802 2662 aposto·

124 2688 214 2751 erant,
229 2690 333 2738 utsuos
343 2701 390 2738 cos
402 2689 494 2739 oraret
504 2684 565 2739 fieri
575 2685 738 2755 imitatores,
748 2691 776 2743 et
786 2692 815 2742 ut
825 2705 937 2760 semper
985 2690 1028 2744 lus
1038 2690 1154 2744 lacobus
1169 2690 1217 2758 ait,
1233 2689 1378 2743 videlicet:
1396 2687 1477 2741 Omne
1491 2685 1624 2754 pendium
1638 2686 1802 2745 existimate,

123 2778 158 2831 od
174 2778 291 2832 meliora
306 2777 486 2849 proficerent,
504 2779 619 2834 dicens:
634 2781 937 2838 Cornicinusmllom-
984 2786 1086 2852 fratres
1108 2785 1170 2844 met,
1189 2798 1248 2836 cum
1270 2784 1300 2836 in
1321 2782 1406 2834 uariis
1421 2778 1612 2833 tentationibus
1639 2777 1802 2832 incidatur.

123 2884 157 2923 no
169 2869 243 2933 lesu,
259 2883 322 2930 ocii
336 2884 381 2930 oui
396 2883 487 2924 conen
503 2884 529 2925 m
546 2885 625 2925 roais
641 2885 710 2927 oeus
725 2887 827 2937 nonen,
843 2888 934 2927 erari·
984 2875 1161 2931 Consuetudo
1176 2878 1218 2930 est
1232 2877 1404 2941 sanctorum,
1419 2875 1452 2926 ut
1475 2872 1550 2925 inter
1572 2869 1803 2941 persecutionem

124 2976 182 3016 cler
194 2976 315 3022 usonem
325 2970 391 3015 hieu
400 2963 593 3017 Canisritesr.
604 2964 701 3018 Omnis
712 2965 789 3019 enini
800 2981 864 3019 mea
874 2983 936 3037 spes
985 2971 1048 3041 plus
1065 2968 1214 3040 gaudeant,
1228 2983 1314 3038 quam
1331 2966 1490 3033 tristentur,
1506 2964 1627 3018 seientes
1639 2963 1800 3034 scriptum:

124 3059 151 3108 et
160 3053 330 3107 confidentia
338 3053 372 3106 de
384 3053 462 3107 vobis
472 3054 500 3108 in
511 3055 629 3108 homino
641 3057 763 3122 talisest,
780 3063 810 3111 ut
822 3059 877 3112 hoc
888 3058 936 3113 ho
985 3067 1045 3121 Non
1057 3063 1242 3124 coronabitur,
1259 3063 1313 3116 nisi
1327 3062 1376 3130 qui
1392 3060 1508 3128 leqitime
1521 3059 1676 3112 certauerit.

124 3161 195 3200 num
209 3146 284 3217 quod
297 3146 428 3216 coepistis,
439 3161 529 3216 usque
542 3147 576 3201 ad
587 3150 859 3205 consummationem
874 3169 936 3223 per·
1021 3158 1114 3211 Tasris
1134 3170 1181 3210 ssr
1192 3170 1251 3209 nini
1261 3168 1328 3209 neus
1348 3166 1480 3216 ououooo
1492 3165 1594 3206 curun
1614 3164 1801 3205 crassensis

124 3239 242 3307 ducatis,
256 3245 284 3293 et
304 3238 461 3293 doctrinam
475 3255 561 3310 quam
573 3257 590 3294 a
603 3258 649 3295 mc
667 3243 811 3313 accepistis
822 3235 972 3309 lirmamC
985 3264 1140 3304 viceramus
1154 3251 1219 3302 lesu
1236 3249 1356 3303 Canisri.
1374 3246 1421 3300 Est
1434 3244 1520 3298 etiam
1543 3242 1722 3298 consuetudo
1738 3259 1800 3296 san·

123 3331 252 3388 lessesslls·
267 3334 337 3399 Otia
356 3334 404 3401 <iul
415 3334 493 3402 ⁰0³1>st
506 3336 536 3386 in
552 3335 625 3388 vobis
645 3350 712 3404 epus
734 3337 840 3400 bonum,
852 3341 935 3407 perfi-
985 3344 1104 3410 ctorum,
1120 3346 1150 3396 ut
1169 3341 1282 3412 quando
1304 3338 1411 3410 aliquid
1426 3337 1568 3391 affirmare
1584 3337 1697 3405 volunt,
1718 3336 1801 3390 Deum

123 3429 193 3480 ciet:
208 3425 236 3479 id
250 3429 292 3479 est
305 3424 407 3495 aliquis
420 3440 454 3479 ex
470 3425 546 3479 vobis
563 3426 669 3481 bonum
679 3445 750 3498 opus
760 3431 845 3496 vovit,
862 3431 935 3485 scili·
986 3436 1034 3506 qui
1049 3438 1092 3488 est
1106 3438 1246 3504 inspector
1258 3432 1352 3488 cordis
1366 3435 1469 3485 testem
1483 3429 1537 3484 sibi
1548 3428 1718 3495 adhibeant,
1733 3427 1800 3482 sieut

124 3519 280 3574 cetservire
294 3535 323 3572 se
337 3518 403 3586 lleo,
418 3525 446 3573 et
459 3518 513 3573 hoc
528 3535 618 3590 usqne
632 3521 668 3574 ad
680 3520 754 3575 diem
769 3524 937 3595 mortisper·
985 3529 1091 3598 Moyses
1104 3543 1198 3581 coram
1216 3526 1282 3580 liliis
1309 3524 1389 3578 lsrael
1408 3542 1414 3577 :
1434 3525 1530 3584 Testes,
1548 3521 1654 3592 inquit,
1672 3521 1752 3576 hodic
1765 3524 1801 3575 tn-

125 3612 217 3666 ducat.
233 3612 343 3680 Seuqui
353 3614 429 3681 cupit
441 3614 471 3665 in
484 3613 568 3674 uobis,
579 3613 608 3668 id
619 3618 659 3669 est
671 3614 730 3685 ipse
742 3617 878 3671 [lominus
887 3619 935 3689 qui
985 3636 1047 3675 coca
1062 3622 1155 3676 culum
1168 3627 1193 3674 et
1207 3625 1316 3674 terrain.
1333 3619 1367 3672 Et
1382 3616 1449 3687 quia
1462 3615 1564 3669 Paulus
1578 3616 1728 3700 apostolqs
1737 3614 1800 3669 mul·

123 3702 190 3757 fidei
203 3703 422 3758 fundamentum
435 3705 529 3774 posuit
541 3706 570 3758 in
584 3707 671 3774 vohis,
685 3707 743 3778 ipse
757 3709 834 3765 dabit
846 3727 937 3781 perse·
985 3717 1046 3768 tum
1072 3712 1208 3784 diligebat
1222 3711 1424 3781 Philippenses,
1445 3709 1532 3762 Deum
1552 3706 1608 3761 sihi
1630 3707 1763 3762 adhibuit
1773 3707 1800 3761 in

123 3797 278 3850 vacantiam
292 3795 360 3849 boni
371 3797 473 3866 operis.
489 3797 566 3851 Diem
575 3799 679 3854 Christi
693 3801 840 3873 dupliciter
855 3804 937 3858 intel·
985 3806 1181 3862 testimonium
1194 3805 1307 3859 dicens:
1326 3801 1413 3857 Testis
1424 3801 1500 3855 enim
1514 3799 1586 3854 mihi
1598 3804 1641 3854 est
1655 3801 1801 3872 Deosque·

125 3888 213 3959 ligere
223 3887 359 3942 dehemus
370 3905 377 3957 ;
390 3888 546 3959 specialiter
555 3891 631 3946 diem
642 3895 749 3963 mortis,
761 3897 875 3966 quando
888 3898 937 3952 ali·
985 3901 1069 3955 modo
1081 3899 1193 3971 cupiam
1207 3902 1239 3952 ut
1252 3896 1390 3951 Dominus
1411 3896 1489 3949 lesus
1507 3893 1637 3947 Christus
1660 3893 1692 3947 in
1707 3893 1801 3948 vestris

126 3981 188 4052 quis
203 3980 246 4033 vir
267 3980 409 4050 perlectus
421 3981 456 4035 de
471 3982 524 4036 hae
538 3984 593 4038 vita
612 3985 715 4056 migrat
730 3988 766 4041 ad
782 3989 935 4046 Christum.
985 3993 1095 4049 habitet
1106 3991 1267 4047 visceribus.
1282 3988 1410 4061 lpse,qui
1420 4004 1470 4058 per
1481 3986 1654 4058 prophetam
1668 3986 1800 4058 loquitur,

125 4072 300 4129 Generaliter
309 4072 386 4127 diem
392 4073 491 4143 J'udicii
500 4077 612 4146 quando
622 4093 709 4134 omnes
718 4082 865 4137 astabimus
874 4089 937 4139 ante
986 4086 1082 4142 dicens
1095 4087 1129 4142 de
1139 4085 1241 4140 sanctis
1255 4101 1261 4138 :
1277 4086 1311 4138 Et
1322 4081 1481 4137 inhabitabo
1493 4082 1523 4134 in
1537 4080 1594 4135 illis
1610 4085 1637 4135 et
1648 4081 1800 4135 inambula-

124 4168 245 4222 tribunal
264 4168 374 4223 Christi.
393 4167 474 4223 Sicur
494 4184 540 4224 esr
554 4186 612 4224 nini
630 4187 731 4228 unsrun
754 4189 808 4230 noc
826 4191 937 4232 sennan
986 4182 1027 4236 bo.
1044 4181 1077 4235 Et
1098 4180 1176 4234 idem
1192 4178 1335 4250 apostolus
1347 4174 1432 4229 alibi:
1453 4173 1586 4228 Habitare
1603 4174 1742 4231 Christum
1757 4188 1801 4245 per

125 4278 177 4318 eno
189 4276 307 4316 onniaus
320 4277 409 4317 roais.
426 4265 463 4316 hc
476 4263 498 4316 si
510 4263 583 4317 dicat
595 4266 741 4334 :Charitas
751 4285 796 4323 me
811 4271 934 4340 compel·
984 4275 1064 4344 fidem
1073 4276 1102 4328 tn
1115 4272 1239 4328 cordibus
1250 4272 1355 4325 uestris.
1372 4268 1419 4322 Vel
1433 4271 1506 4322 certe
1519 4282 1623 4321 omnes
1637 4283 1689 4322 vos
1700 4267 1731 4322 in
1745 4267 1801 4338 ejus

124 4356 157 4410 lit
174 4360 206 4409 ut
218 4354 312 4425 ipsum
335 4355 369 4408 da
395 4355 473 4409 vohis
491 4357 621 4426 sentiam,
639 4359 732 4430 ipsum
755 4361 913 4435 intelligam
928 4382 934 4431 ;
986 4368 1069 4437 cupio
1088 4367 1179 4421 inesse
1201 4363 1362 4432 visceribus,
1379 4366 1411 4416 ut
1427 4361 1464 4415 sic
1481 4376 1548 4414 eum
1562 4375 1665 4415 omnes
1680 4376 1730 4415 vos
1742 4359 1800 4415 dili·

124 4449 190 4520 quia
203 4449 322 4503 ebaritas
336 4451 426 4503 omnia
437 4450 649 4506 credittustnm
663 4456 706 4507 est
719 4455 788 4509 mihi
802 4460 833 4511 nt
845 4458 938 4512 taliter
987 4461 1066 4530 gatis,
1081 4465 1114 4514 ut
1127 4475 1179 4514 nec
1192 4459 1268 4513 inter
1281 4454 1492 4529 persecutiones
1514 4453 1550 4507 ab
1567 4453 1631 4523 eius
1652 4452 1801 4509 visceribus

124 4541 158 4594 de
173 4541 305 4595 omnibus
315 4541 392 4596 vobis
403 4542 532 4612 sentiam,
542 4545 630 4615 utqui
643 4548 726 4617 coepit
737 4565 807 4618 opus
817 4549 933 4620 bonum,
986 4553 1167 4624 separemini.
1182 4555 1218 4608 tir
1229 4566 1283 4605 soc
1294 4565 1348 4605 ono
1362 4565 1395 4603 rr
1410 4563 1539 4603 cniairss
1548 4562 1652 4602 nesrac
1668 4563 1753 4603 uanis
1764 4562 1801 4602 ir·

124 4639 284 4704 perseveret
304 4650 394 4705 usque
416 4635 539 4690 indiam
566 4639 675 4693 mortis.
698 4641 875 4697 Consuetudo
894 4649 936 4698 est
986 4664 1081 4702 saner.
1095 4647 1150 4700 0ro
1161 4651 1191 4700 ut
1204 4646 1293 4699 Deum
1303 4642 1467 4710 totocorde,
1482 4644 1540 4695 toto
1550 4656 1611 4707 ore,
1625 4643 1689 4694 tota
1700 4645 1798 4708 mente,

125 4726 200 4780 enim
214 4731 386 4793 sanctorum,
402 4731 434 4781 ut
449 4728 483 4782 de
498 4729 638 4785 bonorum
654 4732 764 4789 actione
783 4736 934 4808 gaudeant,
986 4741 1049 4795 totis
1064 4739 1217 4793 visceribus
1230 4736 1353 4808 diligatis
1374 4751 1403 4790 in
1423 4750 1553 4799 scuarin,
1575 4749 1690 4789 ararim
1716 4748 1799 4789 sasso.

123 4819 157 4875 de
172 4821 314 4875 malorum
333 4820 457 4890 doleant,
476 4822 546 4877 sicut
566 4824 626 4895 ipse
638 4827 740 4881 Paulus
756 4828 875 4885 iaciebat
887 4831 936 4902 qui
987 4835 1017 4887 ln
1029 4833 1154 4901 scientia,
1177 4831 1245 4887 dicit
1267 4829 1370 4885 seriem
1387 4827 1494 4883 Veteris
1507 4826 1704 4897 Testamenti3
1725 4842 1800 4881 sensu

124 4911 249 4968 dicebat:
265 4914 329 4978 Quis
341 4916 506 4983 infirmatur,
519 4920 544 4969 ct
556 4931 602 4985 eqo
614 4933 669 4972 non
681 4922 802 4988 infirmor
815 4925 829 4976 ?
842 4923 874 4976 Et
887 4923 936 4978 eli·
985 4931 1092 4995 autem,
1115 4926 1267 4997 scripturas
1281 4923 1348 4978 Novi
1362 4920 1542 4977 Testamenti.
1556 4920 1649 4974 Aliter
1666 4937 1673 4975 :
1688 4919 1797 4975 scicntia

123 5004 170 5058 hi:
186 5009 302 5075 Luqeam
314 5006 406 5077 plures
419 5024 453 5062 es
475 5010 527 5071 bis,
542 5013 591 5078 qui
609 5026 662 5066 non
684 5020 794 5082 eperunt
804 5020 936 5084 puniten-
985 5036 1083 5074 omnes
1106 5019 1191 5074 series
1215 5005 1272 5073 tam
1291 5016 1406 5082 Veteris,
1427 5030 1514 5086 quam
1533 5013 1600 5067 novi
1620 5011 1797 5070 Testamenti.

125 5099 199 5153 llam·
223 5102 261 5155 EO
285 5116 357 5162 uuor
378 5117 486 5158 ninam
501 5118 551 5158 vos
567 5120 593 5160 iu
609 5120 695 5160 conoe
716 5123 788 5163 arm
811 5125 934 5166 viscosis
985 5115 1019 5168 Et
1043 5129 1143 5181 sensu,
1170 5117 1202 5167 ut
1225 5111 1293 5182 quid
1316 5108 1482 5182 spiritaliter
1510 5106 1673 5178 intelligere
1699 5109 1797 5172 valeas,

125 5207 195 5245 ³3¹⁵·
211 5192 286 5255 011⁰ss
299 5194 375 5247 essim
389 5211 453 5250 caro
469 5197 554 5251 semel
570 5199 755 5269 copulaverit,
771 5218 934 5276 quanquam
984 5206 1049 5278 quia
1064 5205 1181 5261 seientia
1203 5205 1263 5259 sinc
1280 5220 1365 5259 sensu
1382 5201 1455 5256 nihil
1466 5205 1528 5268 est;
1542 5202 1658 5255 scientia
1673 5199 1750 5255 enim
1761 5202 1797 5254 in-

123 5284 206 5338 simul
220 5300 277 5337 non
291 5290 356 5340 sunt
370 5303 499 5359 corpore,
520 5293 615 5346 tamen
629 5298 725 5349 mente
741 5312 853 5367 semper
863 5299 933 5368 jun·
983 5303 1041 5368 ttat,
1057 5301 1176 5354 charitas
1190 5304 1279 5353 autem
1292 5297 1416 5365 edificat.
1431 5297 1469 5350 Cr
1480 5309 1610 5349 eraseris
1624 5309 1753 5362 corioni,
1768 5307 1796 5347 rr

122 5378 158 5434 cti
174 5382 249 5432 sunt.
265 5379 297 5432 Et
309 5378 378 5448 quia
390 5380 584 5453 Philippenses
598 5388 714 5459 perlecti
726 5393 806 5444 erant
821 5391 850 5445 in
863 5408 932 5463 ope·
984 5410 1049 5448 siris
1066 5407 1180 5458 sinceri,
1196 5408 1226 5445 er
1240 5406 1300 5446 sina
1314 5403 1480 5445 ofsensione
1495 5403 1521 5442 in
1537 5402 1605 5442 orsu
1620 5387 1797 5443 cnarsr1.Pe

122 5489 152 5528 re
179 5472 263 5537 bono,
285 5472 427 5543 apostolus
446 5475 547 5529 absens
567 5492 692 5551 corpore,
716 5483 745 5538 in
766 5500 867 5539 arcano
883 5502 931 5556 pe·
983 5487 1054 5540 tiara
1067 5486 1144 5552 dicit,
1159 5485 1187 5538 id
1207 5489 1249 5538 est
1263 5484 1379 5553 majora.
1396 5480 1519 5537 Seicntes
1534 5479 1594 5534 sitis
1609 5485 1640 5534 ut
1654 5479 1691 5535 de
1706 5478 1795 5534 risibi-

122 5567 206 5621 ctoris
220 5583 332 5638 semper
352 5583 450 5621 eorum
466 5583 578 5624 memor
591 5580 659 5628 erat.
677 5577 710 5630 Et
724 5577 776 5631 hoc
795 5584 837 5633 est
857 5580 932 5650 quod
982 5580 1055 5633 libus
1068 5577 1216 5633 invisibilia
1231 5575 1470 5648 comprehendere
1486 5573 1613 5628 valeatis.
1629 5572 1712 5628 Sicut
1725 5572 1798 5628 enim

121 5659 189 5715 dicit
200 5676 207 5712 ε
218 5664 256 5717 Εο
269 5661 342 5732 quod
354 5662 467 5717 babeam
476 5677 522 5716 uos
531 5665 560 5716 in
573 5667 683 5722 cordeet
695 5672 724 5722 in
734 5674 849 5727 uincatis
856 5676 931 5729 meis.
982 5689 1047 5727 cum
1069 5673 1130 5727 cibo
1152 5671 1236 5744 palati
1257 5671 1358 5725 crescit
1372 5675 1438 5724 aetas
1453 5666 1590 5739 eorporis,
1605 5666 1646 5721 sic
1661 5667 1725 5724 cuir
1738 5666 1796 5722 cibe

121 5752 223 5809 Reddit
247 5773 360 5812 causam
385 5773 483 5829 quare,
507 5772 570 5809 cum
592 5757 659 5812 dicit
682 5775 688 5813 :
715 5763 751 5817 Er
780 5782 805 5818 nc
831 5783 930 5823 narsu-
981 5765 1101 5838 spiritali
1115 5765 1334 5821 debetcreseere
1348 5768 1377 5820 et
1391 5759 1618 5818 sensusmentis.
