3878 6150
132 277 184 330 690
467 273 584 330 saucit
607 272 731 329 vetitus
755 272 951 341 SENTENTIA,
971 272 1016 329 bu
1034 273 1215 330 emittm:
1241 273 1472 332 sacuubowtt.
1713 317 1715 321 «
1762 280 1816 334 700

132 389 271 456 quantum
284 382 426 456 quivimus
437 396 472 436 ex
484 379 625 452 opusculis
637 396 736 435 eorum
748 380 888 435 memoria
898 396 944 436 re·
956 382 1075 468 AQuod
1092 381 1116 436 si
1130 380 1175 436 his
1188 381 1311 439 noluerit
1326 381 1472 450 assentire,
1489 397 1541 439 uec
1557 380 1751 455 plurimorum
1771 389 1815 441 te·

132 479 239 545 tinere,
269 476 371 548 scripta
395 490 447 546 per
472 489 520 529 ros
544 473 715 531 notescenda
739 473 945 559 mandavimus.
996 474 1092 545 stium,
1109 475 1132 530 si
1144 476 1274 548 producti
1286 476 1404 546 tuerint,
1420 477 1556 534 assentire
1569 477 1689 541 curabit.

422 808 426 814 ·
578 766 779 846 LICINIANI,
802 766 1148 833 CARTHAGINENSIS
1170 766 1359 847 EPISCOPI,

352 931 629 1026 uersuum
663 931 739 1038 ιιι,
776 933 851 1025 ιιι
885 930 1233 1025 vincarum
1271 897 1590 1027 nrrsooruu

808 1115 990 1162 EBOSITANAE
1010 1115 1138 1162 utelitas.

170 1234 294 1302 Contra
313 1237 443 1320 eosqui
461 1235 635 1300 credebant
647 1233 798 1317 epistolas
812 1233 852 1297 de
876 1234 954 1298 coeto
975 1233 1125 1298 cecidisse
1144 1235 1179 1297 tn
1201 1234 1397 1298 memoriam
1416 1233 1522 1296 saneti
1540 1232 1632 1298 Petri
1644 1232 1769 1302 tlemus.

628 1369 711 1434 (Nune
721 1367 834 1434 primum
846 1366 915 1418 edita
924 1381 956 1417 ex
966 1367 1014 1419 hle.
1024 1366 1150 1419 Ecclesiae
1163 1366 1310 1431 sacena.)

163 1635 239 1688 luter
251 1632 340 1687 varias
355 1632 569 1688 tribulationum
590 1633 735 1705 angustias
754 1649 813 1689 uon
827 1649 880 1688 nos
892 1633 939 1705 pi·
950 1645 979 1717 B
990 1635 1131 1704 torquere,
1146 1633 1174 1686 et
1193 1630 1229 1686 ad
1251 1629 1429 1686 excitandam
1453 1627 1602 1684 libidinem
1621 1626 1815 1700 nugatoribus

130 1726 200 1798 guil,
220 1731 338 1798 cogente
359 1726 495 1782 charitate
516 1727 634 1799 Christi,
656 1728 717 1783 hac
735 1728 943 1801 qualiacunque
991 1725 1169 1781 cautionibus
1182 1724 1368 1797 proclamare.

128 1823 204 1889 sunt,
219 1820 254 1875 ad
280 1819 460 1876 Sanctitatem
472 1825 595 1876 vestram
614 1822 699 1877 verba
718 1822 852 1895 dirigere,
873 1823 941 1878 iusi·
999 1857 1004 1864 -
1027 1819 1105 1874 absit
1114 1835 1208 1891 ergoa
1221 1818 1372 1874 Sanctitate
1381 1821 1430 1873 tua
1439 1817 1492 1873 hoc
1502 1816 1628 1887 credere,
1639 1819 1674 1870 ut
1686 1815 1813 1886 epistolae

127 1919 247 1969 nuantes
272 1913 410 1986 accepisse
435 1932 486 1970 nos
507 1916 615 1970 litteras
636 1919 709 1986 tuas,
732 1920 761 1971 et
785 1917 819 1972 de
841 1922 942 1973 vestrae
991 1933 1068 1972 nunc
1081 1916 1161 1972 nobis
1173 1917 1352 1972 mittantura
1370 1916 1490 1972 Christo.
1504 1913 1723 1970 Sufficiatenim
1736 1912 1814 1986 quod

127 2007 269 2079 sospitatis
287 2008 363 2063 bono
387 2008 504 2081 gavisos.
519 2009 571 2065 Sed
585 2009 614 2063 in
627 2008 656 2064 id
669 2026 726 2064 non
741 2009 858 2066 minime
873 2028 941 2066 cou—
992 2012 1101 2066 locutus
1122 2014 1164 2066 est
1179 2010 1210 2065 in
1230 2009 1376 2083 prophetis
1388 2026 1440 2081 per
1453 2026 1482 2065 se
1504 2009 1610 2081 ipsum,
1626 2012 1654 2064 et
1677 2023 1733 2080 per
1748 2022 1813 2062 suos

125 2101 228 2156 tristati
249 2118 356 2171 sumus,
373 2102 448 2175 quod
465 2102 572 2158 litteras
585 2102 743 2174 cujusdam,
755 2120 827 2176 quas
839 2105 875 2160 ad
888 2121 942 2160 uos
991 2105 1141 2176 apostolos.
1156 2105 1225 2159 Nam
1239 2109 1267 2159 et
1285 2103 1330 2158 his
1351 2120 1409 2158 nou
1428 2103 1536 2160 litteras
1558 2101 1775 2157 transmittebat
1796 2116 1811 2155 e

127 2194 277 2264 direxistis,
291 2196 363 2251 sicut
387 2201 445 2252 tute
461 2196 590 2254 indicant
612 2197 722 2266 litteras,
736 2198 900 2269 susceperis,
915 2202 943 2255 et
992 2198 1070 2265 coelo,
1087 2197 1135 2253 sed
1148 2197 1253 2270 Spiritu
1272 2201 1366 2252 saneto
1380 2212 1479 2253 eorum
1499 2195 1584 2250 corda
1598 2194 1741 2268 replebat.
1757 2195 1810 2249 Ex·

127 2287 163 2343 de
175 2288 309 2344 tribunali
318 2291 430 2362 populis
440 2307 486 2346 eas
500 2290 597 2346 leceris
610 2291 785 2347 annuntiari.
795 2292 854 2363 Ego
864 2293 942 2348 enim
992 2290 1163 2363 ceptisenim
1178 2291 1275 2347 decem
1288 2289 1445 2363 praeceptis,
1459 2306 1522 2362 quae
1532 2289 1562 2344 in
1574 2287 1682 2344 tabulis
1696 2287 1809 2360 lapideis

103 2444 106 2449 y
128 2398 226 2436 mexa
249 2387 277 2438 te
298 2384 475 2440 transmissas
504 2385 609 2456 accepi,
625 2385 656 2440 in
681 2385 830 2456 presentia
854 2386 943 2458 ipsius
992 2384 1161 2440 mirabiliter
1171 2384 1236 2439 dato
1257 2388 1332 2454 sunt,
1348 2381 1384 2438 ad
1405 2383 1516 2438 nullum
1533 2382 1744 2455 prophetarum
1765 2384 1809 2435 aut

127 2475 279 2548 perlatoris
292 2477 439 2532 exordium
454 2479 617 2535 litterarum
630 2479 756 2550 ipsarum
779 2479 877 2552 legens
890 2498 898 2550 ;
915 2487 943 2537 et
992 2478 1184 2550 apostolorum
1205 2477 1337 2551 Epistola
1350 2477 1446 2532 missae
1458 2480 1524 2532 sunt
1536 2476 1571 2532 de
1585 2476 1667 2532 coelo.
1682 2474 1743 2530 an
1757 2475 1805 2546 igi-

126 2586 186 2624 non
211 2570 352 2641 patienter
370 2572 471 2641 ferens,
486 2551 539 2630 nei
562 2573 681 2644 dignum
705 2574 810 2628 ducens
834 2574 943 2629 naenias
991 2575 1039 2627 tur
1051 2572 1149 2628 credas
1169 2588 1234 2643 quae
1249 2587 1397 2643 nunquam
1421 2570 1493 2626 facta
1507 2570 1667 2642 leguntur:
1689 2586 1745 2641 que
1759 2569 1806 2624 etsi

127 2661 203 2735 ipsas
216 2666 370 2736 perlegere,
393 2667 487 2721 statim
509 2667 587 2735 scidi,
602 2671 630 2721 et
642 2683 688 2721 eas
708 2667 858 2722 interram
874 2685 941 2739 pro·
991 2665 1063 2721 facta
1078 2671 1181 2732 esseut,
1191 2670 1256 2738 post
1269 2664 1505 2738 praedicationem
1523 2663 1672 2735 Evangelii
1689 2664 1750 2734 jam
1762 2678 1804 2717 ne·

125 2757 192 2828 jeci,
202 2757 345 2813 admirans
360 2760 436 2832 quod
450 2760 493 2815 his
507 2759 639 2816 credulus
653 2759 750 2830 lucris,
765 2764 793 2815 et
802 2765 941 2832 postpro-
991 2759 1176 2815 cessarianon
1192 2762 1267 2814 sunt.
1277 2760 1311 2814 Et
1322 2758 1425 2814 silorte
1437 2757 1534 2829 ipsum
1546 2773 1654 2812 nomeu
1667 2762 1803 2812 norumte

127 2852 281 2924 phetarum
294 2853 436 2923 vaticinia,
450 2859 478 2910 et
499 2854 602 2910 Christi
625 2855 784 2926 Evangelia,
799 2856 941 2926 apostolo·
991 2853 1147 2921 delectarit,
1162 2853 1228 2925 quia
1240 2853 1300 2924 ipsa
1318 2852 1446 2924 epistola,
1461 2850 1533 2906 sicut
1552 2850 1705 2906 simulator
1721 2851 1801 2921 serip-

128 2961 250 3016 rumque
263 2947 324 3016 ejus
339 2948 485 3018 Epistolas,
500 2949 594 3004 nescio
609 2949 689 3019 cujus
701 2948 824 3003 hominis
835 2949 942 3005 litteras
990 2947 1057 3019 psit,
1074 2947 1109 3002 de
1123 2947 1193 3001 coelo
1215 2946 1359 3001 descendit
1373 2961 1458 3017 super
1475 2945 1564 3000 altare
1586 2945 1693 3001 Christi
1705 2944 1734 2999 in
1747 2960 1801 2999 me-

128 3039 180 3093 suh
189 3038 305 3095 nomine
317 3040 421 3097 Christi
440 3041 535 3112 lactas,
549 3043 611 3115 ejus
623 3058 683 3097 esse
696 3042 866 3113 credideris3
891 3016 979 3099 ubiC
991 3040 1082 3096 moria
1096 3040 1185 3095 sancti
1198 3039 1272 3095 Petri
1282 3039 1412 3112 apostoli,
1424 3039 1492 3095 scito
1502 3038 1606 3094 diaboli
1621 3055 1684 3094 esse
1693 3039 1804 3110 tigmen-

128 3149 179 3188 nec
200 3149 293 3190 sermo
315 3136 442 3207 elegans,
468 3151 520 3191 nec
542 3135 671 3191 doctrina
694 3151 762 3191 sana
783 3137 888 3208 poterit
899 3152 943 3194 re·
991 3140 1064 3200 tum,
1075 3137 1104 3190 et
1115 3150 1231 3190 omnem
1244 3133 1413 3205 scripturam
1430 3133 1568 3203 divinam,
1584 3133 1744 3204 epistolam,
1761 3134 1805 3186 aut

128 3222 225 3294 periri.
992 3228 1122 3300 epistolas
1144 3243 1204 3283 esse
1229 3227 1367 3296 coelestes,
1392 3231 1421 3282 et
1441 3226 1476 3283 ad
1496 3244 1547 3283 nos
1571 3227 1607 3283 de
1628 3227 1701 3283 ccelo
1727 3226 1804 3282 luisse

162 3320 193 3373 ln
205 3317 347 3391 principio
360 3318 448 3391 ipsius
462 3319 587 3392 epistole
601 3320 723 3393 legimus
734 3324 767 3376 ut
781 3320 839 3376 dies
850 3321 943 3377 Domi·
991 3321 1179 3378 transmissas.

126 3412 208 3467 nicus
221 3413 339 3469 colatur.
364 3413 431 3479 Quis
449 3413 528 3469 enim
550 3413 734 3485 Christianus,
750 3431 807 3470 nou
827 3420 943 3487 propter
1027 3416 1165 3472 Emendat
1177 3431 1245 3488 ergo
1256 3415 1332 3488 quod
1346 3420 1452 3473 temere
1468 3413 1588 3471 credidit
1599 3415 1739 3472 Sanctitas
1751 3420 1802 3483 tua,

125 3506 221 3578 ipsum
248 3507 334 3577 diem,
354 3508 402 3562 sed
423 3512 540 3580 prepter
565 3508 801 3565 resurrectionem
825 3509 941 3565 Domini
993 3514 1021 3566 et
1033 3509 1062 3565 in
1077 3509 1229 3581 presentia
1242 3509 1342 3582 populi
1354 3509 1444 3581 ipsam
1458 3509 1617 3581 epistolam,
1634 3510 1659 3564 si
1671 3515 1713 3565 est
1725 3525 1804 3581 penes

125 3600 214 3656 nostri
225 3602 288 3656 lesu
303 3601 416 3670 Christi,
433 3618 467 3657 eo
483 3603 559 3675 quod
569 3602 599 3658 iu
614 3602 675 3675 ipso
687 3620 704 3658 a
716 3603 837 3659 mortuis
850 3620 943 3660 resur-
991 3607 1030 3673 te,
1043 3602 1170 3659 rescinde
1186 3619 1193 3658 ε
1218 3607 1247 3659 et
1261 3605 1355 3661 hoc-te
1372 3603 1507 3675 poeniteat
1520 3604 1599 3675 quod
1617 3604 1653 3660 de
1676 3603 1804 3659 tribunali

127 3693 209 3761 rexit,
223 3695 488 3751 reverendissimum
504 3712 562 3750 non
578 3696 707 3752 habeat‘l
723 3698 787 3765 Sed,
802 3702 941 3769 quantum
991 3713 1054 3753 eam
1066 3697 1166 3753 leceris
1186 3697 1308 3766 recitari,
1321 3697 1397 3753 beati
1422 3697 1540 3769 apostoli
1563 3713 1687 3770 sequens
1708 3697 1803 3753 doctri·

126 3786 226 3856 sentio,
240 3787 303 3844 ideo
314 3805 403 3843 novius
415 3789 468 3844 iste
487 3789 655 3861 predicator
679 3791 732 3845 hoc
755 3790 831 3858 dicit,
847 3794 879 3846 ut
890 3808 941 3847 uos
991 3807 1070 3858 nam,
1084 3791 1162 3863 quod
1174 3790 1251 3847 iuter
1262 3796 1364 3846 oaetera
1380 3791 1416 3846 ad
1429 3791 1539 3845 Galatas
1554 3791 1690 3863 scripsit:
1709 3793 1804 3861 Siquis

123 3880 266 3951 judaizare
291 3883 451 3953 compellat,
477 3886 510 3937 ut
530 3884 626 3938 nultus
642 3883 694 3938 sibi
718 3884 749 3938 iu
770 3885 869 3940 eodem
896 3885 941 3941 die
991 3886 1216 3954 manacttzccac't
1232 3886 1307 3940 uobis
1319 3888 1419 3956 prater
1437 3885 1468 3939 id
1487 3884 1560 3954 quod
1572 3888 1726 3956 aceeptus,
1745 3901 1805 3938 asso

127 3974 284 4029 necessaria
304 3975 393 4029 victus
410 3981 562 4048 praeparet,
578 3981 627 4031 aut
639 3976 713 4031 viam
735 3978 871 4034 ambulet.
888 3978 941 4034 Sed
991 3979 1079 4033 themo
1092 3980 1138 4033 sit.
1153 3978 1244 4034 Sedet
1258 3977 1329 4033 illud
1339 3978 1523 4050 Evangelium
1536 3979 1632 4033 omnis
1647 3979 1694 4034 lex
1704 3984 1733 4033 et
1743 3993 1803 4049 pro·

126 4068 180 4122 hoc
198 4085 283 4139 quam
306 4069 461 4141 pessimum
484 4069 530 4136 sit,
546 4069 683 4124 Sanctitas
706 4073 754 4125 lua
773 4072 939 4143 perpendat.
990 4071 1083 4143 phetae
1096 4071 1234 4143 usquead
1249 4073 1387 4127 loannem
1402 4072 1659 4143 prophetaverunt.
1674 4072 1804 4142 Deinceps

126 4162 240 4216 Utinam
253 4162 375 4234 populus
385 4162 560 4218 Christianus
574 4162 596 4217 si
603 4162 648 4217 die
659 4163 719 4234 ipso
730 4165 874 4219 ecclesiam
882 4181 941 4220 non
990 4165 1012 4219 si
1028 4182 1084 4238 qua
1098 4164 1227 4220 novaret
1244 4164 1377 4220 inusitata
1398 4165 1541 4237 divulgata
1561 4165 1680 4232 luerint,
1694 4165 1802 4221 omniuo

125 4254 295 4326 frequentat,
312 4255 427 4327 aliquod
442 4255 536 4326 operis
554 4255 669 4325 faceret,
684 4259 713 4311 et
734 4273 791 4312 nou
815 4258 938 4314 saltaret.
989 4258 1145 4329 abjicienda
1164 4263 1192 4314 et
1204 4258 1366 4315 detestanda
1388 4257 1524 4314 Sanctitas
1541 4263 1592 4314 tua
1609 4260 1731 4315 noterit.
1752 4258 1801 4313 Ors

125 4349 276 4420 Meliusque
290 4354 351 4405 erat
362 4350 422 4405 viro
440 4351 556 4407 hortum
574 4350 676 4421 facere,
690 4349 745 4406 iter
758 4367 853 4423 agere,
873 4367 937 4406 mu·
988 4369 1041 4423 pro
1063 4352 1153 4420 nobis,
1168 4353 1281 4409 domine
1302 4357 1397 4409 sancte
1418 4352 1489 4409 etin
1509 4351 1624 4409 Christo
1647 4352 1799 4410 charissime

125 4442 187 4497 lieri
200 4443 294 4498 colum
316 4449 424 4510 tenere,
438 4448 466 4499 et
487 4460 556 4512 non,
570 4448 603 4499 ut
628 4444 741 4514 dicitur,
755 4444 870 4514 ballare,
884 4445 937 4500 sal-
988 4445 1084 4502 frater.
1385 4442 1389 4452 '

125 4539 194 4602 tare,
211 4540 239 4591 et
256 4539 384 4593 membra
395 4555 412 4593 a
425 4539 481 4594 lieo
499 4539 571 4594 bene
587 4538 699 4595 condita
717 4538 845 4596 saltando
866 4539 939 4595 male

124 4680 1797 4736 m

768 4863 852 4909 ANNO
872 4864 981 4911 DOMINI
996 4865 1154 4913 ntxxxvt.

369 5006 895 5213 SANCTUS
971 5011 1572 5219 VERANUS.

446 5435 694 5503 OBSERVATIO
718 5436 907 5503 SIRMONDI
929 5437 970 5502 ΙΝ
990 5437 1168 5516 SEQUENS
1190 5437 1478 5506 FRAGMENTUM.

152 5577 216 5628 Satis
229 5583 336 5643 apparet
350 5580 418 5629 hanc
432 5580 585 5631 sententiam
598 5581 624 5632 in
636 5583 736 5647 synodo
749 5582 835 5648 aliqua
848 5583 945 5633 dictam
956 5584 1084 5634 aVerano
1095 5583 1228 5648 episcopo.
1242 5584 1292 5634 Sed
1305 5584 1379 5648 cujus
1390 5584 1460 5634 sedis
1472 5583 1550 5635 luerit
1559 5583 1800 5651 episcopus,Codex

122 5659 203 5708 sancti
218 5659 348 5720 Germani,
362 5660 431 5710 unde
444 5664 568 5723 excerpta
582 5665 630 5722 est,
645 5677 698 5713 non
711 5664 841 5727 exprimit.
858 5664 923 5714 Cum
939 5664 990 5714 hoc
1004 5665 1063 5714 loco
1076 5664 1245 5727 intexeretur,
1260 5665 1384 5715 veniebat
1396 5665 1424 5714 iu
1436 5668 1552 5716 mentem
1567 5665 1800 5720 veterascamus

122 5740 208 5788 censis
228 5740 377 5804 opiscopus,
393 5739 440 5803 qui
459 5740 585 5803 proximet
607 5742 707 5806 synodo
728 5744 910 5794 blatisconensi
929 5757 949 5795 11
968 5745 1116 5795 subscribit.
1130 5748 1205 5796 Nono
1224 5760 1287 5795 vero
1306 5745 1391 5810 aptius
1408 5746 1488 5796 tribui
1500 5745 1801 5812 mutatoriorum

120 5818 298 5912 lugdunensi,
313 5821 347 5872 ad
360 5833 436 5887 quem
449 5824 550 5874 exstant
563 5822 644 5874 libari
655 5836 730 5889 papa
742 5823 867 5890 epistole,
879 5825 912 5876 ab
930 5839 1014 5893 eoque
1027 5830 1083 5878 tum
1094 5826 1175 5894 dicta,
1187 5840 1249 5881 cum
1260 5827 1288 5880 in
1301 5827 1402 5896 synodo
1413 5825 1668 5895 promaciano·
1677 5827 1801 5882 {Centum
