3878 6150
566 252 651 310 vira.
672 252 773 310 LIBER
791 250 972 310 susumus.
1555 252 1607 315 ΜΟ

102 362 145 423 rit.
168 364 224 420 lloc
241 362 344 420 millies
364 361 430 419 tecit
439 379 448 432 ;
469 375 617 434 nunquam
637 361 673 419 de
695 377 743 419 ore
754 361 887 452 Acie-ut
900 360 924 419 si
937 359 1020 419 alicui
1039 358 1075 419 de
1096 357 1238 418 sororibus
1253 372 1367 420 mentm
1384 358 1452 420 ders
1463 360 1605 436 voluisset,

102 457 160 530 etio,
171 472 319 531 uunquam
327 454 677 529 mendacium,nunquam
685 471 743 512 ma·
793 455 828 514 de
846 471 898 513 suo
918 453 973 512 sibi
989 454 1103 513 cellario
1121 457 1240 529 tangere
1258 472 1318 512 non
1333 457 1524 530 presumpsit.
1544 458 1605 524 Quo

102 557 176 611 ›nua
184 551 423 625 qualemcumque
436 565 586 622 personam
598 547 742 622 processit:
793 550 905 623 cognito
914 548 1083 607 uenerabilis
1091 549 1242 620 abbatissa,
1253 550 1331 607 dedit
1339 548 1366 607 ei
1374 552 1530 608 tonnellam
1543 555 1606 609 octo

102 663 134 705 m
147 663 205 703 non
217 644 339 703 detraxit
355 644 498 716 cuiquam,
517 644 567 700 sed
583 659 636 699 nec
649 644 742 700 detra·
792 643 963 714 modiorum,
981 660 1068 718 qnam
1085 644 1176 702 beatae
1196 643 1334 701 Felicitati
1355 643 1475 701 cellarius
1497 645 1534 701 ad
1554 661 1605 702 ex·

102 739 210 799 rtienter
234 738 355 795 audivit.
381 739 433 794 Pro
456 736 691 810 persequentibus
715 751 744 793 se
792 753 910 810 pensam
922 736 1191 795 commendatitiis
1208 736 1350 794 vindemia
1367 753 1458 810 usque
1471 738 1508 794 ad
1519 737 1605 796 aliern

102 832 139 892 rit
146 830 370 890 etoraredocuit.
380 829 744 903 Congregationem,quam
793 831 925 888 omnibus
936 830 1036 889 diebus
1047 830 1211 904 ubicunque
1223 830 1251 887 ei
1267 831 1368 888 Sancte
1380 830 1475 904 jussit,
1489 830 1605 905 dispen-

102 926 216 985 Uomini
234 927 319 999 plena
334 925 384 982 Uei
397 924 536 981 desiderio
549 923 742 997 congregavit,
792 925 872 993 savit,
887 928 915 982 et
931 941 1079 998 nunquam
1091 924 1207 995 minuit,
1221 924 1271 981 sed
1284 941 1396 999 semper
1410 923 1525 998 aqualis
1537 941 1605 998 per·

102 1020 200 1089 lilexit,
211 1024 244 1076 ut
253 1019 338 1076 etiam
346 1021 476 1092 parentes
485 1017 529 1074 val
539 1033 639 1090 regem
648 1016 744 1089 conju·
792 1020 906 1076 mansit.
927 1017 981 1075 Ubi
995 1035 1102 1076 norum
1118 1018 1217 1075 unum
1235 1019 1349 1076 advenit
1364 1021 1441 1093 quod
1459 1018 1606 1077 ceUarium

102 1115 233 1173 uiseeuec
242 1113 479 1170 reminisceretur.
490 1111 571 1178 Quod
578 1111 744 1184 frequenter
792 1113 928 1186 implevit,
942 1129 972 1171 se
981 1114 1105 1170 tonnella
1117 1113 1183 1170 satis
1197 1113 1295 1170 fecisse
1304 1113 1441 1186 credidit3
1453 1117 1519 1171 aute
1530 1130 1604 1187 pon·

112 1207 277 1282 predicaret
294 1206 421 1264 dicebat:
435 1207 490 1263 Vos
507 1205 580 1278 elegi
599 1204 681 1275 filias,
695 1220 743 1261 vos
793 1213 872 1266 lones
883 1211 912 1265 et
928 1211 1023 1264 tonna
1037 1207 1201 1264 deiecerunt
1214 1225 1299 1281 quam
1316 1208 1456 1281 hecquae
1471 1208 1561 1265 beatae
1574 1208 1606 1266 in

102 1318 125 1374 a,
138 1317 189 1358 ros
201 1300 344 1371 mearita,
359 1317 408 1356 vos
421 1316 484 1356 mea
502 1298 616 1372 requies
628 1302 743 1372 lotaque
792 1301 923 1359 omnibus
947 1301 1014 1359 iecit
1042 1302 1226 1359 voluntatem.
1257 1301 1393 1359 Dominus
1419 1302 1455 1360 de
1479 1302 1605 1375 quinque

102 1395 243 1453 causella
256 1394 412 1467 plantatio:
428 1393 502 1466 agita
522 1391 744 1449 mecuminboc
792 1397 913 1469 panibus
938 1400 968 1453 et
985 1395 1107 1470 geminis
1124 1395 1248 1469 piscibus
1270 1397 1397 1470 quinque
1419 1395 1496 1468 parit
1516 1396 1605 1453 millia

102 1485 744 1563 legendeamusinluturo.Plenatide,pleno·
792 1490 955 1560 hominum,
982 1493 1012 1548 et
1031 1505 1112 1546 suam
1132 1489 1274 1558 ancillam,
1296 1489 1458 1563 ubieunque
1476 1489 1605 1561 indigere

105 1582 208 1641 ellectu
225 1582 380 1639 serviamus
396 1581 516 1637 Domino
534 1580 566 1636 in
586 1580 701 1651 timore,
715 1583 744 1637 et
792 1584 881 1656 vidit,
912 1585 948 1643 dc
970 1584 1024 1642 boc
1049 1600 1135 1659 parvo
1165 1583 1268 1658 [supple
1288 1582 1409 1657 vasculo]
1444 1586 1503 1640 toto
1531 1599 1605 1640 anno

102 1673 744 1750 tetecordisquoeramuseum,utcnmfiducia
792 1677 899 1737 reiecit.

102 1771 242 1829 ossimm:
260 1771 310 1840 lia,
331 1770 458 1840 Domine,
478 1769 556 1844 quod
575 1746 782 1842 promisisti,B
830 1775 872 1828 ιι.
890 1773 1006 1845 Semper
1019 1774 1053 1830 de
1065 1789 1135 1847 pace
1151 1772 1276 1842 sollicita,
1293 1764 1328 1828 de
1343 1771 1431 1827 salute
1442 1770 1543 1844 patria
1553 1778 1605 1829 Ιι·

102 1863 339 1938 rsquodjussisti.
793 1866 878 1936 riusa,
902 1867 1133 1940 quandoquidem
1154 1865 1228 1922 inter
1245 1881 1275 1921 se
1295 1880 1385 1938 regna
1408 1864 1604 1938 movebantur,

102 1974 158 2016 ram
173 1958 308 2031 imposuit
320 1957 422 2028 iacere,
434 1958 510 2030 quod
523 1956 584 2030 ipsa
594 1955 673 2030 prins
685 1972 744 2012 non
793 1961 860 2035 quia
871 1965 944 2018 totos
957 1960 1092 2034 diligebat
1103 1976 1197 2033 reges,
1209 1975 1262 2033 pro
1277 1959 1406 2019 omium
1423 1958 1482 2016 rita
1496 1958 1605 2030 orabat,

102 2052 260 2125 :decunque
280 2067 377 2108 servus
397 2051 447 2107 llei
469 2051 601 2121 venisset,
627 2048 765 2133 sollicite·
794 2058 822 2112 et
830 2071 882 2111 nos
895 2055 955 2111 sine
968 2053 1176 2112 intermissione
1189 2071 1241 2126 pro
1251 2069 1352 2111 eorum
1360 2051 1513 2110 stabilitate
1525 2067 1606 2108 orare

102 2149 149 2204 bur
172 2145 292 2219 qualiter
318 2144 438 2200 Domino
464 2143 603 2201 serviret:
626 2145 651 2201 si
674 2144 743 2219 quid
769 2156 772 2163 “
793 2149 918 2206 docebat.
932 2147 985 2205 Ubi
996 2163 1044 2205 eos
1055 2148 1130 2204 inter
1146 2164 1176 2204 se
1192 2146 1410 2203 amaritudinem
1426 2161 1539 2202 movere
1553 2161 1606 2202 au·

104 2241 262 2314 agnovisset
273 2239 349 2313 quod
362 2238 423 2312 ipsa
445 2254 502 2294 nou
521 2237 635 2312 taceret,
651 2241 742 2297 couti·
792 2243 887 2314 disset,
902 2246 961 2299 tota
973 2242 1121 2311 tremebat,
1135 2245 1164 2299 et
1175 2240 1273 2314 quales
1285 2240 1463 2309 litterasuni,
1478 2239 1549 2296 tales
1563 2238 1606 2295 al·

102 2335 158 2392 nuni
172 2333 313 2391 alacritate
326 2332 379 2388 sihi
391 2332 470 2405 psius
479 2332 614 2406 imposuit
624 2375 631 2404 ,
642 2335 745 2407 etpost
792 2337 847 2409 teri
860 2336 1010 2410 dirigebat,
1022 2339 1061 2393 ut·
1069 2336 1144 2393 inter
1157 2351 1186 2392 se
1199 2352 1257 2392 non
1271 2335 1345 2392 bella
1353 2351 1406 2392 nec
1417 2335 1607 2391 armatracte·

102 2444 184 2486 onem
200 2430 259 2484 tam
278 2427 364 2484 verbo
385 2426 481 2483 docuit
503 2442 590 2500 quam
612 2428 744 2503 exemplo
792 2431 1033 2504 rent,sedpacam
1044 2429 1193 2487 firmarent
1205 2435 1237 2487 ut
1248 2430 1340 2502 patria
1351 2442 1388 2486 nc
1400 2427 1516 2502 periret.
1527 2425 1608 2484 Simi-

102 2526 155 2580 bsm
170 2525 236 2578 ante
257 2537 320 2578 eam
336 2520 442 2578 vicibus
463 2521 589 2594 psalmus
606 2525 742 2592 cessaret,
792 2524 857 2581 liter
871 2529 899 2580 et
909 2524 945 2579 ad
956 2540 1056 2581 eorum
1069 2540 1199 2597 proceres
1211 2523 1359 2597 dirigebat,
1368 2527 1402 2578 ut
1410 2521 1552 2596 praecclsis
1563 2536 1607 2578 re·

102 2633 180 2691 poam
198 2615 331 2687 discessit,
345 2632 403 2674 uon
423 2615 478 2686 die,
500 2632 559 2671 non
574 2619 667 2680 nocte,
685 2632 744 2673 non
794 2617 875 2690 gibus
887 2617 1003 2674 consilia
1015 2617 1160 2675 salutifera
1172 2617 1376 2685 ministrarent,
1391 2621 1424 2672 ut
1436 2616 1476 2672 eis
1487 2631 1607 2688 regnan-

102 2710 223 2768 tululum
237 2725 338 2781 corpus
355 2725 439 2764 suum
453 2708 561 2765 reiecit.
579 2708 650 2764 Cum
662 2709 744 2766 lectio
792 2711 878 2781 tibus,
890 2710 990 2784 populi
1001 2715 1030 2768 et
1041 2710 1131 2784 patria
1139 2711 1279 2766 salubrior
1291 2710 1466 2767 redderetur.
1482 2710 1607 2781 Congre-

102 2804 145 2862 llla
154 2803 340 2860 sollicitudine
352 2801 400 2874 pia
409 2801 570 2857 animarum
582 2806 744 2860 nostrarum
793 2804 899 2877 gatiam
915 2820 975 2860 sure
988 2804 1115 2861 assiduas
1130 2803 1240 2876 vigilias
1263 2803 1445 2875 imponebat:
1460 2806 1489 2858 et
1501 2805 1534 2857 nt
1546 2801 1607 2858 sins

102 2913 157 2968 ens,
176 2896 303 2953 dicebat:
319 2895 346 2952 Si
366 2912 424 2951 non
442 2894 599 2968 intelligitis
612 2895 689 2969 quod
700 2897 743 2952 le·
792 2897 1000 2954 intermissione
1013 2913 1065 2970 pro
1076 2897 1118 2953 eis
1132 2901 1246 2952 orarent
1256 2880 1322 2953 cum
1334 2895 1467 2968 lacrymis
1479 2893 1607 2950 docebat.

102 3040 104 3044 ,
121 2994 166 3048 est
182 2990 258 3063 quod
274 3005 332 3044 non
344 2989 462 3045 sollicite
480 2988 624 3061 requiritis
640 3005 744 3063 specu-
794 2990 1376 3064 Severoinquantumcruciatuaffligebat,
1386 2986 1608 3061 quishocrerbis

102 3101 167 3141 rum
181 3084 361 3139 vestrarum?
374 3083 454 3148 Quod
467 3082 518 3138 etsi
532 3083 625 3139 minus
637 3099 689 3155 pro
702 3099 745 3140 re·
793 3085 907 3157 explere
920 3085 1031 3140 valeat?
1044 3089 1072 3141 et
1087 3083 1278 3139 intercedente
1290 3099 1323 3139 ee
1335 3099 1392 3155 pax
1403 3098 1515 3155 regum,
1528 3080 1607 3136 miti-

102 3180 244 3250 terrogare
254 3176 489 3248 praesumebatur,
499 3177 605 3248 anpia
613 3176 744 3234 sollicita·
794 3177 871 3250 gatto
884 3177 961 3248 belli,
972 3178 1046 3234 salus
1053 3177 1152 3250 patriae
1162 3177 1276 3246 ademt3
1291 3177 1396 3248 atejus
1409 3175 1556 3231 obtentum
1565 3174 1608 3230 in·

102 3287 194 3345 noque
208 3271 320 3341 affectu,
334 3270 409 3343 quod
424 3268 506 3325 lectio
520 3270 690 3339 continebat,
707 3271 744 3327 ad
792 3271 962 3343 telligentes,
971 3270 1152 3328 benedictam
1161 3287 1265 3327 nomeu
1279 3269 1391 3325 Domini
1402 3268 1607 3324 collaudarent.

102 3368 171 3422 rtem
189 3363 345 3437 praedicare
365 3379 424 3418 non
443 3363 576 3419 cessabat.
595 3363 672 3419 Sicut
683 3363 744 3437 apis
793 3364 953 3430 Quamlibet
965 3364 1000 3419 de
1017 3380 1086 3435 pace
1106 3380 1208 3435 regum
1222 3380 1288 3419 cum
1306 3377 1374 3436 rege
1389 3361 1451 3417 coeli
1462 3359 1608 3417 victoriam

102 3474 157 3516 tera
170 3459 274 3515 florum
283 3471 460 3529 congregans
472 3456 548 3513 unde
561 3457 645 3513 mella
659 3455 745 3513 conil-
793 3457 942 3525 obtineret,
956 3457 1048 3529 magis
1067 3458 1171 3514 se'Ileo
1184 3456 1313 3513 devotam
1332 3459 1464 3529 prompte
1482 3453 1607 3526 optabat,

102 3551 228 3620 sabbis,
243 3567 313 3622 quos
326 3550 472 3621 inritabat,
490 3549 630 3622 spiritales
643 3550 742 3607 stude·
793 3555 822 3607 et
838 3550 966 3607 omnium
984 3549 1096 3607 servitio
1119 3549 1307 3621 mancipabat,
1329 3565 1387 3605 non
1403 3563 1505 3604 curans
1525 3547 1609 3619 qualo

102 3640 256 3711 tflosculos,
270 3639 346 3696 unde
360 3639 428 3695 boni
441 3639 535 3712 operis
547 3640 672 3695 fructum
684 3641 744 3695 tam
793 3643 961 3719 obsequium
975 3641 1088 3715 taceret,
1103 3660 1167 3716 quae
1176 3643 1243 3699 totis
1256 3641 1409 3715 [omuibus]
1421 3641 1541 3714 implere
1551 3644 1609 3696 stu·

123 3735 183 3791 suis
203 3735 368 3807 sequacibus
387 3733 545 3789 exhiberet.
568 3735 639 3789 llum
663 3734 745 3789 noete
793 3738 878 3795 debat
900 3735 1062 3794 servilium:
1082 3736 1168 3809 pedes
1185 3736 1314 3792 omnium
1335 3734 1466 3791 manibus
1488 3733 1609 3807 pmpriis

102 3829 181 3886 nnius
201 3829 280 3884 hora
302 3827 425 3900 spatium
448 3826 591 3883 rideretur
612 3842 745 3882 somnum
792 3831 899 3903 lavans,
912 3830 1017 3887 sabano
1025 3834 1140 3904 tergens
1151 3833 1180 3887 et
1190 3830 1330 3899 oscitans,
1345 3832 1383 3899 et,
1397 3828 1421 3884 si
1434 3827 1608 3901 permissum

102 3939 183 3995 mper
191 3922 274 3978 lectio
290 3921 446 3993 legebatur.
456 3922 524 3986 Qua
537 3920 660 3993 legebat,
674 3921 704 3976 in
714 3936 745 3979 se
793 3924 901 3996 fuisset,
912 3925 948 3981 ad
962 3924 1177 3981 similibrdinem
1190 3923 1282 3981 uaria
1294 3923 1365 3979 tusis
1377 3921 1502 3978 crinibus
1514 3925 1608 3978 exter·

102 4033 198 4074 eorem
213 4015 346 4084 sentiens,
359 4015 479 4088 putabat
496 4031 559 4070 eam
567 4015 628 4086 jam
640 4013 743 4088 paulu·
795 4034 862 4091 gere
873 4035 933 4075 non
945 4016 1130 4076 retinebatur.
1140 4017 1218 4075 Unde
1232 4033 1285 4090 pro
1297 4021 1356 4074 mm
1368 4015 1515 4073 immensis
1524 4015 1609 4072 bene·

102 4126 187 4167 mere.
197 4108 248 4166 Ubi
258 4109 398 4165 electione
407 4111 539 4164 cessasset
547 4124 626 4165 mens
636 4108 745 4165 intenta
793 4112 874 4181 ficiis,
888 4127 952 4185 ques
964 4111 1074 4169 suntin
1087 4128 1121 4169 ea
1138 4112 1234 4168 divino
1251 4126 1370 4167 munere
1384 4110 1494 4177 collata,
1512 4107 1609 4163 [iomi-

102 4220 133 4275 u,
142 4207 280 4275 tanquam
293 4204 316 4259 si
326 4203 430 4258 diceret
443 4219 450 4257 ε
465 4205 523 4273 Εςο
538 4204 652 4268 dormio,
663 4207 690 4259 ct
700 4218 745 4259 eor
794 4223 848 4262 nns
856 4206 995 4263 virtutum
1003 4205 1124 4279 largitor
1133 4206 1232 4262 camin
1242 4203 1386 4261 miraculis
1393 4201 1541 4259 clariorem
1547 4201 1609 4257 red-

102 4298 138 4354 ιιι
154 4296 242 4368 (dont.
258 4297 296 4368 ι),
313 4297 424 4352 aiebat:
440 4296 532 4362 Quare
551 4297 646 4353 tacest
658 4297 744 4369 Lege,
794 4300 865 4357 didit
885 4299 916 4356 in
934 4300 1069 4356 Francia:
1085 4299 1135 4355 ubi
1154 4299 1223 4355 dum
1241 4312 1362 4370 regnare
1379 4295 1532 4364 uideretur,
1555 4292 1609 4349 sibi

102 4389 427 4462 ‚tubisurgendihoram
436 4388 743 4461 mediamfaceretuox,
794 4393 886 4465 magis
903 4391 1014 4448 coeleste
1027 4408 1114 4464 quam
1134 4396 1281 4447 terrenum
1291 4386 1459 4462 praeparavit
1473 4401 1608 4458 reguum.

102 4483 908 4566 anteatotumimplevissetcursumquaeadhuc1)Fecerat
928 4485 982 4541 sibi
1000 4484 1165 4553 oratorium,
1188 4488 1327 4556 quatenus
1352 4480 1459 4536 vicibus
1482 4479 1553 4536 dum
1579 4494 1610 4536 ss

102 4595 125 4634 m
144 4581 278 4646 senserat,
293 4578 354 4649 jam
374 4581 472 4649 parata
489 4577 523 4634 de
540 4579 627 4633 strato
638 4576 674 4633 ad
688 4578 744 4633 lio·
794 4579 856 4654 regi
869 4578 1047 4648 subduceret,
1063 4593 1178 4650 semper
1196 4576 1236 4633 ibi
1254 4575 1406 4634 Dominum
1422 4574 1484 4632 coeli
1495 4573 1609 4630 inrooa·

101 4671 162 4728 ium
169 4670 296 4744 madens
312 4671 446 4744 surgebat
462 4674 495 4726 ut
506 4687 571 4726 cnm
584 4670 687 4727 fiducia
701 4670 744 4727 di·
795 4677 847 4743 ret,
863 4673 893 4729 in
905 4671 1106 4746 quobenellcia
1115 4671 1166 4728 Dei
1179 4667 1611 4744 praetenturadinvooationem

102 4768 132 4822 to
141 4771 217 4821 nocte
229 4766 371 4835 surgebam
383 4766 421 4820 od
434 4765 611 4835 confitendum
621 4767 681 4830 tibi,
697 4769 747 4823 lto
795 4767 857 4840 ejus
867 4765 1002 4836 nominis,
1017 4766 1098 4838 cnjus
1111 4765 1224 4822 assidua
1237 4764 1277 4821 ibi
1289 4763 1344 4821 fuit
1354 4763 1453 4820 oratio.

116 4858 304 4930 cm11).Nam
321 4859 485 4931 frequenter
502 4863 530 4915 et
546 4859 671 4915 dormire
686 4859 746 4917 risa
833 4863 875 4917 12.
895 4862 1046 4933 Postquam
1067 4860 1142 4916 sein
1161 4859 1331 4916 monasterio
1350 4857 1464 4914 reclusit
1481 4857 1611 4911 matrerm

102 4952 320 5010 mmdecantarc
335 4952 436 5024 inipso
452 4967 563 5025 sopore,
574 4953 657 5008 itaut
671 4957 747 5010 recte
795 4956 958 5026 uammezo,
975 4953 1102 5025 nomine,
1121 4955 1191 5010 dum
1209 4953 1264 5011 iter
1283 4955 1391 5025 ageret,
1412 4949 1442 5006 in
1457 4948 1539 5006 oculo
1559 4964 1611 5005 suo
1692 5005 1696 5008 Α

102 5045 243 5104 *diceretz
263 5047 404 5103 lledttotio
421 5048 508 5103 cordis
524 5049 576 5102 ma
588 5048 619 5102 in
636 5063 745 5119 conspe·
797 5049 889 5121 graus
900 5051 943 5105 est
956 5046 1095 5105 sordicula
1108 5047 1247 5121 ingressa.
1262 5046 1314 5104 Ubi
1325 5061 1383 5102 una
1393 5060 1459 5114 vox,
1472 5058 1547 5099 unus
1558 5042 1611 5099 do·

102 5156 165 5213 uper
187 5140 271 5212 (Psal.
295 5140 548 5212 xv111).Charitatis
570 5145 666 5196 autem
685 5141 747 5213 ejus
795 5142 849 5213 lor,
864 5158 937 5197 unus
955 5141 1071 5214 clumm,
1090 5142 1140 5198 diu
1156 5145 1298 5213 noctoque
1317 5139 1409 5195 inerat
1427 5137 1464 5208 ei,
1479 5140 1513 5195 ut
1529 5152 1612 5194 suam

102 5250 139 5291 un
152 5250 252 5290 omnes
265 5235 397 5290 homines
411 5234 519 5304 dilexit,
536 5234 600 5305 quis
619 5250 747 5305 unquam
796 5235 908 5292 undem
921 5235 1057 5293 Dominus
1074 5236 1237 5292 declareret.
1256 5235 1424 5306 Quanquam
1440 5231 1481 5288 ibi
1494 5246 1612 5304 corpore

102 5327 175 5384 unt
187 5328 434 5402 llesplenduerunt
443 5327 472 5383 in
485 5344 517 5384 ea
530 5344 650 5401 quaeque
660 5328 748 5384 virtu·
792 5330 854 5402 jam
869 5346 927 5386 non
939 5333 1022 5401 esset,
1035 5330 1072 5385 ad
1086 5328 1294 5385 invocationem
1306 5343 1420 5401 quoque
1431 5325 1555 5382 nondnis
1567 5323 1611 5380 sui

102 5420 214 5478 mcum
225 5422 404 5491 verecundia,
415 5421 551 5493 sapientia
565 5437 629 5476 cum
643 5421 748 5493 simpli·
796 5423 919 5496 benigne
937 5422 1036 5480 adfuit.
1060 5422 1195 5478 [lominus
1218 5420 1312 5496 posuit
1329 5420 1356 5478 ei
1370 5420 1401 5477 in
1419 5436 1513 5490 sensu,
1532 5421 1566 5474 ut
1576 5417 1612 5473 ad

102 5515 181 5572 tritas
199 5530 265 5570 oum
284 5514 510 5585 mansuetudine,
535 5514 663 5570 doctrina
681 5530 747 5570 cum
797 5533 881 5572 suum
894 5515 1048 5573 oratorium
1059 5520 1201 5589 pergeret,
1211 5519 1238 5573 et
1250 5517 1287 5573 ad
1297 5516 1359 5589 ejus
1367 5514 1573 5572 invocationem
1581 5523 1612 5564 se

119 5607 178 5666 rita
196 5608 318 5682 denique
337 5609 530 5679 immaculata,
548 5608 605 5665 vita
621 5608 745 5684 irrepre·
797 5610 897 5666 salvari
905 5610 1041 5667 crederet.
1051 5611 1089 5666 at
1098 5609 1146 5666 ubi
1157 5610 1264 5668 femina
1274 5610 1369 5667 dolore
1384 5608 1468 5683 plena
1479 5600 1611 5662 manibus

102 5702 157 5762 rita
169 5702 283 5760 sibimet
296 5719 409 5776 semper
422 5702 546 5776 aeqrralis.
797 5704 974 5762 servulorum
986 5720 1103 5762 suorum
1122 5708 1287 5775 sustentata,
1310 5704 1356 5760 vix
1375 5703 1411 5759 ad
1429 5699 1500 5756 iUud
1515 5696 1608 5751 orato-

102 5802 187 5858 ntum
200 5814 231 5857 se
242 5801 407 5857 extraneam
423 5799 457 5855 de
474 5797 557 5855 rebus
571 5797 692 5872 propriis
703 5798 746 5857 te·
798 5798 873 5855 mum
892 5798 956 5855 duci
972 5803 1092 5874 poterat,
1108 5800 1314 5860 ualidissimum
1328 5795 1469 5854 sustineas
1483 5789 1611 5850 dolorem
