3878 6150
133 281 184 335 683
303 273 480 332 BENEDICTI
497 271 592 329 PAPAE
615 271 626 327 l
645 269 690 327 Ab
708 268 934 327 GRANDENSEM
952 266 1192 327 ressuscitat
1211 216 1379 325 urlsroua
1398 265 1636 326 mutuaturi.
1764 269 1818 325 684

105 440 114 447 ,
134 402 199 441 rare
214 385 311 457 posset
325 383 452 455 inopiam
472 380 567 436 samis.
583 379 665 444 Quod
683 379 750 434 dum
769 378 950 461 cognovisset
959 377 1115 464 Abasilica
1127 377 1204 432 beati
1218 378 1294 432 Petri
1303 376 1423 449 apostoli
1432 375 1698 449 secretario,pridie
1709 376 1817 431 Kalen-

133 480 261 537 tustinus
271 478 344 551 [Coti.
354 478 449 544 tacu
453 471 620 546 ustinianus]
631 473 774 545 piissimus
780 473 947 544 imperator,
999 472 1050 527 das
1060 472 1181 543 Augusti
1195 472 1238 543 [In
1253 472 1316 530 Cod.
1332 475 1397 528 Luc.
1409 473 1482 528 deest
1491 471 1584 544 pridie
1598 471 1744 527 Kalendas
1759 475 1818 526 Au·

135 567 823 647 quiaRomapericlitareturiameetmortatitate
835 565 948 639 [InCod.
999 566 1095 639 gusti].
1112 566 1161 621 Hic
1176 566 1244 620 tecit
1265 566 1479 623 ordinationem
1499 583 1589 621 unam
1610 582 1665 640 per
1683 582 1817 621 mensem

135 671 199 724 Luc.
220 668 293 722 deest
315 667 344 720 et
368 662 566 736 mortalitatei,
589 662 667 716 misit
685 662 715 716 in
734 662 898 732 AEgyptum,
922 661 951 714 et
999 659 1192 728 decembrem,
1208 659 1390 733 presbyteros
1403 660 1579 733 quindecim,
1595 659 1818 724 diaconostres,

138 759 269 818 oneravit
281 749 368 813 nares
384 759 542 824 frumento,
559 759 588 811 et
600 755 758 811 transmisit
774 754 952 809 RomamEt
1000 753 1148 824 episcopos
1160 770 1213 825 per
1235 754 1347 810 diversa
1364 751 1429 810 ioca
1447 770 1569 810 numero
1588 753 1692 825 viginti
1715 771 1818 809 unum.

136 855 175 910 sic
189 853 323 908 misertus
338 857 381 907 est
394 853 468 906 Deus
479 850 576 905 ltaliae.
593 853 625 905 ln
640 848 701 905 istis
710 848 856 904 laboribus
870 850 899 902 et
912 846 952 901 af·
999 848 1035 902 Et
1053 847 1173 902 cessavit
1196 848 1376 920 episcopatus
1405 865 1520 904 menses
1539 851 1609 916 tres,
1634 847 1698 903 dies
1717 848 1818 903 decem

134 946 307 1003 dictionibus
323 946 432 1018 positus
450 944 525 1018 [Cod.
537 947 614 1008 Luc„
628 944 673 998 his
687 942 796 1016 diebus}
813 939 953 996 sanctissi·
1004 939 1078 1012 [Coti.
1092 942 1157 997 Luc.
1168 941 1248 998 addit
1260 941 1312 997 sub
1325 942 1372 998 die
1386 945 1420 998 30
1433 942 1541 998 mensis
1550 941 1638 1015 tulii].

136 1058 200 1097 mus
210 1040 461 1113 Benedictuspapa
469 1042 599 1094 mortuus
609 1041 661 1094 est.
672 1036 726 1103 Qui
735 1036 862 1107 sepultus
870 1035 953 1090 estin

134 1198 1812 1236 W

707 1355 861 1426 JOANNI
883 1353 1080 1426 DOMINICI
1102 1353 1249 1424 MANSI.

295 1517 351 1593 IN
383 1515 752 1592 FRAGMENTGM
785 1513 1064 1590 EPISTOLAE
1098 1513 1380 1590 BENEDICTl
1413 1514 1672 1590 calistum.

172 1802 371 1868 Longiuscutum
384 1800 557 1866 fragmentum
575 1801 691 1866 epistola
703 1799 838 1852 Benedicti
851 1814 925 1866 papa
942 1815 974 1852 ax
986 1800 1099 1866 Gratiani
1110 1800 1186 1867 palea
1208 1799 1241 1852 ad
1261 1815 1320 1852 can.
1338 1803 1378 1863 ta,
1395 1815 1420 1851 c.
1437 1799 1478 1861 Yt,
1500 1812 1527 1863 q.
1543 1802 1569 1861 t,
1592 1797 1636 1848 hic
1656 1797 1773 1848 exhibeo
1790 1798 1821 1848 ab

92 1872 95 1891 ¹
141 1886 261 1936 omnibus
273 1882 378 1948 quidem
395 1897 444 1933 ceu
456 1883 635 1948 apocryphum
648 1884 785 1948 rejectum,
799 1880 845 1932 sed
858 1881 948 1933 dubito
966 1896 998 1933 an
1011 1882 1114 1934 mento.
1127 1883 1279 1947 Quanquam
1291 1881 1362 1932 enim
1379 1879 1533 1946 suspicionis
1545 1892 1598 1930 sna
1608 1879 1700 1929 titulus
1713 1879 1780 1943 ipse,
1797 1882 1825 1929 ut

140 1966 167 2016 in
180 1966 260 2016 Editio
271 1964 375 2029 legitur,
392 1964 487 2014 mereri
500 1968 594 2030 potest,
607 1964 759 2029 ambiguum
772 1968 812 2015 eat
823 1967 890 2014 tame
940 1977 984 2014 um
996 1964 1113 2015 sincerus
1124 1963 1238 2014 Gratiani
1253 1963 1343 2013 Codex
1364 1962 1484 2013 eumdem
1501 1961 1621 2027 praeterat
1637 1958 1682 2024 qui
1698 1959 1727 2009 in
1747 1959 1824 2009 Editis

140 2051 256 2111 apparet.
270 2045 408 2096 Gratianus
420 2044 490 2095 enim
504 2045 588 2096 editus
602 2045 736 2110 epistolam
750 2045 817 2096 hanc
829 2046 881 2095 lata
938 2043 1026 2095 ratert
1039 2045 1197 2095 Putriarctcc
1210 2044 1344 2106 Gradenai,
1357 2043 1401 2108 qui
1417 2057 1478 2093 sane
1495 2041 1644 2107 patriarcba
1659 2040 1793 2091 Benedicti
1812 2040 1822 2088 1

139 2130 213 2176 atate
227 2125 311 2176 audiri
322 2125 438 2175 nondum
452 2130 574 2189 coeperat.
589 2126 686 2175 Verum
699 2125 727 2175 in
743 2139 802 2176 meo
817 2125 915 2176 decreti
937 2124 1042 2186 Codice,
1060 2125 1130 2188 quod
1148 2127 1244 2176 sacuto
1266 2125 1322 2189 ipso
1344 2124 1467 2184 Gratiani,
1490 2124 1531 2173 vet
1554 2122 1627 2171 initio
1648 2120 1823 2182 succedentis,

141 2207 267 2270 scriptum
274 2220 328 2256 non
340 2205 411 2256 inani
428 2207 579 2270 conjectura
595 2195 725 2270 suspicor,
737 2206 772 2257 ita
783 2208 844 2271 lego
857 2221 863 2255 :
880 2206 1029 2257 Benedictus
1044 2221 1131 2256 seruos
1141 2221 1271 2256 cervorum
1284 2207 1333 2256 Dei
1343 2207 1377 2256 Ν.
1390 2207 1508 2257 satutem.
1523 2205 1552 2253 tn
1564 2202 1684 2266 margine
1695 2215 1761 2251 vero
1769 2202 1824 2263 alu,

142 2291 171 2336 ut
182 2286 311 2349 suspicor,
324 2287 370 2336 sed
382 2299 456 2350 aeque
466 2287 572 2351 antiqua
586 2301 665 2338 manu
677 2286 794 2337 additum
804 2290 844 2338 est
857 2303 864 2336 :
878 2286 1022 2338 Groduensi
1037 2288 1204 2352 patriarches,
1218 2291 1243 2337 et
1258 2288 1392 2337 Domim'co
1408 2287 1465 2351 ejas
1483 2284 1657 2348 suffraganeo.
1674 2283 1765 2332 Lectio
1781 2283 1823 2331 ista

142 2366 305 2430 precipuum
318 2370 499 2431 argumentum
511 2367 636 2418 adversus
655 2368 831 2418 sinceritatem
851 2367 928 2432 hujus
945 2368 1061 2432 epistota
1079 2372 1194 2418 enervat.
1217 2368 1314 2418 Verum
1333 2367 1418 2417 adhuc
1437 2368 1587 2431 perseverat
1604 2362 1733 2427 suspicio,
1754 2363 1779 2412 in
1794 2375 1822 2412 co

143 2447 212 2511 quod
225 2446 379 2496 Benedictus
390 2461 492 2497 seruum
504 2462 636 2497 servorum
651 2449 697 2497 Dei
709 2462 765 2498 sese
778 2448 990 2512 appellat,quem
1003 2448 1180 2499 sanctitatum
1195 2448 1304 2512 caepisse
1321 2438 1429 2508 ainata
1447 2449 1536 2496 sancto
1554 2443 1693 2509 Gregorio.
1717 2445 1750 2493 At
1769 2456 1822 2493 eum

142 2526 214 2577 testis
227 2527 484 2592 ejusinstitutionisa
501 2533 590 2579 sancto
606 2528 731 2593 Gregorio
745 2533 837 2593 creptae
850 2529 964 2579 ioannes
984 2529 1109 2580 diaconus
1128 2529 1247 2581 atteratur
1268 2529 1381 2592 scriptor
1396 2528 1478 2578 multo
1498 2525 1630 2594 recentior
1650 2527 1729 2575 aetate
1748 2521 1822 2573 mucii

143 2608 270 2671 Gregorii,
282 2608 360 2657 unica
372 2608 427 2672 ejus
439 2609 577 2660 auctoritas
589 2609 654 2660 tanti
669 2610 820 2661 aestimanda
833 2624 886 2659 non
905 2613 953 2674 est,
972 2614 1001 2662 ut
1019 2611 1134 2661 validum
1155 2625 1187 2660 ex
1208 2625 1238 2660 ea
1261 2611 1441 2673 argumentum
1465 2611 1557 2658 contra
1576 2606 1648 2656 illam
1674 2603 1822 2655 deducatur.

139 2688 274 2752 Utcunque
296 2701 339 2737 ras
356 2687 449 2738 habeat
466 2704 535 2751 sese,
552 2705 613 2740 cum
630 2704 663 2740 ex
683 2691 805 2741 Gratiano
831 2690 939 2741 minime
957 2696 1060 2743 constet
1079 2691 1182 2742 cuinam
1202 2690 1344 2741 Benedicto
1368 2689 1506 2740 tribuenda
1526 2687 1638 2753 epistola
1657 2685 1702 2744 sit,
1726 2685 1821 2736 atterius

142 2768 250 2820 tortasse
263 2768 397 2820 Benedicti
410 2769 535 2835 scriptum
549 2775 604 2822 erat
617 2771 758 2824 sincerum.
773 2772 907 2823 Variantes
920 2785 978 2837 qua
989 2773 1016 2824 in
1027 2773 1124 2825 ansutis
1135 2773 1273 2837 adscripta
1283 2774 1355 2834 mut,
1372 2769 1495 2822 Romanis
1514 2769 1616 2820 demeti
1636 2766 1822 2818 correctoribus

144 2849 282 2902 debentur.

239 3415 580 3502 rmamrrou
616 3421 864 3505 srrsroma
901 3425 967 3543 ip
1002 3392 1331 3531 oamnspssir
1366 3412 1749 3539 arcaragantes.

495 3727 618 3787 PALEA·
937 3733 943 3745 “
972 3735 1093 3820 Bucari
1106 3747 1171 3795 sua,
1185 3735 1210 3786 et
1224 3728 1368 3786 eruntduo
1380 3683 1501 3782 incante
1514 3738 1571 3779 uno
1584 3715 1818 3795 (Gonni-Quibus

184 3815 354 3872 Benedictus
367 3817 470 3874 Servus
485 3836 632 3879 ursorum
643 3821 716 3880 Dei·
736 3823 897 3882 Grandensi
910 3842 962 3898 pur
1012 3826 1106 3882 verbis
1120 3823 1246 3881 innotuit
1259 3839 1319 3879 non
1331 3821 1414 3878 aliter
1423 3819 1517 3875 vuum
1533 3820 1562 3872 et
1579 3815 1734 3871 mulierem
1748 3823 1818 3883 posse

147 3909 422 3979 tfifflhoeffllutems
439 3914 494 3967 θῑΰ·
1013 3903 1816 3985 iteriunamcarncm,nisicarnaticopulasibicohaereant.

184 4003 240 4056 Lex
255 4001 356 4058 divinae
369 3990 582 4061 constitutionis
591 4010 779 4078 apostolicam
793 4012 963 4067 cathedram
1014 4010 1444 4086 Quiergonequaquammistus
1455 4009 1650 4062 estextrancae
1663 3999 1769 4058 mulieri
1778 3997 1817 4052 ite

151 4095 220 4169 [At.,
230 4096 338 4170 sedem]
350 4097 437 4152 totius
446 4100 542 4170 posuit
552 4100 629 4155 orbis
640 4105 781 4158 terrarum
794 4105 964 4177 magistram
1015 4108 1082 4193 dere
1099 4107 1229 4179 nuptiali,
1246 4121 1302 4177 quo
1315 4106 1397 4176 pacto
1410 4118 1464 4174 per
1472 4100 1552 4155 nuda
1567 4095 1730 4170 sponsionis
1743 4089 1815 4145 verba

151 4188 226 4262 [uod.
237 4190 315 4255 Luc,
326 4191 553 4266 magistratum],
571 4198 602 4248 ut
616 4195 756 4268 quidquid
768 4197 872 4270 ubique
886 4184 964 4265 local
1014 4192 1134 4274 possunt
1149 4217 1207 4254 una
1218 4216 1284 4255 caro
1294 4197 1367 4266 itari,
1388 4196 1552 4251 nullatenus
1569 4192 1702 4247 valemus
1717 4180 1813 4241 intueri.

79 4282 83 4290 ‘
148 4300 213 4339 rum
225 4283 382 4354 dubitatur,
394 4286 429 4339 ab
438 4302 473 4340 ea
481 4287 555 4342 ratio
566 4288 696 4359 ejusdem
705 4291 877 4363 requiratur.
887 4295 963 4349 tttta-
1015 4295 1217 4367 Propinquitas
1228 4290 1308 4351 onim
1318 4290 1467 4363 sanguinis
1477 4287 1571 4342 verbis
1581 4285 1696 4351 dicitur,
1704 4291 1812 4336 nonver·

148 4382 196 4463 tus
209 4382 368 4463 astantem
389 4396 441 4434 nos
463 4381 520 4434 suis
544 4381 646 4437 litteris
671 4385 801 4455 ejusdem
820 4388 968 4443 cathedras
1014 4390 1058 4445 bis
1070 4389 1202 4459 efficitur,
1214 4387 1265 4445 sed
1276 4385 1351 4460 [Coti.
1369 4389 1444 4448 Luc„
1456 4399 1515 4437 non
1527 4379 1621 4435 verbis
1630 4365 1810 4438 efficitursadi

149 4464 300 4540 setim,
315 4489 347 4526 ac
360 4478 562 4544 percunctatus
576 4479 619 4530 est
633 4478 750 4549 quidam
765 4484 874 4536 vestras
897 4481 964 4554 [Ab
1015 4500 1110 4555 neque
1119 4471 1672 4553 osculnmparitpropinquitatem,quod
1685 4458 1809 4542 [Atquin]

150 4565 200 4637 vir]
217 4566 336 4620 nomine
348 4569 483 4637 ioannes,
498 4585 550 4641 pro
564 4571 707 4627 connubio
720 4572 786 4629 tiliae
800 4591 858 4630 suaa
871 4591 967 4647 super·
1016 4576 1199 4633 nidlamtacit
1208 4552 1809 4647 sanguiniscommixtionemouoniamieu

151 4659 237 4713 stitis:
252 4659 419 4731 cujussoror
429 4662 565 4718 defuncta
576 4664 691 4720 cuidam
701 4666 966 4740 juveni,Stephano
1015 4671 1055 4726 ita
1066 4687 1184 4745 prorsus
1197 4686 1258 4724 sese
1269 4669 1358 4724 habet
1369 4683 1415 4722 res
1426 4663 1545 4720 ioannis
1557 4660 1650 4728 istius,
1668 4661 1698 4714 ut
1706 4653 1767 4710 sctit
1777 4664 1809 4703 aa

151 4752 281 4824 nomine,
290 4750 467 4825 simplicibus
476 4756 569 4812 verbis
577 4759 672 4814 tuerat
682 4760 864 4833 desponsata,
879 4765 909 4817 et
918 4780 967 4819 an·
1016 4764 1141 4820 cundem
1159 4763 1248 4818 filiam
1259 4762 1314 4819 iltis
1337 4759 1444 4833 nuptiis
1468 4757 1617 4829 copulare,
1641 4752 1686 4808 cui
1705 4748 1808 4823 primam

151 4851 269 4920 tequam
293 4847 329 4902 ad
352 4848 466 4920 nuptias
486 4851 660 4921 perveniret,
681 4857 775 4909 morte
797 4859 964 4928 praeventa:
1012 4859 1075 4931 jam
1089 4858 1254 4913 decreverat
1266 4856 1451 4928 desponsare,
1467 4866 1590 4907 censura
1603 4840 1747 4920 apostoliqi
1762 4851 1808 4892 111⁸·

151 4946 247 4999 utrum
254 4941 967 5019 scilicctcumeodemjuvenepossitmatrimonum
1016 4953 1152 5024 gistratus
1165 4949 1398 5006 mandamushoc
1408 4947 1516 5019 absquo
1531 4943 1618 4998 ullius
1629 4927 1807 4996 cnminbritit

152 5036 292 5092 celebrari
306 5036 466 5109 superstitis
480 5038 556 5107 filiae,
571 5056 624 5094 nec
639 5057 687 5096 na.
701 5043 830 5115 Namque
845 5047 967 5100 testatus
1016 5063 1099 5120 posse
1109 5045 1182 5114 ficri,
1193 5045 1215 5099 si
1227 5041 1473 5115 utriusquepartis
1483 5037 1591 5094 sederit
1603 5026 1807 5092 voluntatiiirm

152 5130 432 5201 hujusreirationem
442 5132 682 5204 apudvoshabcri
693 5126 1005 5208 ambiguam.QuamC
1018 5158 1068 5197 cur
1090 5140 1287 5212 prohibeatur,
1301 5136 1379 5209 quod
1391 5131 1607 5208 prohibendum
1619 5129 1690 5201 tte,
1704 5113 1806 5198 prohibi·

152 5226 211 5279 Deo
226 5224 347 5279 docente
357 5225 506 5281 reddimus
519 5225 563 5281 his
578 5227 672 5283 verbis
684 5230 882 5288 certissimam.
896 5216 966 5289 P'ro·
1016 5235 1247 5307 tum]nuuquam
1254 5236 1354 5287 sancta
1363 5229 1510 5301 Scriptura
1516 5217 1806 5282 declarattseduequt

152 5319 291 5392 ῑῡΡῙὸθῐΰῦ
303 5318 360 5386 ῙῙῙΘ,
376 5319 458 5375 radix
475 5324 504 5375 et
517 5321 599 5394 origo
614 5328 711 5379 nostro
727 5321 800 5396 [Coei.
822 5328 899 5395 Luc,
913 5344 966 5383 no·
1017 5330 1172 5384 mundanas
1193 5329 1282 5399 leges,
1298 5322 1515 5382 connumeratis
1534 5317 1668 5392 personia
1681 5327 1740 5386 qua
1750 5308 1807 5362 init!

151 5412 225 5493 sira]
235 5412 395 5471 detractam
406 5413 459 5469 sibi
469 5419 578 5472 costam
591 5416 619 5471 in
629 5418 782 5474 mulierem
793 5418 968 5499 videreq-tius
1016 5440 1047 5482 se
1060 5424 1174 5496 nuptias
1188 5422 1268 5477 nont
1283 5420 1468 5496 contrahunt,
1484 5413 1520 5471 de
1532 5407 1700 5486 hujusmodi
1721 5389 1805 5472 aliquit

150 5492 968 5598 briturwshetieospirttuinteratiaprqtuitzrribtn'
1017 5519 1125 5576 dicunt.
1139 5519 1179 5574 Ne
1200 5532 1270 5589 ergo
1293 5513 1443 5586 abnegetis
1463 5509 1542 5584 quod
1563 5502 1728 5579 negandum
1747 5488 1805 5551 ”tlh

57 5629 70 5645 ·
150 5602 200 5681 tec
217 5604 352 5675 relinquet
366 5603 443 5658 mmo
456 5609 565 5675 patrem
581 5611 607 5662 et
628 5612 753 5679 matrem,
765 5594 969 5675 &adtactu
1016 5614 1128 5669 ratione
1143 5612 1251 5669 docetis
1266 5608 1335 5682 tat,
1349 5603 1540 5678 monstratist.

174 5749 248 5828 .⁰.⁰‘³
261 5748 316 5803 hoc
333 5748 417 5830 titulo
430 5751 459 5802 ut
476 5748 558 5802 estin
572 5750 675 5832 Codice
690 5753 819 5824 Lucensi,
836 5775 869 5811 su
891 5757 970 5819 enias
1053 5758 1111 5812 bin
1127 5756 1196 5815 Cod.
1209 5758 1277 5813 Luc.
1293 5757 1375 5812 deest
1386 5770 1452 5818 oon,
1466 5755 1497 5807 et
1515 5747 1655 5822 sequim,
1671 5723 1804 5800 ‘ww‘

152 5817 220 5872 dixi.
237 5820 398 5875 Deestvero
411 5836 441 5874 m
456 5819 563 5879 eodem
570 5820 674 5878 Codice
695 5840 749 5881 vox
762 5828 853 5899 putea.
913 5845 964 5887 aar.
1017 5829 1050 5885 de
1064 5846 1094 5885 re
1106 5830 1272 5900 btcjusmodt.
1285 5829 1370 5883 idem.

805 5998 830 6035 a
1524 5960 1565 6041 'fl'
