3884 6150
213 242 246 303 la
887 246 1023 303 usnimi
1044 247 1221 304 Db'lllENSlS
1856 254 1890 309 il

212 360 281 412 runt
291 357 393 412 breuem
407 371 460 413 esse
471 359 616 412 insaniam.
627 356 664 411 Ea
677 353 754 410 enim
765 353 809 408 sni
818 361 860 410 est
873 353 1021 427 impotens,
1033 368 1063 440 Α
1073 355 1192 424 animos,
1207 356 1256 410 sed
1273 354 1396 410 abducit.
1408 355 1516 412 Caetera
1526 356 1596 411 ritia
1606 356 1743 428 illiciunt;
1757 359 1798 443 ¹¹¹5*
1811 377 1889 433 vero,

212 449 387 505 obliviscitur
393 450 580 519 honestatem,
588 448 740 504 allectuum
753 448 913 519 immemor,
921 448 1024 503 rationi
1073 454 1106 504 ul
1126 449 1216 504 solent
1229 449 1349 504 llnmina
1363 450 1559 522 procellaeque,
1574 451 1740 523 praecipitat,
1755 455 1891 528 nullaque

211 544 390 616 consiliisque
409 545 557 615 praeclusa
578 542 647 597 dum
660 541 743 598 variis
759 542 864 615 agitata
875 541 975 610 causis,
988 541 1023 596 ad
1074 542 1164 613 magis
1188 549 1287 614 urget,
1314 543 1371 599 sive
1394 545 1467 598 valet
1492 545 1628 617 superba,
1655 545 1711 600 sive
1735 546 1892 607 frustratur

211 637 461 694 considerationem
471 635 588 707 justitim
602 634 736 691 inhabilis
750 634 877 692 elruinoe
887 636 918 691 m
927 634 1021 705 simul,

210 748 350 805 superque
363 732 392 785 iu
405 729 481 802 quod
493 729 673 801 oppresserit,
689 729 840 803 frangitur.

481 888 589 943 CAPUT
606 889 749 944 etlinun.

505 1003 542 1055 lle
555 1001 650 1055 babitu
668 1002 727 1055 ira.

242 1113 357 1169 Habitus
379 1110 470 1167 audax
491 1117 519 1167 et
538 1102 634 1167 nrinar
655 1112 758 1181 vultus,
783 1111 870 1167 tristis
892 1112 971 1167 frons
993 1117 1021 1167 et

206 1212 300 1263 torsus
320 1205 449 1272 intuitus,
464 1204 544 1259 faciei
561 1211 611 1261 aul
628 1205 716 1277 pallor
733 1210 782 1260 aut
795 1205 883 1260 rubor
899 1222 905 1259 :
922 1209 1021 1260 aestuat

205 1302 240 1357 ab
253 1301 318 1356 imis
332 1299 495 1371 praecordiis
510 1299 634 1371 sangnis,
644 1301 766 1370 llagrant
775 1303 803 1354 et
816 1300 922 1354 micant
933 1300 1018 1367 oculi,

205 1399 333 1450 tremunt
345 1393 429 1460 labia,
443 1393 672 1464 comprimuntur
684 1392 797 1462 dentes,
813 1392 911 1447 crebre
931 1398 959 1448 et
972 1409 1018 1448 ve·

205 1487 366 1543 hamentins
390 1490 452 1540 aeto
470 1485 593 1556 suspirio
619 1486 745 1558 quatitur
765 1490 873 1557 pectus,
897 1487 1019 1558 gemitus

204 1581 315 1648 anxius,
330 1585 358 1634 et
370 1579 454 1650 paulo
468 1580 617 1650 explanato
632 1596 700 1634 sono
715 1595 807 1634 sermo
823 1585 865 1635 est
881 1596 1017 1651 praeceps,

204 1673 301 1729 rabida
319 1668 395 1727 iocis
412 1672 533 1744 eruptio,
553 1673 623 1727 eolla
636 1673 781 1741 distendit,
798 1672 933 1744 inquietae
955 1690 1016 1728 ma-

203 1783 268 1836 nus,
287 1766 445 1838 saepiusque
466 1766 605 1838 compulsi
627 1766 715 1821 coitus
738 1765 904 1836 digitorum,
922 1756 1057 1827 dentesB

203 1859 331 1927 strident,
345 1859 445 1914 citatus
459 1859 572 1930 gradus
589 1859 753 1931 pulsataque
767 1859 885 1931 pedibus
900 1860 1015 1930 humus,

203 1958 280 2008 artus
300 1953 415 2023 trepidi,
431 1958 458 2007 et
480 1951 600 2006 instabili
619 1952 802 2008 llnctuatione
821 1958 913 2008 lotum
928 1953 1018 2008 conci·

202 2051 294 2101 tatum
306 2062 425 2117 eorpus3
436 2061 554 2116 magnas
565 2062 598 2101 ex
612 2063 641 2100 se
652 2046 797 2118 proferens
806 2047 861 2101 iras
874 2046 1017 2101 horribilis

200 2139 252 2208 ira,
273 2138 406 2210 depravat
427 2155 455 2194 se
483 2142 568 2210 atque
593 2139 769 2209 intumescit3
796 2140 834 2194 ita
855 2145 887 2194 ut
910 2140 1017 2195 nescias

200 2236 298 2287 utrum
322 2232 412 2303 magis
435 2232 598 2288 detestabile
620 2233 655 2288 sit
681 2233 792 2303 vitium,
820 2250 858 2287 an
879 2231 1015 2288 deforme.

200 2325 318 2389 Qualem
332 2331 413 2396 putas
422 2325 498 2380 intus
512 2341 571 2380 esse
584 2325 723 2395 animum,
738 2326 818 2397 quus
831 2331 909 2381 entra
921 2327 1016 2398 imago

199 2422 256 2472 tam
272 2419 345 2474 foeda
362 2419 425 2474 est?
441 2420 546 2474 Caetera
560 2418 627 2473 sitia
648 2419 860 2475 absconduntur
879 2424 906 2476 et
921 2420 950 2474 in
964 2420 1014 2474 ab·

199 2511 257 2567 dito
278 2512 437 2583 refugiunt3
454 2513 496 2567 ira
509 2529 538 2568 se
551 2513 654 2585 prodit,
668 2519 696 2569 et
708 2514 737 2568 in
751 2513 821 2568 faeie
834 2513 908 2584 exil3
922 2530 1014 2586 quan·

198 2608 283 2677 toque
301 2606 393 2677 major
409 2611 460 2676 est,
475 2611 553 2661 tanto
567 2607 743 2662 manifestius
756 2607 922 2663 exardescit.
939 2607 1014 2662 b‘ilril

198 2714 266 2770 ergo
279 2700 373 2755 minus
386 2716 472 2772 quam
484 2700 566 2756 irasci
578 2700 748 2773 prudentem
763 2700 851 2756 decet.

527 2848 635 2903 CAPUT
655 2849 688 2904 ll.

473 2962 509 3014 lle
526 2960 659 3028 effectibus
676 2962 735 3014 ire.

234 3069 277 3124 ira
294 3068 389 3124 emnia
408 3085 442 3124 ex
461 3068 568 3141 optimo
582 3075 610 3125 et
620 3070 778 3141 justissimo
792 3069 822 3125 in
839 3071 1013 3127 eontrarium

196 3168 296 3219 mutet.
310 3163 512 3235 Quemcunque
527 3162 689 3233 obtinuerit,
703 3163 809 3219 nullius
828 3181 895 3220 eum
908 3166 1010 3221 memi-

195 3256 269 3312 nisse
292 3256 376 3311 oliicii
396 3257 473 3311 sinit.
492 3257 531 3311 Da
552 3273 616 3311 eam
638 3257 722 3328 patri,
739 3257 872 3313 inimicus
894 3263 951 3328 est;
976 3260 1011 3314 da

195 3349 262 3416 lllio,
279 3349 420 3422 parricida
433 3354 490 3420 est;
505 3350 541 3405 da
560 3351 654 3418 matri,
670 3367 791 3405 noverca
809 3355 867 3420 est;
887 3352 921 3407 da
937 3353 1009 3425 regi,

193 3449 331 3516 tyrannus
352 3448 404 3499 est.
436 3445 478 3497 lra
499 3460 550 3498 nec
573 3444 603 3498 in
623 3444 730 3517 praeliis
755 3444 832 3500 utilis
856 3445 1008 3514 invenitur,

193 3537 259 3609 qaia
281 3537 310 3592 in
330 3537 520 3593 temeritatem
546 3554 636 3609 prona
658 3542 700 3593 est
707 3556 715 3607 3
740 3542 768 3594 et
790 3539 914 3610 pericula
941 3539 1010 3614 dnm

194 3630 299 3686 inferre
324 3631 393 3698 vult,
416 3646 473 3685 non
497 3635 590 3700 earel3
614 3632 747 3704 venitque
768 3633 798 3687 in
819 3633 903 3688 aliam
928 3639 1008 3706 pole·

193 3728 294 3778 sutem
315 3723 384 3777 dum
405 3729 522 3778 nonest
542 3723 571 3779 in
593 3741 653 3779 sua.
677 3726 719 3778 lra
740 3742 776 3780 ex
794 3726 908 3799 proprio
928 3726 1010 3783 libito

189 3816 312 3887 judicat3
334 3816 432 3870 andire
453 3832 510 3870 non
532 3817 601 3884 vult,
624 3833 676 3871 nee
696 3818 852 3888 patrocinio
871 3820 1010 3892 relinquit

192 3909 297 3964 locum.
320 3909 462 3964 iudicium
481 3925 565 3964 suum
583 3908 655 3981 eripi
674 3910 737 3980 sibi,
761 3912 871 3967 etiamsi
889 3930 1008 3984 prauam

192 4003 238 4070 sit,
258 4018 317 4058 non
335 4002 412 4057 sinit.
430 4005 512 4058 Amat
530 4007 559 4058 et
576 4007 672 4058 tuetur
690 4021 816 4060 errorem
838 4022 931 4076 suum,
956 4023 1008 4064 nee

191 4096 251 4152 vall
268 4095 360 4168 argui,
375 4096 487 4150 etiamsi
504 4096 592 4151 oculis
614 4097 762 4152 manifesta
775 4099 876 4155 veritas
892 4100 1006 4172 ingera-

191 4195 249 4248 tur.
264 4190 412 4246 Honestior
430 4189 472 4243 illi
493 4189 523 4244 in
544 4190 616 4245 male
631 4191 728 4262 coeptis
742 4193 906 4263 pertinacia,
921 4210 1008 4266 quam

190 4284 326 4342 eorrectio
343 4283 508 4340 testimalm·.
522 4284 654 4351 Quamvis
666 4284 744 4340 enim
757 4301 835 4341 vanae
848 4285 927 4342 illam
944 4304 1007 4343 eon·

191 4377 339 4434 citaverint
367 4394 421 4446 res,
442 4394 620 4450 perseverare
643 4379 713 4447 vult,
740 4394 776 4434 ne
795 4380 924 4436 videatur
947 4382 1007 4437 sine

1072 635 1180 690 insana.
1205 636 1266 690 lllia
1284 635 1351 690 vitia
1373 653 1389 690 a
1410 637 1529 704 ratione,
1553 637 1595 692 ira
1617 641 1749 693 autema
1771 643 1890 700 sanitate

1073 727 1203 799 discedit;
1227 746 1295 784 narn
1316 746 1367 785 nec
1390 730 1560 801 repulsam
1581 731 1696 787 taedium
1716 735 1811 806 agitur
1829 736 1913 807 sui;-

1072 821 1122 876 sed
1148 823 1197 876 ubi
1220 823 1395 878 adversarius
1421 823 1606 893 subtrabitur,
1630 842 1740 882 morsus
1767 846 1831 884 suos
1858 831 1890 885 in

1072 915 1251 987 semetipsam
1272 917 1420 972 convertit.
1439 917 1545 972 Cratera
1567 918 1635 972 vitia
1657 920 1784 993 singulos
1805 940 1891 995 qnos·

1071 1025 1126 1080 que
1144 1009 1312 1081 corripiunt,
1330 1011 1372 1066 ira
1388 1016 1484 1066 antem
1501 1011 1644 1067 interdum
1660 1014 1764 1070 multos
1777 1017 1890 1087 publice

1070 1102 1185 1171 invadit,
1212 1120 1278 1159 nam
1306 1120 1454 1176 nunquam
1479 1105 1599 1176 populns
1625 1107 1771 1163 universus
1799 1110 1887 1165 simul

1069 1195 1228 1252 fornicandi
1248 1198 1400 1270 cupiditate
1419 1215 1569 1253 succensus
1584 1204 1640 1269 est;
1659 1216 1711 1255 nec
1726 1201 1756 1256 iu
1775 1201 1890 1259 lucrum

1069 1291 1197 1361 pecunia
1216 1307 1296 1362 spem
1317 1307 1398 1346 suam
1416 1295 1474 1346 tota
1492 1291 1577 1347 simul
1597 1293 1692 1348 civitas
1716 1295 1810 1365 misit,
1836 1314 1890 1352 nec

1068 1383 1184 1438 honoris
1202 1384 1325 1440 ambitus
1342 1385 1482 1456 gregatim
1501 1389 1627 1455 cunctos,
1643 1386 1692 1441 sed
1708 1387 1812 1443 viritim
1834 1390 1892 1445 sin-

1069 1476 1151 1547 gulos
1170 1483 1287 1549 occupat
1308 1495 1315 1532 ε
1335 1483 1364 1532 at
1381 1495 1447 1534 vcro
1464 1479 1492 1533 in
1512 1478 1583 1534 iram
1601 1495 1656 1534 uno
1676 1497 1750 1551 saepe
1772 1482 1890 1553 agmine

1069 1570 1192 1625 curritur
1205 1572 1378 1627 cateruatim.

1373 1693 1482 1747 carm
1499 1693 1545 1747 lll.

1303 1798 1340 1850 lle
1354 1795 1440 1850 trebes
1453 1797 1502 1849 irre
1514 1795 1649 1850 remediis.

1104 1907 1133 1960 ln
1147 1904 1218 1960 iram
1232 1906 1358 1978 primum
1372 1906 1530 1962 remedium
1543 1910 1595 1975 est,
1604 1923 1661 1961 non
1678 1906 1756 1962 irasci
1769 1928 1777 1977 3
1789 1925 1888 1965 secun-

1067 1999 1146 2070 dnm,
1160 1999 1215 2054 cilo
1228 1999 1356 2056 desinere
1362 2018 1371 2069 3
1388 1999 1514 2068 tertium,
1527 1999 1625 2055 alienae
1634 2017 1745 2073 quoquc
1759 2001 1806 2057 ira
1823 2020 1886 2058 me·

1067 2091 1136 2147 deri.
1150 2092 1277 2149 Primum
1290 2097 1332 2149 est
1344 2110 1423 2165 ergo,
1438 2109 1473 2147 nc
1489 2092 1644 2147 incidamus
1658 2094 1687 2148 in
1702 2095 1772 2149 iram
1787 2113 1793 2149 ε
1809 2097 1888 2168 qnod

1067 2185 1089 2240 si
1104 2186 1243 2248 acciderit,
1257 2187 1412 2242 secuudum
1427 2185 1586 2241 remedium
1599 2191 1649 2254 cst,
1664 2205 1700 2242 ne
1715 2188 1744 2243 in
1764 2189 1805 2242 ira
1823 2206 1888 2260 pee-

1066 2295 1171 2335 cemus.
1192 2279 1261 2334 Nam
1280 2280 1353 2334 sicul
1371 2280 1400 2334 in
1423 2296 1574 2351 corporum
1590 2296 1667 2348 eura,
1690 2281 1797 2337 eliade
1820 2299 1888 2337 con·

1065 2373 1201 2428 servanda
1219 2373 1338 2428 sanitate
1357 2378 1498 2444 praecepta
1515 2377 1589 2450 sant,
1610 2372 1716 2428 eliade
1736 2375 1886 2430 medendis

1066 2466 1164 2521 niorbo
1183 2467 1336 2539 correptis,
1360 2467 1396 2520 ita
1413 2467 1488 2521 aliud
1502 2471 1544 2520 est
1561 2467 1634 2521 iram
1649 2468 1777 2522 cohibere
1790 2485 1826 2523 ne
1843 2471 1887 2524 in·

1064 2564 1171 2632 surgat,
1189 2560 1266 2615 aliud
1284 2576 1460 2632 compescere
1476 2559 1539 2631 jam
1560 2566 1692 2615 erectam.
1708 2560 1783 2616 Sicut
1805 2564 1885 2617 enim

1064 2670 1129 2725 pars
1143 2655 1271 2726 superior
1285 2660 1313 2709 et
1325 2653 1487 2727 propinqua
1500 2653 1652 2722 sideribus,
1668 2672 1720 2709 nec
1734 2655 1762 2709 in
1775 2656 1885 2711 nubem

1064 2748 1277 2820 constringitur,
1304 2765 1355 2803 nec
1381 2748 1410 2802 in
1437 2746 1580 2802 turbinem
1608 2749 1739 2816 vertitur3
1766 2748 1886 2804 inferior

1064 2856 1129 2896 vero
1145 2841 1247 2912 suprius
1264 2841 1451 2900 fulminatur:
1469 2840 1568 2895 codem
1582 2841 1665 2895 modo
1680 2841 1807 2896 sublimis
1819 2843 1883 2897 ani·

1063 2950 1136 3002 mus,
1149 2935 1261 3006 quietus
1276 2951 1388 3006 semper
1405 2938 1433 2990 et
1450 2934 1478 2988 in
1501 2934 1653 3006 tranquilla
1672 2934 1791 2990 statione
1811 2936 1885 2991 loca-

1062 3030 1116 3094 tus,
1132 3027 1226 3082 emnia
1241 3027 1314 3082 inira
1327 3044 1356 3083 se
1371 3044 1504 3099 premens
1518 3027 1622 3099 quibus
1637 3027 1678 3081 ira
1690 3028 1880 3097 contrahitur,

1023 3122 1207 3199 Crnodeslus
1227 3138 1259 3175 ac
1278 3121 1446 3177 venerabilis
1469 3121 1621 3176 invenitur.
1644 3122 1761 3175 liniatus
1785 3127 1882 3177 aulem

1060 3215 1110 3286 qui
1132 3215 1162 3269 in
1183 3214 1297 3286 negotia
1318 3214 1408 3269 mulla
1429 3214 1561 3269 discurrit
1582 3218 1609 3268 et
1631 3214 1706 3268 varia
1727 3219 1825 3284 tentat,
1851 3215 1882 3270 in

1060 3308 1156 3362 multis
1175 3308 1275 3364 incidit
1294 3307 1425 3380 querelis.
1439 3307 1518 3362 Alius
1535 3323 1615 3378 spem
1634 3307 1695 3378 ejus
1712 3307 1792 3376 fallit,
1808 3307 1882 3364 alius

1060 3400 1164 3471 differt,
1187 3401 1259 3456 alius
1279 3401 1450 3473 intercipit:
1470 3405 1554 3473 atque
1574 3400 1613 3455 ita
1632 3400 1761 3455 omnium
1783 3417 1881 3456 rernm

1060 3494 1170 3550 exsistit
1187 3495 1348 3567 impatiens,
1364 3498 1392 3549 et
1410 3511 1444 3549 ex
1461 3493 1609 3550 levissimis
1628 3494 1758 3548 irascitur
1776 3495 1879 3561 causiS,

1059 3604 1135 3643 nilne
1158 3605 1296 3660 personae,
1318 3605 1394 3649 anne
1414 3587 1538 3659 negotio,
1560 3604 1635 3642 nunc
1653 3588 1783 3658 tempori,
1803 3604 1880 3644 nime

1059 3681 1130 3749 loeo,
1142 3688 1217 3737 nune
1231 3682 1293 3737 sibi.
1309 3684 1343 3738 Ut
1359 3699 1428 3753 ergo
1449 3681 1560 3754 quietus
1578 3681 1615 3736 sit
1632 3681 1742 3736 animus
1763 3697 1820 3736 non
1837 3687 1880 3738 est

1058 3776 1213 3831 multarum
1232 3792 1329 3831 rernm
1349 3780 1413 3831 actu
1426 3774 1580 3842 lassandus,
1595 3791 1646 3830 nee
1662 3791 1830 3846 magnarum
1845 3791 1879 3830 ae

1058 3885 1143 3940 supra
1160 3869 1233 3923 vires
1251 3869 1452 3941 appetitarum.
1473 3868 1561 3923 Facile
1580 3872 1622 3923 est
1640 3867 1717 3922 eninr
1735 3867 1807 3922 leria
1831 3884 1879 3939 ap—

1057 3961 1163 4033 plicare
1189 3961 1359 4031 cervicibus,
1388 3967 1415 4018 et
1438 3963 1468 4018 in
1488 3961 1653 4017 utmmlibet
1675 3966 1785 4033 partem
1816 3960 1878 4018 sine

1057 4054 1138 4130 lapsu
1151 4055 1314 4112 transferre.

1377 4150 1486 4206 CAPUT
1509 4149 1553 4205 lV.

1233 4261 1270 4313 lle
1283 4260 1370 4313 causis
1383 4257 1480 4328 quiens
1494 4258 1629 4313 errasciter
1642 4259 1696 4311 ira.

1092 4379 1195 4434 Contra
1215 4378 1321 4444 primas
1340 4390 1409 4446 ergo
1428 4390 1525 4429 causas
1545 4373 1594 4428 irre
1614 4371 1800 4444 pugnandum
1820 4376 1875 4428 est.

191 4487 275 4526 cansa
292 4472 417 4541 empisse.
434 4473 468 4527 Et
480 4472 556 4544 quod
568 4478 611 4528 est
622 4472 757 4545 iniquius,
772 4473 841 4528 dnm
855 4474 1005 4544 retinetur,
1017 4500 1047 4574 D
1057 4476 1146 4531 Causa
1166 4479 1261 4530 autem
1278 4469 1338 4538 irae,
1354 4464 1449 4540 opinio
1462 4473 1504 4522 est
1516 4466 1627 4537 injuriae
1644 4482 1651 4520 :
1666 4465 1713 4519 cui
1725 4482 1782 4519 non
1794 4464 1877 4521 lacile

191 4562 223 4619 lit
239 4563 410 4635 pertinacior
421 4568 450 4619 el
462 4567 596 4637 augescit,
611 4566 692 4639 quasi
705 4567 759 4621 hoc
775 4567 870 4641 ipsum
885 4568 1009 4639 graviter

190 4655 272 4712 irasci
286 4655 371 4728 justae
387 4656 437 4710 irae
452 4655 488 4710 sit
507 4662 720 4729 argumentum.
734 4662 813 4726 Quod
831 4662 855 4717 si
868 4666 1008 4733 quantam

191 4750 326 4818 minatur,
342 4753 453 4805 mulam
470 4751 600 4819 ralnerit,
614 4752 650 4806 ob
669 4753 722 4807 hoe
741 4753 825 4808 etiam
845 4754 911 4826 qnia
929 4757 1008 4812 terri-

189 4843 254 4899 bilis
275 4845 325 4911 est,
346 4843 468 4915 amplius
489 4848 530 4900 est
549 4843 649 4900 inrisa.
674 4845 702 4902 si
726 4861 792 4900 vero
817 4847 876 4901 sine
901 4850 1007 4906 viribus

191 4940 247 5007 est,
271 4937 446 5008 contemptui
474 4940 516 4993 est
539 4937 631 5009 magis
660 4939 800 5010 exposita,
824 4941 1006 5016 derisumque

190 5046 247 5085 non
260 5030 348 5103 lngit3
365 5030 414 5086 scd
432 5030 618 5102 periculosius
636 5035 678 5088 est
695 5032 776 5101 illud,
791 5035 886 5088 tamen
906 5037 1005 5108 tutius,

190 5123 306 5196 despici.
334 5123 438 5179 Omnes
469 5124 536 5180 alias
566 5125 708 5197 passiones
733 5125 775 5181 ira
806 5127 859 5183 sibi
881 5128 1006 5184 subditas

190 5216 266 5286 facit,
286 5217 420 5291 nudaque
445 5222 487 5274 est
506 5219 625 5275 ambitio
650 5220 738 5277 animi
759 5220 788 5275 in
810 5237 866 5293 qna
887 5221 929 5276 ira
947 5239 1006 5279 non

190 5309 352 5366 dominetur
359 5329 367 5380 ;
384 5316 412 5366 et
423 5312 569 5367 avaritiam
582 5314 738 5384 pessimum
750 5314 859 5371 malum
872 5314 1004 5370 minime·

189 5420 246 5478 que
258 5402 381 5459 flexibile
391 5404 432 5458 ira
441 5406 540 5469 calcat.
550 5406 664 5471 Qiroties
677 5407 780 5464 scilicet
793 5407 881 5463 iratus
893 5409 1006 5465 animus

189 5514 256 5572 opes
274 5514 339 5553 suas
355 5498 470 5552 adactus
484 5499 606 5571 spargit!
625 5501 739 5565 Quoties
752 5518 855 5575 magno
868 5502 1005 5558 aestimata

190 5592 281 5667 pretio
292 5590 417 5663 insignia
430 5591 560 5664 projicit!
579 5593 630 5648 lrae
643 5593 775 5652 violentia
796 5598 954 5670 repentine,
977 5603 1006 5656 et

188 5686 320 5747 universa
331 5689 375 5744 est
387 5703 394 5743 :
406 5700 464 5743 non
478 5685 615 5760 paulatim
627 5689 768 5762 procedit;
784 5691 833 5748 sed
848 5691 917 5750 dum
931 5691 1003 5750 inei·

182 5781 241 5855 pit,
256 5787 313 5838 tola
334 5785 390 5854 est;
410 5797 462 5838 nec
483 5779 604 5840 aliorum
621 5781 755 5841 vitiorum
776 5801 856 5843 more
873 5787 1004 5844 sollicitat

1058 4575 1100 4625 est
1121 4567 1303 4636 credendum,
1326 4580 1378 4620 nec
1398 4561 1503 4634 apertis
1524 4559 1640 4632 quidem
1661 4558 1876 4628 nranilestisque

1057 4661 1308 4734 conjectationibus
1324 4657 1418 4714 statim
1435 4660 1478 4710 est
1491 4653 1692 4718 accedendum,
1707 4651 1774 4722 quia
1788 4651 1877 4705 inter-

1057 4756 1126 4812 dum
1140 4755 1208 4810 falsa
1220 4755 1279 4810 reri
1297 4752 1420 4825 speciem
1432 4750 1539 4804 serunt.
1556 4745 1748 4801 Differendum
1761 4760 1876 4814 semper

1057 4853 1099 4906 est
1115 4854 1228 4920 tempus
1242 4865 1248 4902 :
1264 4846 1366 4901 dilatus
1385 4844 1444 4899 dies
1457 4841 1566 4914 aperiet
1578 4839 1735 4894 veritatem.
1751 4837 1812 4891 Non
1829 4836 1873 4891 ia-

1056 4943 1108 4999 cile
1122 4959 1204 4998 aures
1223 4938 1438 4996 criminantibus
1456 4937 1585 5008 pateant3
1606 4932 1654 4987 scd
1673 4932 1726 4987 hoc
1740 4932 1873 4986 hnmanae

1056 5040 1165 5093 natura
1177 5036 1278 5092 vitium
1297 5035 1458 5105 suspectum
1471 5031 1628 5098 notumque
1641 5027 1677 5080 sit
1691 5024 1782 5094 nobis,
1796 5024 1875 5094 quod

1056 5147 1089 5186 ea
1098 5148 1162 5203 quae
1175 5128 1257 5185 inviti
1267 5127 1408 5194 andimus,
1420 5123 1499 5179 facile
1508 5121 1659 5187 credimus,
1671 5123 1699 5174 et
1712 5118 1872 5173 irascimur.

1056 5223 1135 5281 llulti
1148 5224 1225 5280 enim
1237 5218 1445 5293 suspicionibus
1454 5216 1653 5287 impelluntur,
1664 5219 1691 5268 el
1701 5229 1736 5266 ex
1745 5211 1825 5266 vultu
1839 5212 1877 5266 ri·

1056 5335 1145 5391 suque
1161 5316 1253 5372 alieno
1274 5314 1371 5387 pejora
1388 5309 1576 5382 interpretati,
1591 5306 1789 5361 innocentibus
1801 5305 1873 5359 iras-

1055 5417 1168 5466 cuntur.
1180 5409 1336 5465 Plurimum
1353 5405 1420 5461 mali
1432 5402 1583 5459 credulitas
1597 5401 1673 5455 lacit.
1685 5398 1875 5464 Quamobrem

1055 5520 1129 5575 sape
1150 5521 1201 5560 nec
1220 5502 1394 5560 audiendum
1411 5498 1528 5571 quidem
1547 5500 1598 5563 est,
1615 5498 1700 5565 atquc
1723 5508 1759 5547 ex
1779 5491 1875 5547 animo

1055 5596 1178 5654 tollenda
1198 5597 1330 5671 suspicio.
1345 5596 1495 5665 Nunquam
1514 5587 1723 5662 argumentatio
1741 5586 1830 5652 deest,
1847 5589 1876 5641 et

1053 5691 1222 5764 conjecturae
1242 5690 1419 5748 irritamenta
1439 5683 1557 5742 salacia.
1580 5681 1762 5754 Simplicitate
1781 5683 1808 5736 et
1828 5678 1876 5735 be-

1053 5785 1141 5857 nigna
1155 5803 1252 5844 rerum
1264 5780 1450 5843 estimatione
1463 5796 1536 5855 opus
1548 5782 1590 5836 est
1603 5776 1656 5834 uti.
1671 5775 1745 5833 Nihil
1759 5773 1874 5831 credere
