3884 6150
124 283 180 334 1165
561 278 741 335 IUSTlNthl
766 278 929 334 NOVELLAE
947 278 1112 334 SELECTAE.
1133 279 1287 336 neruum
1304 278 1358 336 XV.
1748 288 1798 343 966

122 389 240 441 tantnm
248 385 301 440 ista
317 384 478 456 perficiam,
494 386 544 440 sed
558 386 645 441 etiam
660 387 708 458 qui
724 402 852 458 unquam
867 384 939 440 mihi
949 397 978 470 Α
989 402 1143 442 numerum
1159 387 1235 443 intra
1245 403 1412 442 mensuram
1419 387 1615 458 cohibeantur,
1628 406 1798 465 semperque

123 479 263 547 assident,
277 479 384 550 quique
397 479 473 534 circa
488 495 534 533 me
550 482 626 546 sunt,
642 480 715 534 tales
729 479 848 535 studebo
863 495 940 533 assu·
985 480 1096 551 justitia
1111 485 1139 535 et
1152 481 1214 535 aliis
1233 483 1403 552 augeantur,
1416 482 1565 554 magisque
1579 501 1611 539 ac
1625 485 1717 557 magis
1732 486 1798 543 illu·
1855 541 1857 544 .

123 588 217 639 mere,
234 575 338 626 utnon
353 573 430 627 solus
445 588 499 643 ego
515 571 685 627 innocenter
699 572 802 641 virere,
814 572 864 643 qui
873 587 938 626 vero
989 577 1116 629 strentur
1122 573 1281 629 virtutibus.
1292 575 1406 629 Nullam
1416 575 1495 630 enim
1502 576 1673 647 dignitatem
1688 579 1799 635 obtinet

123 665 203 720 circa
218 681 266 720 me
285 670 360 731 suut,
377 681 490 736 rapere,
507 668 536 719 et
552 665 719 736 delinquere
735 665 896 720 videantur.
912 664 939 720 Si
988 667 1133 721 multitulo
1155 683 1219 738 quoe
1234 668 1294 723 solo
1311 671 1455 738 spectatur
1471 685 1604 736 numero,
1621 672 1799 745 quandoqui-

125 758 192 830 qnis
204 762 300 813 autern
310 758 383 812 circa
390 773 438 812 me
448 758 513 812 talis
524 758 693 826 invenietur,
704 757 940 830 praestabo,quod
990 758 1057 814 dem
1069 776 1102 814 ex
1112 762 1173 815 tarn
1184 742 1281 815 multis
1291 760 1335 814 rix
1345 777 1451 832 paucos
1462 763 1598 833 reperias,
1610 762 1640 816 in
1651 764 1753 834 quibus
1762 766 1801 820 ri·

124 850 188 923 ipse
204 851 330 920 admisit,
346 867 470 922 eumque
487 851 611 924 abigam.
632 851 714 916 Quod
730 852 754 906 si
767 868 826 906 non
842 850 940 906 omnia
988 853 1184 909 tasecnndum
1192 853 1326 908 virtutem
1336 855 1413 909 salva
1422 854 1799 927 sit.0uapr0ptermaneaut

125 945 198 1012 haec,
211 948 243 998 nt
252 944 319 1010 dixi,
331 944 526 1012 observarem,
541 944 674 1000 omnibns
686 943 880 1001 incommodis
889 960 938 998 ero
989 945 1106 1018 quidem
1124 947 1165 1018 (ut
1185 945 1319 1017 diximus)
1336 963 1411 1001 nunc
1429 946 1480 1002 sub
1496 947 1551 1002 hec
1567 948 1670 1004 forma.
1690 951 1800 1022 Cogno-

127 1038 280 1109 expositus,
297 1041 356 1092 tarn
370 1036 415 1092 hic
426 1054 524 1109 quam,
541 1037 570 1092 in
588 1039 685 1093 futuro
699 1038 813 1106 soeculo,
828 1037 858 1092 in
875 1037 940 1092 hor·
989 1056 1070 1094 scens
1079 1054 1147 1094 vero
1164 1056 1198 1094 ea
1209 1039 1378 1094 excellentia
1392 1042 1452 1107 tua,
1461 1040 1501 1094 ita
1514 1041 1663 1110 custodiat,
1677 1045 1798 1100 utnulla

125 1131 219 1185 rendo
229 1129 337 1201 judicio
348 1130 569 1202 magniDomini
577 1130 639 1201 Dei,
651 1133 681 1186 et
688 1130 840 1186 servatoris
850 1129 940 1185 nostri
989 1149 1118 1204 unquam
1131 1134 1261 1204 tempore
1273 1133 1409 1187 transiliri
1422 1149 1520 1188 eorum
1528 1134 1635 1206 aliquid
1644 1151 1708 1206 quoe
1719 1153 1735 1189 a
1747 1153 1797 1193 no·

125 1224 194 1289 Jesu
204 1224 318 1291 Christi,
328 1223 495 1295 habeboque
506 1229 619 1296 partem
627 1241 692 1279 cum
705 1224 786 1299 luda,
794 1227 821 1279 et
828 1224 939 1294 lepram
987 1225 1032 1280 bis
1047 1225 1395 1296 sancitasuntpermittat,
1404 1225 1473 1297 quin
1484 1227 1578 1296 potius
1589 1227 1624 1281 ab
1634 1226 1669 1281 iis
1679 1229 1728 1300 qui
1736 1230 1799 1284 haec

124 1315 213 1383 Giezi,
225 1319 422 1372 ettremorem
437 1317 517 1385 Cain,
533 1318 608 1372 ultra
623 1317 686 1387 hoc,
696 1317 772 1389 quod
783 1317 937 1388 etiampoe·
989 1321 1089 1373 contra
1097 1307 1453 1389 quidfaciuntpraedictam
1461 1334 1578 1389 poenam
1587 1320 1690 1390 exigat,
1699 1324 1797 1393 utpote

123 1409 244 1481 nislege
258 1425 360 1465 eornm
371 1409 487 1481 pietatis
504 1410 717 1482 comprehensis
725 1426 773 1465 ero
789 1409 937 1465 obnoxius.
988 1414 1037 1485 qui
1059 1431 1093 1469 ea
1107 1415 1244 1484 expetant
1262 1429 1325 1484 quae
1343 1429 1437 1483 neque
1450 1417 1548 1484 petere
1564 1414 1684 1484 licitum,
1702 1424 1796 1488 n'eque

162 1504 299 1573 scriptum
315 1504 465 1573 ercemptum
491 1503 573 1572 hujus
591 1505 728 1559 nominee
749 1503 938 1572 ebriosissimo
989 1506 1050 1561 dari
1065 1506 1199 1578 possibile
1217 1510 1268 1560 est.
1286 1507 1380 1577 Atque
1395 1506 1435 1559 ita
1449 1522 1564 1577 prorsus
1574 1511 1671 1562 nostra
1683 1509 1745 1563 haec
1752 1511 1795 1564 lex

122 1596 327 1665 pulueream
336 1598 526 1666 preterieram
534 1598 674 1666 praesecto.
988 1600 1170 1656 multitudine
1186 1599 1301 1670 expulsa
1312 1597 1447 1653 virtutem
1463 1597 1590 1667 inducat,
1601 1616 1665 1671 quse
1682 1618 1740 1657 uon
1748 1602 1798 1657 ad-

988 1694 1109 1750 modum
1122 1693 1152 1747 in
1162 1691 1407 1758 multiselucescit,
1421 1692 1580 1763 praesertim
1590 1692 1662 1747 iniis
1673 1694 1740 1748 riris
1749 1695 1799 1766 qui

427 1783 584 1839 NOVELLA
596 1784 638 1838 Xl.
948 1758 1104 1843 Btametsi
1116 1786 1199 1841 bouis
1209 1783 1344 1856 prognati
1354 1785 1421 1837 sunt
1432 1784 1609 1855 parentibus,
1620 1785 1750 1843 fortunas
1760 1792 1800 1844 ta-

989 1897 1057 1936 men
1066 1896 1098 1934 ac
1107 1879 1256 1933 facultates
1267 1894 1331 1931 suas
1342 1876 1371 1930 in
1381 1875 1558 1948 exponendis
1566 1879 1727 1950 supplicum
1737 1898 1801 1952 pre·

989 1973 1077 2040 cibus,
1094 1975 1123 2027 et
1140 1971 1321 2042 impetrando
1335 1970 1419 2024 illisa
1436 1969 1518 2025 nobis
1541 1971 1645 2026 auxilio
1660 1973 1800 2043 repositas

166 2066 326 2137 imperator
340 2064 515 2120 lastinianus
534 2065 677 2136 Angustus
691 2061 862 2134 Hermogeni
875 2063 938 2133 glo·
989 2067 1107 2121 habent.
1128 2064 1196 2128 Quae
1211 2063 1299 2134 igitur
1319 2062 1402 2117 nobis
1414 2063 1593 2133 placuerunt,
1617 2065 1645 2117 et
1661 2066 1800 2135 perhanc

126 2157 352 2214 riesissimorum
369 2174 516 2213 sacrorum
538 2157 698 2213 officiorum
723 2157 871 2227 magistro,
889 2172 938 2211 ex·
990 2174 1101 2214 sacram
1118 2155 1317 2228 exprimuntur
1335 2157 1441 2226 legem,
1455 2172 1490 2210 ea
1505 2156 1619 2211 studeat
1633 2157 1800 2213 excellentia
1867 2174 1874 2186 ¹

126 2253 245 2308 consule
261 2256 289 2306 et
300 2251 430 2322 patricio.
989 2255 1039 2307 tua
1058 2251 1095 2305 ad
1116 2249 1249 2304 eflectum
1272 2247 1425 2316 deducere,
1449 2251 1584 2321 certoque
1606 2248 1658 2303 fini
1673 2249 1798 2305 tradere.

164 2347 243 2399 lnter
260 2347 365 2399 caetera
380 2360 443 2415 quae
457 2343 487 2399 in
506 2343 657 2399 decentem
678 2341 808 2398 ordinem
823 2341 938 2397 reduxi·
989 2340 1054 2396 Dat.
1066 2338 1136 2394 ldib.
1152 2337 1226 2404 Maii,
1240 2336 1456 2408 constantinop.
1468 2336 1604 2392 Bclisario
1614 2355 1641 2392 r.
1655 2355 1679 2392 c.
1693 2355 1751 2393 cos.

126 2454 204 2504 mus,
215 2453 308 2509 neque
320 2453 353 2493 ee
359 2453 423 2509 quae
431 2436 596 2508 spectabiles
604 2439 717 2491 nostros
727 2435 940 2490 referendarios
1278 2487 1437 2542 NOVELLA
1450 2488 1494 2543 xv
1647 2420 1651 2425 ⁵

129 2536 317 2598 concernunt,
335 2533 416 2586 extra
429 2529 616 2601 providentiae
625 2534 729 2585 nostrae
739 2527 880 2584 terminos
894 2544 939 2582 re·
1496 2528 1503 2542 '

128 2624 288 2695 linquenda
297 2622 467 2695 putarimus,
478 2622 564 2694 idque
580 2638 613 2676 eo
630 2622 723 2692 magis
736 2637 792 2693 quo
811 2619 941 2692 pluribus
1195 2594 1232 2646 ΒΘ
1245 2590 1430 2657 mmmm
1444 2592 1593 2645 wimmm·

128 2716 160 2771 in
170 2717 257 2772 rebus
265 2733 372 2788 magno
382 2716 465 2771 nobis
474 2731 536 2770 esse
546 2714 719 2770 solentnsni.
730 2715 801 2768 Nam
812 2729 878 2768 cum
888 2711 940 2767 iui-
1029 2715 1186 2784 imperator
1199 2709 1375 2766 lastinianus
1387 2711 1531 2781 Augustus
1542 2705 1646 2764 loanni
1660 2709 1803 2781 gloriosis·

100 2875 104 2879 ¹
127 2808 169 2864 tio
179 2825 238 2864 non
246 2811 344 2881 amplo
354 2808 511 2864 admodum
521 2806 751 2863 numeroinclusi
761 2809 864 2874 essent,
877 2821 940 2872 nos,
991 2805 1064 2862 simo
1086 2805 1221 2876 praefecto
1243 2801 1455 2875 praetoriorum,
1472 2801 1577 2857 iterum
1599 2805 1750 2859 exconsule
1774 2809 1803 2858 et

130 2917 188 2974 quo
200 2902 292 2974 magis
308 2903 411 2957 multos
425 2902 540 2957 illorum
553 2899 717 2956 interventu
730 2899 940 2970 adjuvaremus,
991 2898 1121 2972 patricio.

127 2995 239 3050 facilins
247 2995 426 3066 singulorum
437 2993 580 3050 desideria
591 2993 796 3065 perdiscentes,
805 2994 837 3046 ut
846 2993 943 3063 plures
1026 2991 1084 3047 Nisi
1095 2990 1188 3062 primo
1202 2992 1456 3060 quoquetempore
1472 2987 1658 3044 defensorum
1673 2989 1804 3046 sollicitu-

131 3090 320 3159 essentquam
334 3088 443 3143 dudum
452 3087 608 3143 effecimus.
621 3087 761 3142 Craterum
775 3084 942 3141 exstiterunt
993 3085 1091 3141 dinem
1106 3085 1135 3139 in
1147 3084 1360 3153 competentem
1369 3081 1542 3136 reducamus
1552 3082 1694 3151 ordinem,
1709 3100 1803 3155 neque

131 3179 261 3252 quidam,
281 3181 330 3252 qui
346 3180 548 3235 liberalitatem
563 3182 692 3235 nostram
714 3178 751 3232 ad
767 3177 942 3232 immensum
992 3178 1053 3250 ipsa
1064 3177 1249 3249 antiquorum
1258 3174 1463 3229 vocabulorum
1477 3174 1583 3228 veritas
1602 3174 1697 3229 denuo
1721 3176 1803 3230 nobis

129 3277 330 3346 provocantes,
341 3269 446 3344 partim
459 3274 565 3327 multos
573 3271 794 3337 introducendo,
802 3269 851 3342 qni
861 3269 943 3324 nobis
992 3268 1194 3341 suppeditabit.
1205 3268 1277 3323 Nam
1287 3283 1352 3321 curn
1364 3269 1528 3321 aretustate
1538 3267 1601 3321 aliis
1614 3267 1670 3321 alia
1685 3267 1741 3322 sint
1751 3267 1804 3322 im·

129 3366 334 3437 supplicarent,
344 3366 452 3437 partim
464 3365 562 3421 multis
581 3365 687 3420 utendo
701 3362 842 3435 precibus,
852 3361 943 3433 digni·
991 3362 1084 3436 posita
1099 3360 1229 3426 nomina,
1242 3375 1307 3430 quae
1320 3363 1418 3429 aperte
1427 3375 1526 3413 earmn
1537 3375 1635 3413 rerum
1647 3358 1703 3413 vim
1717 3359 1805 3431 signi·

294 1921 332 1974 De
345 1917 539 1985 referendariis
552 1918 625 1972 roco
633 1916 763 1985 poteriis.

129 3443 943 3530 tatisplenissimamremquotidianisadditamentispene
992 3457 1122 3522 ficarent,
1135 3456 1197 3507 tum
1210 3468 1277 3507 vero
1300 3452 1354 3506 hoc
1368 3451 1463 3523 ipsum
1484 3450 1670 3507 defensorum
1696 3467 1804 3507 nomen

129 3550 167 3605 ad
178 3549 325 3606 infinitum
341 3550 530 3606 deduxerunt.
546 3551 642 3622 Neque
658 3548 814 3605 enimenta
825 3545 943 3618 petendi
993 3549 1069 3603 clare
1084 3545 1218 3612 ostendit,
1244 3547 1414 3599 vetustatem
1432 3543 1572 3615 quosdam
1600 3545 1686 3599 rebus
1700 3546 1774 3617 praef
1792 3575 1802 3587 -

128 3643 221 3698 finem
236 3643 374 3725 fecerunt,
386 3660 474 3714 qnam
488 3644 517 3698 iu
528 3641 805 3714 quatuordenarium
814 3657 902 3713 usque
913 3639 944 3694 il·
993 3640 1073 3706 cisse,
1090 3638 1138 3711 qui
1159 3638 1195 3692 ab
1220 3637 1301 3692 omni
1316 3652 1364 3690 eas
1387 3635 1493 3706 injuria
1512 3636 1616 3691 liberas
1632 3640 1803 3711 tuerentur;

128 3736 228 3792 lorum
234 3751 372 3791 numerus
383 3737 526 3791 eraderet.
536 3736 575 3790 Ne
586 3734 674 3806 igitur
680 3735 825 3807 quodjure
834 3751 851 3788 a
860 3733 944 3788 nobis
993 3732 1104 3805 hacque
1119 3731 1192 3786 adeo
1206 3730 1246 3785 de
1256 3745 1341 3784 causa
1363 3728 1457 3800 patria
1472 3729 1631 3784 etiamnum
1644 3731 1744 3802 lingua
1755 3733 1803 3789 de·

128 3829 162 3884 in
172 3828 265 3900 pretio
271 3828 402 3884 habitum
411 3832 463 3896 est,
471 3828 537 3883 siad
544 3827 760 3884 multitudinem
769 3826 942 3893 effundatur,
993 3826 1122 3883 feusores
1135 3840 1184 3879 eos
1195 3839 1339 3892 vocamus,
1354 3821 1432 3893 quod
1445 3821 1550 3893 injuria
1558 3839 1735 3896 oppressosa
1746 3843 1807 3883 ma·

128 3936 214 3977 suam
231 3921 344 3976 amittat
362 3921 541 3993 dignitatem,
561 3921 669 3992 placuit
688 3919 769 3975 nobis
782 3920 818 3974 ad
836 3923 944 3974 certam
993 3920 1027 3977 lis
1042 3919 1194 3991 eriperent.
1210 3917 1366 3971 Nuncvero
1382 3932 1416 3970 ea
1428 3915 1490 3987 ipsa
1504 3915 1690 3973 defensorum
1705 3920 1806 3976 sollici·

129 4013 247 4069 illorum
261 4030 414 4070 numerum
424 4025 590 4069 mensuram
603 4015 783 4082 contrahere,
794 4029 852 4068 non
863 4015 895 4067 ut
911 4011 944 4066 iis
993 4008 1063 4064 tudo
1078 4007 1119 4062 ita
1142 4006 1171 4061 in
1189 4005 1334 4078 plerisque
1356 4003 1522 4076 reipublicae
1548 4009 1654 4062 uostrae
1677 4009 1805 4078 partibus

131 4111 183 4184 qui
197 4112 252 4167 hoe
268 4114 396 4185 [empore
409 4115 485 4181 suni,
499 4129 632 4168 eeneesga
651 4113 824 4184 derogemus
839 4110 944 4183 (neque
993 4098 1158 4170 PPOCUiCRifl
1173 4099 1225 4165 fisi»,
1236 4100 1265 4151 ei
1278 4096 1466 4150 vehementer
1478 4095 1640 4168 despifflilli
1657 4097 1763 4166 habim,
1775 4102 1806 4153 ut

131 4205 214 4260 enim
230 4205 318 4276 κείω
331 4207 386 4261 hoc
405 4205 627 4276 magnificentia,
639 4206 789 4278 proprium
805 4203 857 4276 est)
872 4220 943 4274 μω.
995 4187 1176 4244 contumeliae
1191 4185 1387 4257 potiusquam
1403 4183 1505 4239 honori
1528 4186 1558 4237 et
1574 4183 1707 4255 dignitati
1722 4186 1805 4240 alicui

131 4298 308 4352 „enimcum
316 4299 465 4354 neminem
479 4315 577 4354 eorum
586 4298 722 4370 quinohig
733 4298 875 4369 praemi,
886 4295 946 4368 qui.
994 4281 1123 4352 exposita
1136 4297 1197 4334 esse
1212 4278 1352 4333 videatur.
1366 4276 1436 4331 lude
1450 4276 1562 4330 obscuri
1577 4276 1614 4330 ed
1626 4277 1700 4332 banc
1710 4277 1804 4332 homi·

133 4405 192 4462 que
203 4389 284 4445 nobis
299 4391 419 4447 honeste
432 4393 728 4459 subserviunt,uostr0
738 4389 880 4461 expellere
889 4389 943 4443 mi·
995 4390 1046 4428 11θῦ
1059 4374 1251 4438 assumuntur,
1267 4373 1296 4424 ⁰2
1307 4369 1422 4424 dictem
1435 4384 1520 4438 Super
1533 4368 1601 4439 iPsis
1615 4385 1648 4423 ⁰¹
1657 4370 1806 4426 0⁰fflm180·

131 4467 1105 4557 nigrgriounmquammffl3010m05‚50dmaner011.1)ratione
1129 4464 1222 4535 magis
1244 4479 1331 4534 quam
1345 4476 1413 4517 vera
1436 4461 1575 4516 electione
1590 4463 1673 4518 fiunt.
1698 4464 1805 4529 Quibus

130 4575 176 4631 103
184 4576 237 4632 sub
245 4577 346 4632 eadem
356 4594 413 4650 qua
421 4577 581 4633 modosque
590 4578 683 4632 f0rma
691 4575 945 4645 sancimug‚n0que
995 4561 1074 4618 enim
1090 4557 1227 4614 alimonia
1240 4560 1269 4611 et
1280 4555 1369 4611 rictus
1384 4554 1500 4610 aliunde
1518 4555 1661 4611 sufficiens
1678 4565 1803 4629 nonest,

133 4669 254 4726 omnino
268 4670 420 4742 quisquam
430 4674 600 4742 apponatur,
614 4670 705 4724 donec
713 4668 787 4723 intra
800 4670 863 4724 octo
871 4667 946 4723 viros
995 4658 1025 4714 hi
1040 4650 1225 4711 emendicatis
1240 4650 1426 4706 defensorum
1438 4647 1590 4720 suffragiis,
1600 4649 1720 4706 adhunc
1732 4654 1806 4709 solli·

131 4761 731 4834 illonrmmensuraconsistat,utperpetuo
742 4761 945 4831 octoexistant,
995 4749 1152 4806 citudinem
1168 4743 1317 4811 accedunt,
1332 4747 1362 4798 θῑ
1372 4759 1425 4815 1πο
1442 4743 1566 4815 diffidam
1580 4743 1674 4799 vaeluti
1695 4744 1787 4800 ludier
1789 4763 1805 4802 ⁰

131 4856 215 4912 mfflo
228 4855 357 4927 quidem,
368 4873 462 4929 „eque
476 4856 573 4924 modo,
585 4872 680 4927 neque
696 4858 826 4927 tempore
841 4871 875 4909 00
890 4871 945 4909 nu.
996 4842 1149 4917 presidum
1161 4838 1265 4895 animis
1276 4841 1343 4893 sunt
1356 4836 1505 4909 propositi,
1514 4835 1658 4909 siquidem
1671 4840 1700 4891 et
1709 4855 1804 4894 remo·

131 4961 218 5004 mero
231 4950 376 5020 augendo,
396 4965 509 5021 semper
521 4951 617 5004 eutem
630 4947 870 5005 contendentibus
880 4947 945 5016 illis,
995 4940 1063 4992 veni
1089 4951 1138 4990 e⁰⁵
1160 4932 1389 5006 quandocunque
1410 4930 1518 4996 V⁰¹¹¹¹¹ir
1541 4928 1662 4984 minima
1684 4946 1805 5004 quaeque

132 5041 210 5098 circa
219 5041 756 5114 nosobsequio,etergaimperatoriam
764 5041 947 5112 mejestatem
995 5032 1139 5086 vertentes
1153 5027 1230 5095 vitio,
1245 5029 1273 5081 et
1293 5024 1364 5079 alios
1378 5024 1408 5078 in
1424 5023 1538 5078 illorum
1551 5023 1647 5077 locum
1659 5022 1805 5096 ingerunt,

132 5135 337 5191 benevolentia
348 5136 420 5190 alter
431 5136 553 5190 alterum
563 5134 686 5189 vicissim
697 5132 946 5205 superentNemi-
995 5124 1115 5181 vicarios
1128 5137 1242 5194 quoque
1255 5116 1452 5173 defensoribus
1466 5115 1682 5187 0⁰¹¹⁵ffl¹¹0⁰ifflr
1698 5135 1806 5191 pesque

132 5243 171 5284 ne
184 5227 331 5283 licentiam
341 5228 467 5284 habente
483 5232 514 5282 ut
526 5227 587 5298 ejus
600 5226 713 5299 generis
727 5225 835 5298 aliquid
845 5226 881 5281 de
891 5243 945 5281 cre·
997 5235 1088 5274 unum
1108 5229 1318 5284 nonnunquam
1331 5225 1442 5265 aunum
1455 5209 1485 5263 in
1499 5208 1627 5280 pluribus
1638 5210 1668 5265 id
1679 5211 1804 5268 homini-

131 5325 197 5377 tero
215 5326 304 5393 petat,
319 5321 425 5377 sciente
440 5322 519 5393 quod
540 5337 633 5392 neque
652 5337 687 5375 ea
703 5336 766 5392 qoae
789 5319 862 5391 petit
875 5336 948 5374 asse-
995 5302 1805 5370 busadmsttentesUndeetcohortalesetciritatumma-

135 5418 251 5486 qucum
268 5420 296 5471 et
310 5416 378 5487 quia
395 5418 494 5487 petere
506 5432 590 5471 ausus
600 5416 651 5480 est,
668 5429 727 5469 non
741 5412 834 5468 solum
847 5411 947 5467 decem
998 5405 1142 5477 gistratus,
1153 5399 1239 5471 etqui
1249 5399 1301 5452 has
1312 5396 1450 5464 incolunt,
1461 5412 1564 5451 ornnes
1576 5396 1606 5452 in
1617 5414 1730 5453 summo
1742 5415 1807 5453 cou-

132 5504 948 5580 librarumauripoenaecritobnoxius,sedetiampropria
997 5499 1110 5569 tempta
1132 5495 1315 5550 defensorem
1337 5490 1455 5545 hahent.
1479 5490 1547 5555 Quae
1562 5506 1628 5547 rero
1640 5490 1716 5561 apud
1731 5491 1807 5562 ipsos

134 5599 589 5658 excidetmilitia.Volumuseuim
599 5597 947 5670 utadpraedictumnsque
998 5591 1147 5663 geruntur,
1160 5583 1281 5659 pesissdfl
1296 5599 1329 5639 ¹1⁰
1349 5581 1373 5636 ⁵5
1385 5598 1478 5654 neque
1495 5586 1576 5654 ssflsifl
1587 5584 1691 5649 98581111
1705 5582 1807 5637 haberi

911 5740 917 5751 ,
997 5684 1099 5738 solent.
1115 5678 1173 5736 Nisi
1195 5677 1273 5734 enim
1293 5676 1504 5750 provinciarum
1529 5673 1664 5746 presides
1671 5673 1805 5745 jubeant,

172 5787 263 5845 ⁸llaec
272 5789 359 5845 rerba
371 5805 430 5846 non
443 5788 587 5846 habentur
599 5787 629 5844 in
643 5787 751 5844 Gracc.
997 5795 1034 5835 ne
1049 5789 1223 5851 presumere
1234 5771 1352 5846 quidem
1362 5769 1470 5826 audent
1481 5767 1577 5838 aliqua
1591 5768 1739 5838 gestorum
1748 5786 1808 5824 mo-
