3878 6150
154 251 204 303 m
498 210 511 223 ’
852 249 1138 306 remanseran
1787 253 1836 308 aas

190 359 224 413 Et
238 361 304 429 post
317 372 427 429 paucas
447 377 461 407 α
477 356 622 422 Quomodo
637 356 727 429 igitur
739 356 826 412 homo
846 362 874 413 et
895 358 968 414 Deus
978 378 1009 455 Α
1020 364 1146 430 nentem,
1160 363 1295 432 tanquam
1311 359 1438 417 eruditus
1453 358 1666 427 sermocinator,
1682 359 1711 414 et
1731 356 1763 412 in
1780 359 1835 412 dn·

154 469 246 508 unum
261 469 312 525 per
322 452 460 507 unitatem
469 466 530 506 esse
541 452 652 522 potest?
667 451 715 523 qui
731 451 861 518 vivificat,
878 452 970 523 etqui
1018 453 1123 509 tiochia
1136 453 1222 525 Syria
1237 454 1267 509 in
1278 454 1395 512 ecclesia
1410 455 1567 526 alloquens,
1584 453 1622 508 sie
1636 450 1709 509 dixit
1725 467 1733 506 :
1752 472 1768 500 a
1782 452 1835 506 llo·

154 547 326 614 vivificatum
351 536 405 617 qni
419 544 561 614 salvificat,
588 549 617 601 et
642 545 691 617 qui
715 545 897 616 salvificatur3
920 546 970 618 qui
1018 563 1066 602 mo
1081 549 1170 615 lesus,
1187 549 1254 618 quid
1276 552 1315 603 est
1332 551 1403 604 enim
1422 548 1497 604 bomo
1514 548 1588 618 quod
1600 562 1701 602 memor
1714 561 1743 601 es
1755 547 1837 615 ejus?

154 646 220 696 ante
235 639 336 695 saecula
347 626 405 708 cst,
413 643 441 694 et
454 639 502 710 qui
514 638 820 710 exhlariaapparuiti»
837 640 969 711 Ejusdem
1021 641 1101 709 (Psoi.
1116 645 1191 714 vur);
1207 644 1354 713 Apostolus
1370 645 1476 709 autem,
1493 641 1528 697 de
1539 642 1606 696 lesu
1620 640 1732 695 dictum
1753 639 1836 696 fuisse

155 751 189 790 ex
208 733 440 805 interpretatione
463 733 584 804 symboli
604 737 798 788 trecentorum
820 732 917 788 decem
942 737 970 790 ct
1019 734 1082 802 hoc,
1099 734 1185 790 dixit:
1202 738 1272 791 Eum
1287 738 1357 790 enim
1370 737 1419 807 qui
1428 737 1514 806 poulo
1528 737 1618 790 minus
1632 734 1780 804 aboaqelis
1788 736 1836 789 mi·

154 834 217 884 octo
236 810 374 882 Petrum:
399 848 413 876 α
435 826 489 883 Sed
510 826 652 882 Christum
671 827 788 898 quidem
815 827 970 882 secundum
1019 833 1133 884 aeratus
1151 834 1199 892 est,
1214 829 1343 893 vidimus,
1361 828 1465 900 inquit,
1478 832 1567 885 Jesom
1589 827 1692 899 (Heba.
1712 827 1836 896 11).de

154 926 328 993 assumptam
344 921 417 976 servi
431 921 563 991 sormam,
581 938 646 976 cum
661 927 756 976 autern
769 921 818 992 qui
839 937 902 979 cam
924 937 968 975 as·
1019 928 1109 998 ergo?
1138 928 1227 982 Homo
1249 928 1328 982 lesus
1353 927 1484 982 similiter
1502 925 1638 982 omnibus
1660 924 1833 993 hominibus,

154 1012 969 1088 sumpsit,superomnianominanstteum3intutittamen
1020 1021 1128 1077 nnllam
1149 1021 1257 1076 hahens
1279 1020 1469 1079 differentiam
1493 1021 1528 1074 ad
1557 1020 1689 1075 homines
1713 1019 1836 1090 ejusdem

153 1113 207 1169 hoc
220 1109 623 1181 secundumconjunclionem,
636 1109 969 1181 utpersignificationem
1020 1115 1141 1186 generis,
1163 1120 1266 1187 praeter
1286 1132 1320 1170 ea
1340 1130 1404 1186 ipre
1429 1113 1520 1185 gratia
1541 1112 1568 1168 ei
1590 1112 1678 1168 dedit.
1704 1112 1837 1177 »Quibus

155 1206 306 1261 nominum
319 1208 486 1260 naturarum
501 1203 680 1258 manifestam
696 1203 861 1259 divisionem
875 1203 968 1258 iaciat.
1019 1209 1133 1263 Procius
1150 1208 1465 1279 Constantinopolitanae
1482 1206 1559 1262 urbis
1572 1206 1724 1278 episcopus
1739 1206 1835 1260 rescri-

153 1301 243 1356 Nemo
266 1299 364 1370 igitur,
381 1314 473 1369 neque
489 1314 555 1352 eum
570 1297 620 1370 qni
633 1297 788 1352 secundum
803 1313 917 1351 carnem
934 1313 970 1351 ex
1018 1300 1098 1385 bens,
1120 1302 1158 1358 ait
1177 1303 1253 1376 (Sap.
1274 1303 1335 1357 coll.
1359 1306 1385 1370 5,
1400 1317 1473 1356 conc.
1491 1301 1515 1369 v)
1534 1317 1541 1355 :
1560 1300 1716 1372 Fugiamus
1740 1299 1835 1357 turbu·

152 1393 259 1450 Jndaeis
280 1398 332 1460 est,
357 1392 431 1446 dicat
454 1389 544 1446 Deum
565 1407 641 1446 :nec
661 1391 764 1446 iterum
786 1392 875 1446 ileum
899 1390 968 1461 [Al.,
1018 1394 1109 1480 leqtos
1128 1398 1304 1475 etwosos
1323 1395 1439 1450 fallaciae
1462 1394 1546 1463 rivos,
1567 1399 1647 1464 septa
1668 1393 1721 1447 Dei
1742 1393 1837 1464 [sectas

152 1487 317 1554 Dominum,
339 1501 390 1540 nec
405 1502 440 1541 ne
455 1486 561 1540 iterum
574 1485 734 1556 Dominum]
754 1484 803 1556 qni
824 1486 865 1539 est
885 1499 970 1555 super
1018 1478 1117 1569 Deum]
1131 1474 1331 1569 impisgnantcs
1345 1506 1352 1543 z
1368 1488 1429 1543 dico
1445 1487 1503 1542 arii
1517 1488 1646 1542 furorem
1662 1485 1837 1542 dividentem

155 1581 262 1650 omnia,
278 1581 433 1636 seeundum
449 1595 562 1634 carnem
579 1595 613 1632 ex
627 1578 740 1634 tudaeis.
759 1597 772 1629 u
1018 1576 1192 1637 individuam
1210 1583 1386 1649 Trinitatem,
1401 1581 1532 1636 Eunomii
1545 1581 1696 1636 audaciam
1717 1580 1836 1634 circum·

190 1677 260 1730 item
276 1678 480 1729 excommento
495 1666 620 1744 epistolae
634 1673 669 1726 ad
684 1672 814 1726 Hebraeos
828 1687 835 1725 :
850 1671 968 1725 «iesum
1019 1662 1180 1749 cluud‘enrem
1209 1676 1325 1732 scientia
1353 1675 1672 1746 inc0mprehensihilem
1694 1678 1836 1742 naturam,

152 1769 231 1827 essim
239 1767 307 1823 dicit
316 1785 332 1822 a
342 1766 486 1834 Nazareth,
497 1782 574 1836 <luem
586 1769 665 1821 “timii
675 1768 744 1821 Deus
758 1766 864 1835 Spiritu
876 1768 968 1819 sancto
978 1750 1006 1822 Β
1018 1770 1173 1826 Macedonii
1186 1771 1294 1825 rabiem
1307 1776 1485 1846 separantem
1496 1786 1511 1823 a
1522 1769 1627 1824 deitate
1639 1767 1836 1839 inseparabili·

153 1868 179 1919 et
192 1866 292 1917 uirtute
308 1858 440 1933 (Ad-nt:
457 1861 507 1932 qui
522 1864 617 1915 autern
632 1860 668 1914 de
683 1859 787 1931 Spiritu
799 1863 899 1913 unctus
914 1861 966 1926 est,
1017 1868 1061 1919 ter
1075 1865 1278 1936 procedentem
1293 1863 1440 1935 Spiritum,
1456 1868 1484 1919 et
1498 1850 1837 1932 novam'istamblasphe·

153 1955 319 2011 omnimOdo
326 1950 434 2026 fllitluifl
442 1953 507 2009 inde
517 1953 677 2024 assumpsit·
690 1953 756 2017 Quis
766 1957 861 2007 autem
870 1953 968 2006 furens
1017 1958 1105 2012 miam
1118 1975 1184 2030 quiae
1198 1957 1335 2013 ludaismi
1350 1958 1440 2012 multo
1455 1957 1577 2028 amplius
1587 1956 1836 2028 superatblasphe

156 2050 239 2117 diat,
255 2050 290 2104 de
305 2047 409 2121 Spiritu
422 2048 529 2120 aliquid
544 2047 727 2118 assumpsisse
741 2046 868 2101 divinam
882 2049 967 2101 natu·
1017 2052 1115 2121 miam,
1135 2052 1356 2120 introducentes,
1381 2067 1448 2106 nam
1462 2051 1504 2105 illi
1518 2040 1637 2123 quidem
1653 2066 1723 2105 cum
1738 2050 1833 2104 filium

143 2144 234 2225 ¹rami
248 2164 263 2195 u
279 2144 312 2197 Et
327 2141 449 2196 iterum:
463 2160 477 2193 a
493 2144 592 2198 Certus
607 2141 725 2212 quidem
740 2144 769 2194 et
783 2140 852 2212 ipse,
866 2139 968 2194 filium
1019 2151 1134 2218 negant,
1150 2145 1282 2201 fraudant
1296 2161 1378 2200 ramo
1392 2145 1531 2214 radicem
1549 2144 1595 2199 isti
1610 2160 1680 2199 vero
1704 2159 1769 2199 eum
1789 2143 1832 2215 qui

138 2216 203 2294 “iter
217 2253 246 2292 sc
262 2254 317 2292 non
333 2236 488 2291 secundum
504 2235 657 2290 divinitalis
673 2234 768 2299 diceps
783 2234 966 2304 nativitatem,
1018 2246 1061 2296 est
1075 2245 1222 2312 negantes,
1240 2240 1359 2294 alterum
1375 2239 1445 2310 [At.,
1458 2255 1524 2293 eum
1535 2239 1585 2310 qui
1600 2244 1644 2293 est
1653 2237 1742 2292 Filius
1756 2237 1831 2291 dono

154 2331 203 2386 sed
218 2331 373 2386 seeundum
389 2330 465 2402 quod
482 2329 649 2385 domesticus
665 2328 714 2383 Dei
727 2332 788 2383 erat
803 2344 809 2382 :
827 2344 879 2399 per
893 2329 968 2398 quod
1019 2338 1096 2407 gant,
1118 2333 1279 2388 fraudantes
1299 2349 1377 2388 ramo
1396 2331 1530 2400 radicem,
1551 2332 1598 2386 isti
1612 2347 1681 2386 vero
1699 2331 1724 2385 ei
1736 2330 1782 2402 qui
1794 2333 1829 2383 est

153 2425 204 2505 tilii
224 2425 283 2492 Dei,
299 2441 351 2496 per
370 2425 544 2479 voluntatem
566 2422 721 2494 [virtutem]
745 2421 891 2476 domestici
911 2423 968 2477 Deo
1019 2428 1152 2499 alterum]
1177 2427 1370 2494 introducunt,
1392 2426 1573 2482 detrahentes
1593 2425 1735 2480 sinceram
1754 2427 1826 2478 natu·

152 2519 295 2574 constituti
309 2519 450 2587 homines,
466 2517 582 2571 interim
596 2516 776 2571 vocabantur.
792 2539 806 2567 u
1018 2538 1089 2577 mm,
1108 2522 1224 2592 (Rursus
1239 2520 1273 2575 de
1288 2520 1372 2591 hujus
1388 2536 1483 2575 errore
1498 2520 1619 2573 loannes
1641 2535 1755 2590 quoque
1775 2521 1823 2570 ltn-

187 2615 230 2668 Xl.
246 2615 310 2667 Haec
320 2613 353 2668 de
367 2612 526 2667 innumeris
538 2628 628 2684 pauca
639 2611 825 2682 praetulimus,
841 2613 875 2664 ut
889 2608 969 2682 quasi
1019 2616 1155 2671 tiocheuae
1170 2615 1300 2669 Ecclesiae
1314 2613 1430 2671 aarum
1442 2614 1497 2668 ait:
1514 2613 1601 2668 hlulto
1616 2619 1714 2668 autern
1727 2617 1820 2682 tempe

151 2696 342 2782 perforamen
362 2711 527 2777 angustum,
550 2722 635 2777 quam
659 2705 781 2760 nimium
803 2705 969 2760 barathrum
1019 2727 1049 2766 re
1065 2722 1246 2782 permemns
1258 2708 1430 2775 Theodorus,
1441 2706 1582 2778 persuasit
1591 2706 1691 2762 multis
1701 2711 1729 2761 et
1743 2707 1820 2760 Nesto

151 2802 228 2857 intus
243 2802 352 2869 lateret,
369 2802 600 2855 monstraremus.
616 2800 683 2854 Ecce
694 2800 791 2870 quales
805 2799 868 2870 plus
882 2812 969 2870 quarn
1019 2805 1071 2873 rio,
1087 2801 1164 2875 quod
1177 2802 1304 2858 Christus
1320 2801 1405 2856 Filius
1420 2801 1470 2865 Dei
1484 2800 1547 2869 vivi,
1561 2800 1663 2872 quide
1677 2805 1767 2855 sancta
1779 2799 1818 2853 rir-

76 2884 82 2889 ’
123 2928 126 2933 -
154 2897 253 2951 decem
268 2895 359 2950 millia
368 2895 506 2949 librorum
516 2893 828 2964 Theodorusscripsisse
839 2892 969 2964 perhibe
1020 2897 1086 2970 gine
1104 2896 1189 2951 Maria
1207 2899 1290 2957 natus
1304 2899 1424 2963 estnon
1440 2894 1541 2965 estqui
1555 2895 1685 2948 exPatre
1698 2896 1816 2948 natusest

121 3011 125 3017 ¹
153 2994 209 3045 tur.
225 2990 353 3056 Pensatc,
369 3003 477 3060 quaeso,
493 2987 516 3041 si
536 3004 593 3041 non
608 2990 687 3042 tanto
703 2986 811 3041 acriora
829 2989 970 3042 tormenta
1019 2992 1093 3047 Deus
1113 2989 1233 3044 Verbum
1253 2987 1500 3044 consubstantialis
1520 2987 1663 3057 Genitori,
1686 2986 1734 3042 sed
1749 2987 1814 3040 hone

153 3085 321 3158 promeruit,
331 3088 437 3155 quanto
448 3083 573 3154 pluriora
584 3083 756 3153 conseripsit.
767 3083 819 3138 Sed
826 3082 885 3137 haee
894 3083 1006 3198 illiusC
1020 3102 1072 3156 pro
1087 3084 1221 3156 qualitate
1234 3099 1292 3138 suae
1308 3081 1460 3137 voluntatis
1475 3099 1509 3136 ex
1523 3082 1581 3136 Deo
1598 3081 1690 3136 Verbo
1704 3095 1811 3151 coopera-

154 3179 226 3233 dicta
240 3178 424 3250 quaeprolata
435 3181 617 3242 sunl,utrum
632 3177 693 3247 ejus
706 3176 772 3244 sint,
785 3176 903 3231 sortasse
920 3177 970 3233 du·
1019 3172 1126 3234 tionem
1140 3162 1317 3248 suscipiens.)
1338 3177 1443 3231 Rursus
1464 3175 1499 3230 de
1520 3175 1582 3245 ejus
1600 3190 1697 3230 errore
1718 3172 1812 3245 Cyrillut

153 3272 271 3327 hitatur.
289 3273 412 3340 Petrum,
429 3270 452 3324 si
467 3270 561 3341 placet
582 3269 687 3342 scripta
707 3269 908 3340 proteramus:
931 3271 970 3326 ita
1019 3273 1053 3326 ad
1068 3269 1445 3342 Lamponempresbyterum
1459 3269 1593 3337 scribens,
1604 3268 1644 3323 ait
1660 3285 1667 3322 :
1683 3263 1811 3336 Cumapul

154 3366 229 3438 apud
244 3383 292 3420 vos
306 3365 392 3419 libros
407 3364 478 3437 ejus,
501 3380 571 3434 quos
592 3363 627 3418 de
652 3361 770 3434 perillo
789 3363 864 3419 illius
885 3368 970 3420 testes
1020 3366 1119 3421 AEliam
1142 3380 1342 3432 commorarer,
1363 3363 1406 3418 vir
1418 3362 1517 3434 aliquis
1532 3378 1566 3417 ex
1582 3363 1627 3417 his
1639 3363 1690 3434 qui
1707 3360 1811 3416 nobiliter

153 3461 331 3529 deduximus,
343 3449 470 3514 deductis
480 3457 596 3529 insuper
607 3458 723 3513 testibus
734 3458 970 3514 affirmemushr-
1021 3460 1145 3515 militant
1157 3460 1187 3513 in
1203 3458 1316 3530 palatio,
1332 3456 1479 3528 epistolam
1495 3456 1655 3511 multorum
1669 3453 1810 3511 versuunet

152 3556 255 3612 menica
270 3554 375 3627 qnippe
386 3554 517 3631 ¹episcopi
535 3552 634 3607 Proclo
653 3552 970 3624 Constantinopolitanae
1020 3553 1157 3625 grandem
1170 3551 1271 3607 obtulit
1284 3551 1356 3606 mihi
1368 3551 1617 3622 signatam,quam
1635 3567 1664 3605 sc
1680 3549 1812 3604 dicebatur·

123 3698 127 3703 .
153 3647 969 3720 urbisepiscopolibclloscontraTheodorumporrigentes,
1021 3647 1125 3718 cepisse
1147 3646 1183 3700 ab
1204 3644 1386 3700 antiochenis
1407 3643 1590 3712 orthodoxis3
1620 3643 1811 3714 subscriptiones

154 3743 252 3797 dicunt
280 3742 353 3811 (Sep.
376 3742 436 3795 coll.
462 3744 485 3810 a)
511 3757 518 3794 ε
541 3741 605 3794 Fuit
628 3745 724 3795 autem
753 3741 855 3812 aliquis
883 3741 971 3812 pestis
1020 3746 1114 3795 autem
1131 3745 1210 3794 erant
1224 3738 1253 3793 in
1264 3755 1297 3794 ca
1308 3737 1380 3809 plur‘
1415 3753 1498 3793 orum
1514 3736 1810 3792 clericorumetmooa·

155 3835 291 3907 [pestifer]
308 3835 404 3902 homo,
421 3833 514 3904 magis
529 3838 625 3889 autern
641 3834 710 3904 sera,
727 3834 851 3889 hominis
863 3834 971 3890 habens
988 3835 1139 3895 «chorum
1161 3839 1189 3888 et
1208 3832 1354 3887 laicorum.
1368 3754 1549 3887 foedabant
1569 3836 1668 3886 autem
1690 3827 1812 3886 orientales

154 3929 277 3984 formam
288 3927 466 3996 diabolicam,
478 3927 596 3981 mentito
608 3927 724 3982 nomine
739 3928 912 3998 Theodorus,
922 3929 971 4000 qui
1021 3929 1175 4002 episcopos,
1199 3924 1278 3998 quasi
1300 3929 1424 3981 tacentes
1447 3925 1564 3998 quidem
1586 3925 1708 3980 Nestorii
1722 3936 1811 3984 nomen,

155 4021 268 4078 schema
284 4027 313 4076 et
327 4037 430 4076 nomen
440 4020 562 4092 episcopi
572 4020 681 4088 habuit,
693 4021 722 4075 in
732 4023 837 4093 angulo
850 4027 878 4077 et
887 4022 970 4094 igno·
1021 4025 1049 4077 et
1062 4021 1267 4076 dissimulantes
1281 4019 1308 4075 ei
1319 4019 1471 4088 adversari,
1488 4023 1670 4073 transeuntes
1689 4010 1811 4073 autemst

154 4117 204 4172 bili
227 4116 288 4170 loco
308 4115 383 4170 orbis
407 4117 548 4169 terrarum
569 4114 693 4183 latitans,
721 4115 751 4169 in
779 4116 972 4186 Mopsuesteno
1021 4115 1158 4171 Theodori
1172 4114 1286 4169 Codices
1300 4113 1334 4168 de
1353 4112 1544 4169 incarnatione
1564 4112 1665 4181 factos,
1685 4112 1715 4167 in
1735 4109 1812 4183 quitus

154 4209 256 4266 Ciliciae
263 4209 392 4264 secundae
402 4208 451 4263 vili
464 4208 577 4279 oppido,
587 4225 653 4263 vere
664 4207 782 4280 quidem
795 4208 970 4281 etprincipa-
1021 4210 1110 4281 multo
1122 4209 1233 4280 pejores
1248 4206 1363 4262 nefariae
1376 4206 1557 4278 blasphemiae
1568 4206 1702 4274 [Nestorii
1708 4202 1811 4276 blasple

153 4305 217 4360 liter
235 4322 251 4358 a
270 4304 354 4376 paulo
374 4303 553 4358 Samosateno
570 4303 754 4366 descendens,
771 4302 837 4357 licet
852 4301 972 4358 Photino
1021 4303 1095 4372 miisl
1110 4302 1206 4374 positae
1219 4303 1304 4356 sunt:
1327 4304 1408 4371 pater
1421 4300 1497 4354 enirn
1511 4299 1567 4354 fuit
1588 4298 1711 4355 Nestorii
1727 4292 1811 4371 perid,

154 4404 183 4456 et
196 4398 303 4453 caeteris
316 4395 511 4453 haeresiarchis
527 4396 557 4450 in
572 4395 643 4451 libro
659 4396 693 4452 de
708 4396 904 4451 lncarnatione
917 4398 970 4451 Do·
1022 4397 1108 4469 quiet
1119 4396 1193 4451 illius
1209 4395 1283 4450 mala
1293 4394 1412 4461 locutus,
1428 4393 1532 4465 impius
1548 4396 1577 4448 et
1585 4393 1617 4448 in
1629 4390 1811 4448 bisfactusest·

154 4493 225 4548 mini
240 4492 329 4547 nostri
340 4494 407 4547 iesu
421 4491 534 4558 Christi,
550 4491 580 4545 in
596 4493 655 4546 toto
668 4506 718 4545 suo
736 4490 881 4562 proposito
904 4490 1011 4567 ipsisl)
1022 4492 1145 4546 Rursum
1161 4490 1196 4544 de
1211 4505 1307 4543 errore
1322 4488 1397 4543 illius
1412 4486 1487 4542 idern
1502 4487 1625 4558 Cyrillus
1646 4478 1812 4543 Aleiandnna

154 4585 246 4641 verbis
259 4585 421 4641 inveniatur
432 4602 510 4655 usus,
525 4589 552 4640 ct
561 4584 584 4639 si
599 4584 668 4657 quid
681 4585 771 4657 pejus.
780 4586 832 4639 lste
842 4601 894 4657 per
908 4601 969 4638 ma·
1020 4583 1097 4639 urhis
1112 4584 1259 4655 episcopus
1273 4582 1309 4636 ad
1323 4581 1454 4636 Acacium
1474 4581 1614 4636 blelitenae
1634 4581 1713 4649 urbis
1730 4580 1812 4651 episco-

155 4679 347 4735 chinationem
361 4684 389 4734 et
403 4679 549 4733 audaciam
565 4683 592 4733 et
608 4694 736 4734 errorem
751 4678 852 4733 diaboli
862 4678 972 4733 volebat
1019 4694 1090 4749 pum
1103 4677 1237 4745 scribens,
1248 4676 1287 4731 ait
1301 4692 1307 4730 :
1324 4675 1385 4729 Non
1395 4674 1543 4748 oportebat
1554 4675 1646 4730 latere
1657 4674 1814 4730 Sanctitatem

155 4790 254 4829 omnes
269 4773 400 4828 homines
422 4776 503 4827 acuta
522 4789 572 4826 sua
595 4771 666 4827 sicut
688 4772 795 4827 colubri
813 4772 920 4844 lingua,
943 4776 971 4827 et
1019 4776 1153 4840 vestram,
1170 4774 1218 4826 aut
1232 4769 1351 4824 forsitan
1365 4768 1506 4840 cognovit,
1528 4756 1608 4840 quod
1623 4785 1724 4824 omnes
1743 4767 1813 4823 orien-
1848 4824 1851 4833 ‚

154 4885 263 4925 veneno
275 4867 352 4940 quod
367 4868 419 4922 suh
434 4867 531 4939 lingua
545 4865 648 4938 aspidis
662 4871 713 4936 cst,
728 4866 866 4938 deperire.
882 4867 917 4922 Et
930 4865 972 4921 in·
1020 4865 1089 4920 tales
1109 4862 1312 4935 religiosissimi
1333 4862 1458 4935 episcopi
1478 4861 1508 4916 in
1529 4862 1682 4917 Antiochia
1698 4871 1812 4917 consene-

154 4964 239 5017 terim
254 4962 370 5035 quidem
385 4960 560 5016 retinebatur
574 4976 623 5014 suo
638 4959 766 5030 latibulo,
783 4959 885 5015 timens
895 4965 971 5032 pote·
1020 4963 1097 5028 runt,
1120 4974 1185 5012 cum
1205 4956 1403 5013 transmisisset
1424 4955 1465 5010 eis
1479 4960 1591 5010 tomum
1610 4955 1740 5012 dominus
1757 4964 1815 5009 meus

154 5061 254 5112 statem
267 5073 365 5111 eorum
381 5055 431 5128 qui
445 5071 579 5125 amagno
594 5056 691 5110 Decet
711 5055 852 5110 Salvatore
875 5059 971 5110 nostro
1021 5052 1212 5109 sanctissimus
1227 5051 1342 5106 Procius
1358 5051 1498 5105 bonorum
1513 5050 1634 5120 plenum
1645 5050 1816 5106 intellectuum

154 5152 220 5205 lesu
242 5150 351 5206 Christo
377 5151 546 5223 potestatem
566 5151 736 5221 acceperunt
758 5149 864 5202 calcare
886 5164 972 5221 super
1021 5150 1050 5203 et
1064 5151 1207 5202 rectorum
1220 5146 1396 5217 dogmatum.
1412 5146 1478 5199 Erat
1494 5144 1608 5199 enim-ei
1624 5144 1699 5201 ratio
1711 5142 1817 5199 mulnet

155 5243 285 5299 colubros
299 5249 328 5299 et
341 5245 474 5316 scorpios,
490 5249 518 5299 et
533 5260 631 5299 omnes
644 5242 761 5298 virtutes
773 5241 882 5296 inimici
897 5242 970 5312 (Luc.
1021 5243 1108 5314 longa
1123 5242 1157 5297 de
1173 5238 1379 5311 dispensatione
1394 5237 1505 5292 Domini
1528 5237 1619 5293 nostri
1639 5238 1705 5293 lesu
1725 5231 1816 5293 Christi·

154 5341 179 5410 rt
192 5354 199 5393 :
212 5337 272 5393 dico
281 5342 377 5393 autem
387 5343 495 5394 sanctos
505 5339 654 5411 apostolos,
666 5342 694 5393 ct
706 5336 756 5409 qui
766 5340 972 5408 consequenter
1021 5335 1173 5408 Supposuit
1185 5351 1250 5390 vero
1264 5332 1386 5405 capitula
1399 5331 1529 5404 quedam
1543 5331 1662 5387 collecta
1677 5323 1819 5387 araeden

153 5433 189 5488 ab
204 5431 248 5487 his
264 5438 457 5504 susceperunt,
473 5438 612 5506 martyres
627 5436 655 5488 et
669 5431 841 5487 confessores
865 5435 893 5486 et
914 5430 971 5503 epi·
1013 5430 1253 5500 codicibusque
1267 5429 1468 5483 consonantem
1483 5425 1605 5481 Nestorii
1613 5424 1740 5498 perfidiis
1751 5418 1819 5479 intel·

153 5544 251 5599 scopos
274 5531 302 5582 et
322 5532 438 5583 caeteros
456 5532 576 5583 sanctos.
602 5530 718 5582 invento
739 5529 847 5595 autern,
877 5524 971 5581 nescio
1020 5526 1125 5580 lectum
1138 5523 1253 5592 hahent,
1269 5527 1297 5580 et
1311 5520 1475 5577 adhortatus
1488 5523 1531 5575 est
1543 5533 1593 5575 eos
1605 5518 1696 5577 etiam
1704 5519 1753 5577 illa
1765 5530 1821 5572 aaa·

152 5621 304 5695 quomodo,
323 5626 459 5695 ternpore,
471 5620 556 5693 coepit
565 5636 665 5692 repere
681 5624 710 5674 et
719 5623 799 5675 extra
810 5618 881 5676 fines
894 5636 969 5689 suos,
1021 5617 1211 5674 thematizare.

155 5716 287 5773 fiduciam
297 5731 399 5791 gerens
412 5720 440 5773 et
454 5714 485 5771 in
500 5714 663 5786 parochiam
678 5713 714 5770 ad
729 5729 794 5770 eum
810 5696 868 5769 non
880 5713 968 5786 perti-
