3884 6150
101 265 103 268 ’
200 258 251 316 sir
663 203 780 309 SANClt
799 249 956 318 nonnoni,
976 235 1233 307 cenomannos
1251 249 1416 318 crisconi,
1830 248 1884 303 aas

202 366 270 422 dam
289 363 415 434 donavit,
441 361 511 417 nihil
532 378 561 415 se
576 361 676 415 fecisse
698 359 873 429 existimans,
896 358 951 412 nisi
963 358 1019 412 illis
1029 357 1139 443 Amuli
1155 373 1235 422 uxor,
1253 359 1395 427 quartana
1409 354 1489 410 lehre
1505 352 1648 425 divexata,
1663 353 1701 409 ad
1712 352 1775 426 ejus
1785 370 1886 409 monu-

200 459 303 531 quibus
315 460 434 515 domum
444 455 582 511 orationis
592 456 789 510 construxerat
799 453 886 507 etiam
894 452 957 507 vitae
969 451 1016 506 do·
1068 455 1199 505 mentum
1215 449 1342 517 venians,
1355 453 1385 504 ut
1397 450 1427 504 in
1438 447 1697 504 somnoadmonita
1705 451 1778 515 erat,
1790 465 1886 503 orans·

202 553 304 624 gandae
317 570 361 607 res
373 548 547 605 necessarias
565 548 734 619 assignaret.
1065 561 1121 616 que
1136 544 1192 599 illic
1201 543 1475 611 eumluminaribus,
1490 546 1519 597 ot
1530 541 1625 597 triduo
1635 541 1789 610 excubans,
1800 543 1886 596 meri-

239 650 281 702 l8.
294 648 381 701 Porro
395 646 493 699 autem
511 640 621 696 militiae
639 639 797 695 certamine
807 641 871 711 jam
887 643 1013 712 peracto,
1032 652 1036 658 ·
1064 639 1100 692 tis
1113 638 1190 692 beati
1204 638 1257 692 viri
1274 639 1396 692 salutem
1413 636 1588 707 impetravit.
1608 635 1716 700 Quarto
1732 634 1821 690 etiarn
1838 635 1885 690 die

203 742 232 794 et
250 736 435 809 impendente
449 733 632 789 resolutionis
645 735 706 804 ejus
719 737 861 805 tempore,
876 733 961 804 coepit
973 732 1016 786 vir
1065 731 1133 786 caeci
1147 734 1205 784 tres
1220 730 1256 784 ad
1276 731 1337 801 ejus
1352 731 1495 785 tumulum
1513 729 1596 785 nobis
1611 728 1826 801 aspectantibus
1842 745 1886 783 ve·

201 831 264 903 pius
276 829 377 902 morbo
392 829 533 896 laborare,
546 845 599 882 nec
612 831 709 881 tamen
723 843 754 882 os
768 826 829 897 ejus
847 825 942 880 morbi
956 825 1016 880 visa
1065 841 1135 880 nere
1149 828 1235 896 atque
1247 824 1316 878 inde
1324 824 1387 880 luce
1400 824 1597 899 redintegrata
1607 823 1769 878 incolumes
1777 821 1883 877 abiere.

200 922 345 978 laudando
358 923 416 977 Deo
429 922 524 993 potuit
535 921 679 976 cohibere.
692 921 857 977 convocans
870 923 967 974 autem
976 918 1015 973 di·
1065 918 1166 974 Multos
1186 918 1257 973 alios
1275 917 1394 973 diversis
1404 917 1525 973 afflictos
1539 916 1647 972 morbis
1660 916 1697 971 ad
1712 916 1776 988 ejus
1791 916 1883 989 sepul-

201 1015 509 1088 scipulossuos,diem
529 1016 676 1070 ethoram
698 1014 792 1068 obitus
809 1014 852 1068 sui
876 1013 930 1067 illis
946 1029 1016 1084 prro
1066 1027 1147 1067 crum
1165 1011 1262 1066 venire
1286 1011 1496 1083 conspeximus,
1523 1010 1697 1081 eosdemque
1725 1009 1806 1065 beati
1834 1010 1883 1064 viri

200 1109 434 1166 dixitimminere
451 1126 457 1163 :
473 1109 626 1179 docuitque
639 1125 688 1163 eos
699 1106 947 1179 quemadmodum
965 1123 1014 1160 an·
1066 1104 1178 1160 meritis
1191 1104 1353 1160 sanosinde
1373 1105 1509 1160 recedere
1528 1104 1661 1160 vidimus.
1679 1102 1771 1159 Nimis
1788 1106 1883 1158 autem

199 1204 273 1275 tiqui
283 1204 372 1258 hostis
385 1202 503 1258 insidias
515 1205 658 1268 caverent,
674 1200 814 1256 etamalo
825 1217 855 1254 se
870 1200 1016 1254 abstinen-
1066 1198 1168 1270 prolixi
1189 1198 1308 1269 erimus,
1329 1197 1352 1253 si
1374 1197 1471 1253 audita
1492 1200 1521 1253 et
1531 1197 1591 1253 visa
1604 1195 1703 1253 omnia
1715 1196 1827 1252 referre
1841 1213 1885 1251 ve·

199 1296 344 1367 tes,bonis
355 1294 679 1368 operibusinbaererent.
689 1293 1017 1365 Deindeipsisllalendis
1066 1291 1165 1346 limus:
1177 1295 1298 1363 possunt
1313 1308 1348 1347 ea
1361 1307 1424 1364 quae
1433 1291 1556 1347 diximus
1569 1290 1605 1347 ad
1614 1290 1702 1346 fidem
1719 1289 1883 1347 faciendam

199 1389 363 1449 Decembris
376 1390 406 1444 in
418 1386 888 1444 senectutebonavirbeatissimus
901 1387 930 1440 in
947 1403 1017 1458 pace
1066 1385 1200 1440 fidelibus
1210 1385 1352 1440 sulficere.

201 1484 318 1558 quievit,
332 1485 524 1553 humatusque
540 1484 610 1535 esta
623 1481 767 1552 discipulis
779 1481 836 1536 suis
846 1481 877 1535 in
899 1479 1018 1534 ecclesia
1106 1481 1147 1533 lt).
1159 1479 1193 1532 Et
1204 1496 1279 1534 nunc
1290 1477 1618 1534 obsecramuseumdem
1627 1477 1830 1533 beatissimum
1839 1495 1885 1551 pa-

200 1579 353 1634 beatorum
385 1580 546 1647 martyrum
570 1574 711 1629 Vincentii
735 1578 763 1629 ot
787 1574 944 1641 Laurentii,
971 1572 1017 1627 ubi
1067 1574 1185 1627 tronum
1198 1575 1329 1627 nostrum
1342 1575 1473 1627 sanctum
1484 1572 1669 1641 Domnolum,
1684 1574 1718 1628 ut
1731 1588 1784 1644 pro
1800 1589 1884 1644 supe-

200 1671 287 1742 longe
300 1672 366 1725 ante
383 1670 544 1740 sepulcrum
558 1667 643 1721 heato
657 1668 801 1721 Germano
811 1667 870 1737 ipse
884 1665 1019 1721 condida·
1068 1665 1151 1721 rioris
1169 1665 1235 1720 vitae
1260 1666 1384 1738 peccatis
1408 1665 1513 1721 nostris
1536 1665 1587 1721 Dei
1607 1665 1796 1721 clementiam
1821 1665 1887 1720 velit

201 1767 256 1820 rat.
275 1764 315 1817 Eo
331 1763 359 1816 in
377 1764 439 1817 loco
453 1759 563 1815 meritis
577 1763 605 1813 et
621 1759 753 1831 precibus
767 1759 829 1829 ejus
840 1759 924 1813 multi
939 1739 1056 1813 mor-B
1069 1775 1195 1827 exorare,
1206 1759 1476 1831 gratiamquenobis
1491 1759 1889 1832 abiltoimpetrare,utdein-

200 1855 260 1913 bidi
267 1856 390 1927 gratiam
403 1853 532 1909 sanitatis
543 1852 684 1909 obtinent.
696 1855 767 1907 Nam
779 1853 863 1908 tertio
875 1853 921 1908 die
930 1856 1019 1908 trans·
1068 1869 1135 1924 ceps
1149 1869 1166 1908 a
1179 1853 1263 1908 malis
1275 1870 1328 1909 nos
1343 1853 1537 1909 abstineamus
1549 1871 1556 1921 ;
1575 1856 1607 1908 ut
1618 1856 1812 1909 sacrosanctae
1828 1853 1885 1909 nt-

200 1949 316 2006 lationis
324 1947 669 2020 ejus,adsepulcrumejus
677 1963 892 2020 energumenus
901 1946 1018 2018 quidam
1068 1946 1149 2001 nitati
1167 1947 1353 2016 reconciliati,
1375 1947 1427 2003 etsi
1440 1947 1502 2019 ejus
1526 1947 1626 2019 gloriae
1646 1946 1805 2020 participes
1827 1964 1886 2002 esse

201 2039 1018 2115 quiseipsumdiscerpebatodductusest;etposttriduum
1069 2057 1128 2095 non
1152 2057 1306 2108 meremur,
1335 2041 1437 2095 saltem
1471 2043 1655 2113 peccatorum
1683 2041 1888 2097 remissionem

201 2140 325 2205 curatus,
340 2136 459 2192 domum
474 2151 540 2189 cum
560 2134 725 2206 parentibus
751 2150 849 2205 sospes
873 2131 1017 2189 abscessit.
1069 2132 1177 2204 adepti,
1191 2133 1226 2187 ab
1237 2133 1393 2205 impiorum
1405 2134 1548 2190 consortio
1556 2151 1738 2206 separemur:
1749 2139 1890 2208 praestan·

200 2229 350 2302 Multisque
364 2229 448 2285 annis
463 2230 612 2285 nobiscum
625 2244 709 2283 sanus
723 2243 908 2299 permanens,
923 2225 973 2281 Dei
989 2243 1017 2281 se
1067 2227 1096 2280 te
1119 2225 1241 2282 Domino
1264 2230 1362 2283 nostro
1379 2229 1444 2284 lesu
1462 2227 1583 2297 Christo,
1602 2228 1652 2301 qui
1669 2245 1735 2283 cum
1758 2230 1847 2284 Patre
1863 2235 1891 2284 et

201 2324 337 2379 devotum
351 2323 461 2378 studuit
472 2323 604 2378 exhibere
618 2322 768 2376 cultorem.
789 2320 899 2376 Deinde
918 2336 1017 2374 mense
1067 2318 1173 2391 Spiritu
1188 2325 1285 2376 sancto
1299 2319 1374 2389 vivit,
1389 2324 1419 2376 et
1431 2322 1607 2394 glorificatur
1618 2324 1693 2378 Deus
1703 2339 1756 2394 per
1776 2322 1892 2378 infinita

201 2416 367 2486 Februario,
378 2417 424 2472 die
434 2416 555 2485 sabbati,
567 2415 715 2486 cujusdam
726 2418 831 2471 nostrae
839 2415 966 2470 ecclesia
976 2413 1017 2469 la·
1067 2413 1172 2468 secula
1182 2415 1363 2471 saeculorum.
1373 2417 1476 2471 Amen.

389 2750 586 2837 SANCTI
622 2748 904 2854 DOMNOLI,
944 2747 1376 2835 GENOMANENSIS
1411 2750 1693 2857 EPISCOPI,

801 2930 1006 3069 ALIA
1059 2928 1289 3068 VITA.

894 3138 947 3210 (Ea
960 3155 1009 3196 ms.
1025 3139 1190 3210 Ansotcasi.)

239 3366 263 3417 t.
278 3361 326 3416 Vir
343 3361 459 3415 illustris
479 3359 612 3415 dominus
631 3361 799 3428 Domnolus‚
818 3362 1019 3419 cenomanica
1029 3369 1204 3450 Acceperat,
1230 3363 1349 3420 mirifice
1368 3360 1559 3437 amplificavit,
1585 3364 1613 3418 et
1630 3362 1723 3417 terme
1748 3362 1890 3435 quinqua·

201 3456 319 3512 civitatis
334 3456 492 3527 episcopus,
508 3455 624 3510 natione
639 3454 802 3527 alienigena
816 3457 1018 3528 nobilibusque
1069 3459 1150 3530 ginta
1164 3459 1322 3514 monachos
1335 3457 1376 3512 ibi
1388 3458 1535 3529 regulares
1545 3456 1650 3527 degere
1660 3456 1823 3524 constituit,
1834 3457 1889 3528 ple

201 3567 236 3604 ex
248 3549 415 3621 parentibus
428 3552 731 3619 ortus-successorque
745 3548 822 3603 beati
843 3551 1017 3618 Innocentis,
1070 3568 1164 3623 nequo
1175 3550 1388 3607 eisvictualiain
1403 3550 1536 3606 omnibus
1549 3549 1770 3605 necessitatibus
1777 3567 1891 3622 eorum,

202 3642 333 3713 ejusdem
347 3642 425 3696 urbis
439 3641 578 3713 praesulis,
592 3642 650 3712 qui,
670 3644 788 3712 propter
806 3658 937 3697 amorem
956 3643 1017 3711 Dei,
1070 3644 1127 3698 sive
1149 3646 1371 3718 peregrinorum
1394 3647 1480 3715 atque
1505 3642 1725 3698 adventantium
1752 3644 1885 3711 fratrum,

202 3734 758 3805 patriamatqueonmempossessionem
766 3752 846 3790 suam
853 3736 1019 3808 relinquens
1070 3738 1232 3809 adimplens
1245 3739 1328 3794 docte
1342 3739 1491 3810 supplevit,
1507 3741 1536 3793 et
1551 3754 1600 3793 eos
1609 3737 1786 3808 regulariter
1797 3739 1887 3793 vivere

185 3827 346 3898 'profectus
357 3830 399 3880 est
408 3828 539 3894 Romam,
554 3827 655 3882 limina
665 3827 815 3883 beatorum
824 3831 1019 3900 apostolorum
1070 3831 1175 3886 docuit.
1194 3831 1360 3886 Antedictus
1375 3848 1500 3903 namque
1516 3831 1786 3886 beatusltomnolus
1796 3831 1885 3904 ponti·

201 3936 287 3974 causa
307 3919 444 3974 orationis
465 3909 637 3974 visitaturus.
658 3921 728 3975 lude
746 3938 860 3993 quoque
884 3922 1021 3978 remeavit
1069 3925 1125 3992 fex,
1140 3926 1378 3981 monasteriolum
1388 3926 1564 3980 inhonorem
1574 3925 1886 3981 sanctorumVincentii

202 4028 292 4084 usque
302 4012 337 4067 ad
346 4013 569 4068 cenomanicam
579 4013 733 4095 civitatem,
745 4015 811 4069 etin
821 4032 886 4070 eam
896 4017 1019 4071 Domino
1071 4021 1099 4072 et
1113 4019 1258 4073 Laurentii
1273 4023 1433 4092 martyrum
1451 4019 1554 4074 Christi
1565 4020 1648 4090 juxta
1665 4020 1771 4075 urbem
1784 4019 1884 4076 consti·

202 4106 326 4161 ducente
339 4107 478 4177 pervenit.
493 4108 556 4178 lpsa
567 4123 636 4178 ergo
652 4106 765 4161 civitate
775 4111 803 4162 et
813 4109 919 4179 populo
930 4109 1020 4181 ipsius
1070 4112 1134 4179 tuit,
1145 4112 1216 4168 etad
1228 4113 1362 4167 effectum
1375 4112 1613 4185 usqueperduxit.
1623 4112 1886 4169 Addedicationem

200 4200 345 4273 parocbia
355 4199 505 4271 indigente
511 4199 655 4270 pontifice,
668 4204 697 4254 et
706 4199 802 4273 aliquo
813 4204 944 4272 tempore
955 4203 1018 4257 abs·
1071 4205 1176 4277 quippe
1187 4206 1276 4277 ipsius
1286 4206 1485 4262 monasterioli
1499 4206 1626 4261 ecclesiae
1638 4206 1760 4261 beatum
1775 4208 1887 4263 Germa-

202 4311 258 4366 que
268 4292 329 4366 ipso
341 4296 471 4362 vacante,
485 4293 653 4365 praedictum
669 4293 819 4349 dominum
833 4295 1018 4364 Domnolum,
1070 4316 1150 4366 num,
1166 4298 1333 4354 Parisiensis
1349 4299 1469 4355 civitatis
1483 4299 1629 4372 insignem
1645 4299 1826 4372 episcopum,
1841 4317 1885 4355 vo·

197 4385 1020 4460 jampontificemordinatum,gratulanterinpontificatus
1070 4392 1157 4459 cavit;
1173 4396 1202 4447 et
1215 4409 1280 4448 curn
1293 4393 1354 4465 ejus
1364 4410 1506 4449 consensu
1517 4399 1545 4449 et
1555 4392 1760 4465 deprecatione
1771 4395 1839 4449 cleri
1850 4395 1887 4466 ip·

202 4481 334 4536 ordinem
343 4481 464 4536 Domino
476 4481 648 4552 disponente
662 4486 863 4553 susceperunt;
876 4483 1018 4554 etprinci·
1070 4484 1126 4540 sius
1146 4485 1266 4541 civitatis
1281 4490 1310 4540 et
1323 4486 1421 4558 populi
1442 4487 1517 4541 illius
1535 4486 1613 4541 urbis
1628 4501 1661 4540 ac
1680 4488 1838 4557 parochia,
1860 4487 1887 4541 ct

201 4588 253 4645 pes
266 4573 397 4644 ejusdem
409 4573 545 4645 regionis,
563 4577 649 4646 atquo
673 4575 835 4630 sacerdotes
852 4574 908 4630 sive
924 4576 1019 4630 clerici
1069 4594 1135 4632 cum
1144 4595 1284 4633 consensu
1296 4595 1406 4646 eorum,
1419 4580 1454 4634 de
1466 4579 1552 4635 rebus
1562 4583 1668 4635 sanctae
1680 4580 1778 4636 llariae
1788 4584 1886 4636 etsen-

202 4666 247 4720 vel
268 4666 377 4720 nobiles
392 4683 493 4721 omnes
508 4667 595 4738 ipsius
615 4668 768 4738 parochia,
793 4685 859 4723 eum
873 4668 1019 4740 deprecati
1069 4675 1178 4727 ctorum
1186 4676 1345 4744 martyrum
1353 4672 1887 4745 GervasiietProtasii,matrisejusdem

202 4762 269 4814 sunt
281 4762 313 4814 ut
324 4759 418 4830 ipsam
433 4759 471 4814 ad
483 4760 644 4831 regendam
660 4761 979 4834 susciperetcivitatem,
991 4748 1057 4821 etB
1069 4765 1189 4820 civitatis
1212 4766 1350 4835 ecclesia,
1366 4767 1429 4837 jam
1449 4767 1558 4822 dictum
1572 4768 1794 4836 monasterium,
1812 4768 1886 4840 quod

202 4854 310 4908 clerum
326 4856 354 4907 et
363 4855 498 4908 cunctum
511 4853 649 4924 populum
663 4854 818 4926 episcopali
836 4856 1018 4912 ordinatione
1069 4876 1120 4914 suo
1136 4876 1223 4929 opero
1239 4864 1268 4914 et
1282 4860 1381 4914 labore
1397 4860 1613 4917 alundamento
1628 4860 1793 4933 aedificavit,
1805 4861 1884 4917 dota·

202 4962 234 5001 ac
256 4946 398 5018 regimine
421 4946 570 5001 ordinaret
580 4963 612 5001 ac
622 4949 747 5017 regeret,
765 4951 794 5002 et
807 4948 930 5005 Domino
944 4951 1017 5005 mul·
1068 4953 1127 5008 vit:
1142 4955 1171 5008 et
1185 4952 1263 5007 villas
1278 4954 1416 5025 episcopii
1429 4954 1466 5008 ad
1478 4953 1613 5010 eamdem
1626 4955 1791 5022 ecclesiam,
1801 4972 1887 5027 quarn

202 5037 336 5109 tipliciter
350 5042 529 5095 lucraretur:
547 5039 595 5111 qui
612 5042 641 5093 et
655 5039 710 5095 boc
723 5039 836 5110 invitus,
860 5046 889 5097 ct
907 5060 924 5098 a
943 5045 1018 5100 clero
1068 5046 1099 5101 in
1108 5046 1211 5102 eodem
1222 5048 1401 5104 monasterio
1412 5065 1469 5103 una
1478 5048 1637 5104 cumbeato
1648 5049 1806 5118 Germano,
1819 5066 1889 5121 pra·

201 5131 246 5184 vel
266 5134 371 5204 populo
391 5138 515 5202 coactus,
531 5134 598 5189 licet
613 5134 726 5202 nobilis,
746 5134 908 5191 bumilitate
921 5141 1019 5193 tamen
1054 5135 1151 5196 ¹dicta
1161 5141 1328 5197 Parisiensis
1342 5142 1462 5198 civitatis
1472 5142 1578 5215 insigni
1592 5143 1740 5215 episcopo,
1754 5148 1784 5199 et
1796 5144 1826 5198 in
1836 5144 1888 5198 bo-

202 5226 327 5296 suscepit
348 5225 494 5294 officium3
520 5230 549 5282 et
570 5245 629 5283 non
656 5228 803 5284 modicum
823 5229 858 5283 ab
885 5232 1020 5287 omnibus
1069 5250 1171 5289 norem
1187 5233 1352 5290 sanctorum
1367 5239 1527 5309 martyrum
1539 5236 1682 5291 vincentii
1697 5241 1727 5292 et
1740 5238 1888 5293 Laurentii

202 5320 305 5373 cuncto
321 5320 451 5389 tempore
464 5323 528 5376 vitm
541 5338 598 5378 suae
610 5324 793 5395 pontificatus
812 5321 911 5377 tribuit
926 5324 1017 5379 admi-
1069 5322 1204 5384 Kalendis
1226 5328 1393 5383 Novembris
1418 5328 1609 5398 dedicaverat,
1628 5329 1728 5400 dedit3
1750 5334 1780 5386 et
1800 5331 1832 5386 in
1856 5348 1891 5388 eo

201 5410 340 5466 niculum.
1069 5424 1156 5493 caput
1167 5421 1245 5477 beati
1258 5421 1400 5485 vincentii
1414 5426 1443 5479 et
1454 5439 1589 5495 magnam
1612 5428 1728 5496 partem
1745 5425 1892 5482 craticulae

236 5509 262 5561 2.
279 5505 328 5559 llic
344 5503 373 5558 in
387 5504 449 5557 loco
466 5503 494 5557 in
504 5521 561 5575 quo
571 5506 671 5562 beatus
685 5509 822 5577 Julianus,
839 5509 948 5581 primus
957 5511 1019 5580 jam
1069 5532 1154 5585 super
1167 5532 1254 5588 quam
1265 5520 1378 5571 sanctus
1392 5518 1562 5574 Laurentius
1576 5521 1688 5574 assatus
1702 5522 1757 5589 est,
1771 5519 1893 5578 honori·

200 5596 282 5656 dictae
297 5597 375 5655 urbis
399 5596 559 5669 episcopus,
583 5615 701 5670 corpore
725 5604 917 5674 requiescens,
938 5603 1019 5675 juxta
1068 5608 1121 5661 lloe
1141 5610 1298 5665 collocavit.
1317 5611 1371 5665 Per
1391 5612 1521 5666 chartam
1537 5628 1605 5667 vero
1630 5629 1682 5668 sua
1703 5630 1842 5684 munera,
1863 5620 1895 5671 ut

198 5693 407 5752 monasterium
429 5690 537 5747 scilicet
553 5692 642 5745 sancti
659 5694 774 5749 Victorii
795 5714 885 5769 prope
900 5697 1017 5754 fluvium
1069 5699 1241 5772 dictumest,
1262 5704 1461 5761 consentiente
1475 5705 1609 5763 universo
1624 5706 1759 5765 clerovel
1771 5712 1893 5782 populo,

189 5785 313 5858 sinna,
329 5787 543 5846 monachorum
559 5801 703 5860 normam,
714 5804 777 5861 quae
791 5789 901 5847 dudum
915 5791 1017 5849 llorere
1069 5794 1371 5858 etdominoGermano
1379 5817 1527 5858 assensum
1532 5801 1777 5875 praesentandas
1785 5811 1894 5872 sancte
