3884 6150
128 256 178 310 993
690 244 821 304 SAECULl
840 247 936 303 snxrt
955 245 1231 304 SUPPLEMENTUM.
1756 241 1806 295 eto

126 361 206 433 prius
231 358 347 432 quidem
372 356 495 413 breviter
520 354 727 426 legislationem
754 360 939 426 exponentes,
952 357 1045 442 Anit,
1061 359 1089 410 et
1102 354 1220 409 multam
1235 352 1364 423 imponit,
1380 357 1506 423 etusque
1518 351 1553 406 ad
1568 365 1613 405 res
1625 347 1807 404 sanctissimae

127 453 223 526 sicque
235 467 318 507 omne
332 449 408 522 quod
423 448 566 519 reliquum
579 453 623 503 est
636 448 803 503 intexentes.
988 450 1104 521 maioris
1117 447 1240 503 ecclesie
1252 449 1306 500 stat
1314 445 1501 515 solummodo,
1516 449 1544 500 et
1566 457 1736 515 quanquam
1754 458 1808 495 om·

162 547 228 602 Vult
240 550 334 600 autem
347 543 395 597 illa
407 558 500 614 neque
513 542 570 596 lieo
584 541 734 597 amabilem
752 539 938 611 archiepisco·
988 560 1057 599 nem
1069 541 1187 623 perimit
1203 539 1482 608 circumventionem,
1507 553 1594 610 quam
1612 534 1806 609 praediximus,

126 654 197 712 pum
209 642 238 693 ct
255 635 441 708 patriarcham
453 634 539 705 huius
552 634 720 689 felicissime
742 632 869 701 civitatis,
891 649 940 688 seu
988 654 1047 693 uon
1058 639 1154 691 tamen
1164 633 1288 690 retinere
1298 632 1478 688 calliditatem
1487 636 1586 704 postea
1596 629 1806 700 insurgentium

127 729 308 787 sanctbsimae
339 727 452 799 majoris
484 728 616 796 ecclesiae,
644 742 735 797 neque
763 741 940 782 oeconomum
989 730 1085 785 valuit.
1098 728 1219 794 Quidam
1234 726 1312 782 enim
1325 723 1590 796 dudumhoequod
1603 720 1805 777 vocatnrcolo-

127 822 257 890 vendere,
275 825 324 876 aut
346 820 460 889 donare,
473 824 522 874 aut
534 820 615 874 aliter
629 819 751 874 alienare
764 836 825 874 rem
839 818 939 874 immo·
990 821 1102 878 narium
1107 821 1156 893 jus
1165 820 1216 891 (est
1225 822 1319 874 autem
1329 817 1502 873 colonarium
1506 817 1555 888 jus
1564 814 1656 871 veluti
1664 814 1686 869 si
1694 812 1806 868 domum

126 914 224 983 bilem,
239 913 357 969 domum
369 912 473 983 forsan,
486 918 535 968 aut
548 929 660 984 agrum,
674 917 722 967 aut
735 911 878 981 colonum,
892 916 942 966 aut
990 916 1133 971 valentem·
1142 916 1256 969 centum
1269 911 1381 981 solidos,
1397 915 1425 966 et
1442 912 1627 982 praestantem
1644 907 1807 980 pensionem

127 1005 266 1078 mancipia
279 1006 392 1073 mastica,
407 1011 456 1061 aut
468 1005 562 1060 civiles
586 1021 713 1060 annonas
734 1006 810 1074 inam
833 1010 861 1060 et
879 1005 941 1059 hnc
990 1009 1093 1065 solidos
1106 1007 1204 1063 decem
1215 1005 1333 1077 accipiat
1345 1004 1407 1076 quis
1420 1003 1455 1058 ab
1469 1001 1596 1072 ecclesia,
1613 1005 1645 1056 et
1657 1000 1707 1055 det
1719 1016 1773 1073 pro
1782 1015 1810 1055 11

125 1099 201 1155 inter
219 1097 376 1154 immobilia
398 1098 576 1154 numeranda
598 1101 664 1153 sunt
688 1114 752 1169 qum
778 1100 941 1169 competunt
991 1101 1094 1157 solidos
1114 1104 1239 1168 centurn,
1260 1115 1308 1153 seu
1332 1096 1463 1168 amplius,
1478 1099 1527 1151 aut
1550 1095 1642 1151 etiam
1661 1093 1770 1160 minus,
1788 1098 1812 1146 et

125 1191 440 1263 temtantinopotinna
464 1190 647 1245 sanctissimae
674 1190 777 1261 majori
804 1190 939 1260 ccclesia),
990 1194 1071 1266 quasi
1077 1194 1139 1265 jam
1152 1193 1186 1248 de
1200 1191 1315 1265 pmprio
1324 1194 1459 1262 aggravet
1469 1204 1498 1244 se
1513 1188 1579 1243 dare
1592 1186 1720 1260 singulis
1730 1185 1810 1240 anuis

125 1283 176 1340 aed
189 1299 282 1355 neque
298 1300 349 1356 pro
364 1284 419 1338 ulla
434 1283 672 1354 compensatione,
686 1288 736 1338 aut
748 1282 873 1354 qualibet
888 1283 942 1337 alia
991 1288 1069 1358 qnasi
1088 1285 1229 1358 pensionis
1240 1284 1357 1339 nomine
1371 1282 1473 1337 solidos
1486 1284 1560 1350 tres3
1576 1280 1633 1336 iste
1647 1283 1809 1349 111111111-

127 1376 364 1433 circumventione
389 1376 446 1431 tale
473 1374 580 1447 aliquid
602 1377 658 1447 agi.
683 1377 717 1430 Et
742 1376 942 1431 interminatur
990 1380 1111 1452 pellatur
1123 1393 1259 1450 parmena.
1275 1376 1328 1432 Sed
1343 1377 1434 1449 ipsam
1447 1374 1565 1429 domum
1580 1372 1637 1428 sub
1650 1377 1711 1428 tam
1727 1387 1811 1443 parva

126 1469 248 1540 emptori
274 1469 389 1541 quidem
413 1469 454 1524 rei
476 1468 694 1535 restitutionem,
719 1473 750 1522 ut
770 1469 868 1523 reddat
890 1484 941 1539 pro
990 1472 1125 1544 pensione
1143 1472 1355 1542 inperpetuum
1369 1469 1470 1539 etipse
1484 1471 1513 1522 et
1526 1466 1735 1537 haeredesejus
1747 1481 1810 1536 pos-

125 1565 253 1633 tempore
266 1577 411 1616 oeconomo
425 1577 521 1616 rerum
534 1561 716 1616 sanctissimae
729 1561 851 1616 ecclesiae
868 1577 939 1630 rem,
991 1564 1130 1635 sidebant)
1143 1563 1350 1619 adinvenientes
1362 1559 1567 1633 nequenostris
1580 1558 1710 1630 legibus,
1720 1573 1810 1629 neque

126 1669 213 1726 quam
234 1654 295 1725 ipse
317 1654 484 1726 perceperit,
506 1670 571 1708 cum
595 1654 672 1707 omni
691 1653 777 1708 medii
804 1654 942 1726 temporis
991 1659 1157 1730 cujusquam
1174 1656 1303 1711 omnium
1320 1656 1430 1721 notum,
1456 1652 1735 1708 circumventionem
1756 1668 1809 1706 nou

126 1746 231 1816 fructu,
251 1749 279 1801 et
292 1746 352 1801 aliis
366 1747 459 1814 lucris,
475 1761 541 1800 casu
556 1745 722 1801 imminente
741 1746 898 1817 pretiorum
916 1732 979 1804 eiss
990 1767 1107 1823 pomam
1121 1749 1247 1805 meditati
1261 1752 1328 1803 suut
1340 1750 1437 1803 contra
1447 1746 1552 1818 legem,
1571 1749 1730 1819 perpetuas
1742 1760 1809 1816 pene

126 1839 176 1910 qui
190 1838 244 1893 tale
256 1837 361 1908 aliquid
372 1837 722 1910 accipereautcomparare
730 1840 940 1910 presumpserit
988 1843 1177 1915 excogitantes
1197 1841 1388 1897 alienationes.
1409 1839 1489 1904 Quod
1505 1855 1558 1893 nos
1572 1839 1610 1894 de
1641 1839 1749 1893 caetero
1766 1839 1808 1908 agi

56 1998 59 2003 Ι
126 1945 192 1985 cum
204 1929 289 1986 etiam
301 1931 353 1985 hoc
365 1931 491 2002 quidem,
506 1930 581 2003 quod
591 1932 771 2004 contraleges
785 1935 937 1999 actumest
988 1936 1181 2008 prohibemus,
1195 1938 1222 1990 et
1234 1950 1286 2006 pro
1299 1950 1332 1989 eo
1341 1934 1402 2005 ipso
1411 1932 1633 2004 conscripsimus
1643 1931 1752 2003 legem.

125 2021 165 2078 ita
177 2027 274 2094 ponat,
288 2039 321 2078 ac
333 2023 357 2078 si
371 2040 464 2096 neque
477 2041 494 2078 a
507 2023 646 2096 principio
660 2029 772 2096 gestum
791 2025 836 2079 sit.
851 2023 938 2080 OEco-
1023 2029 1136 2084 Dudum
1148 2031 1242 2082 autem
1255 2030 1284 2082 et
1295 2026 1331 2081 ad
1345 2026 1546 2097 emphyteusin
1564 2027 1767 2096 respexerunt,
1783 2029 1808 2079 et

124 2131 325 2171 nomnmvero
340 2115 400 2171 haec
422 2115 653 2187 praevaricantem
680 2117 745 2172 dare
767 2116 882 2188 quidem
905 2118 939 2172 de
989 2122 1196 2177 imminuerunt
1204 2120 1355 2191 plurimam
1363 2119 1557 2191 querentem
1568 2116 1751 2172 verireditus
1760 2116 1809 2171 illis

124 2224 175 2265 suo
195 2208 378 2263 sanctissimae
402 2208 526 2264 ecclesiae
542 2208 625 2279 jubet
640 2225 736 2278 omne,
751 2209 888 2280 quidquid
904 2225 940 2264 ex
989 2216 1039 2288 qui
1053 2213 1252 2287 emphyteusin
1263 2213 1415 2284 accipiunt,
1433 2215 1606 2283 prestantes
1621 2209 1653 2265 hi
1668 2210 1721 2282 qui
1731 2210 1808 2264 rebus

126 2317 159 2356 ea
186 2317 268 2355 causa
289 2301 414 2356 lucratus
442 2305 494 2370 est,
521 2305 571 2355 aut
596 2301 778 2356 sanctissime
805 2301 938 2373 ecclesia,
989 2309 1106 2381 quidem
1118 2305 1299 2362 sanctissimae
1312 2305 1429 2376 majoris
1442 2304 1570 2360 ecclesie
1584 2302 1785 2375 procidebant.

126 2391 224 2447 damni
237 2392 341 2447 intulit.
356 2394 446 2464 Super
456 2394 509 2447 hoc
518 2397 615 2470 putem
624 2394 708 2448 etiam
719 2393 842 2449 excludit
848 2394 940 2450 officio
1026 2402 1148 2473 ideoque
1162 2415 1213 2455 nos
1222 2399 1252 2454 in
1264 2399 1387 2471 quedam
1398 2397 1636 2452 constitutionum
1648 2400 1808 2452 nostrarum

126 2499 314 2554 (economum,
334 2491 361 2540 et
380 2486 427 2540 dat
445 2486 585 2541 actionem
607 2487 791 2543 sancfissimae
805 2487 939 2558 ecclesiae,
990 2495 1140 2550 definimus
1154 2492 1270 2566 quidem
1284 2491 1416 2564 usquead
1429 2506 1563 2563 personas
1575 2494 1636 2546 tres
1647 2489 1810 2561 emphyteu-

125 2591 184 2632 non
198 2577 289 2632 solum
321 2582 418 2633 contra
447 2579 503 2633 Deo
530 2579 665 2635 amabiles
689 2596 858 2648 oeconomos,
892 2579 941 2635 sed
990 2588 1034 2644 ein
1053 2586 1126 2656 fieri,
1149 2585 1319 2658 accipientis,
1342 2590 1370 2641 et
1389 2584 1512 2640 duorum
1529 2581 1654 2639 aliorum
1677 2599 1809 2638 11111111

126 2669 211 2725 etiam
224 2675 323 2726 contra
342 2687 515 2726 successores
530 2688 639 2742 comm,
663 2672 719 2728 sive
732 2673 785 2744 ipsi
799 2673 940 2728 111111111-
990 2697 1071 2737 rum:
1088 2680 1141 2735 hoc
1155 2679 1240 2734 etiam
1253 2677 1428 2751 superiobus
1442 2676 1629 2733 sanctissimae
1641 2675 1764 2747 majoris
1772 2693 1809 2731 ec·

124 2764 532 2836 neverint,siveprotempore
545 2765 939 2838 Deoamabilemepiscopum,
991 2774 1083 2828 clasiae
1096 2771 1158 2828 fieri
1172 2772 1377 2843 permittentes,
1401 2785 1458 2825 non
1480 2773 1579 2825 autem
1604 2766 1683 2824 ultra
1708 2773 1807 2824 sextam

125 2861 175 2911 eut
192 2856 279 2911 alium
302 2856 464 2928 quempiam
489 2857 655 2912 clericorum
675 2857 801 2913 videntes
819 2859 943 2914 alienan-
991 2871 1100 2939 pentem
1119 2870 1236 2938 propter
1253 2864 1383 2920 fortuitos
1408 2878 1489 2918 casus
1512 2862 1722 2934 emphyteusin
1744 2862 1807 2918 acci·

125 2951 185 3002 tem
199 2947 335 3018 degeneri
349 2953 377 3002 et
390 2947 521 3002 illiberali
532 2949 722 3005 taciturnitate
738 2952 811 3021 passi
825 2957 900 3019 aunt,
915 2956 943 3007 et
990 2959 1101 3032 pientes
1121 2957 1238 3015 relevari
1252 2957 1418 3013 sancientes.
1435 2955 1505 3021 Quia
1518 2970 1589 3011 vero
1609 2955 1766 3012 didicimus
1775 2956 1808 3010 sic

126 3037 218 3093 multo
229 3038 333 3109 potius,
348 3038 371 3092 si
386 3055 450 3093 cum
466 3040 603 3107 viderent,
617 3043 835 3098 consentitentes
847 3043 901 3098 tale
915 3060 944 3098 a·
993 3051 1080 3108 effuse
1103 3055 1130 3107 et
1142 3051 1229 3122 impie
1238 3051 1273 3106 ab
1284 3049 1424 3122 aliquibus
1436 3047 1499 3104 fieri
1517 3048 1704 3117 documenta,
1718 3053 1752 3105 ui
1765 3065 1806 3104 ne.

127 3128 218 3201 liquid
231 3129 430 3201 permiserunt,
442 3136 470 3186 et
479 3148 536 3186 non
546 3133 763 3203 prohibuerant.
776 3135 818 3190 hd
828 3089 981 3192 haecau-C
993 3162 1048 3218 qne
1062 3149 1140 3201 sexta
1155 3144 1331 3216 relinquatur
1340 3141 1524 3198 sanctissimae
1534 3142 1664 3198 ecclesiae
1677 3159 1754 3214 pars,
1768 3159 1807 3198 11·

127 3227 188 3278 tem
199 3222 284 3277 etiam
290 3222 941 3300 tabellionem,quitaliaconlecitinstrumenta,
992 3238 1077 3311 liquis
1091 3237 1223 3293 omnibus
1234 3236 1434 3308 emphyteusin
1454 3235 1664 3308 accipientibus
1684 3235 1806 3291 donatis:

127 3319 266 3387 perpetuo
286 3315 372 3370 tradit
385 3316 603 3372 exsilionallanr
618 3319 643 3373 ei
657 3319 836 3376 clementiam
851 3339 942 3394 neque
991 3347 1076 3403 porro
1094 3335 1191 3387 entem
1209 3329 1370 3385 Anastasius
1382 3327 1438 3400 pic
1460 3325 1608 3384 niemoriae
1623 3333 1809 3400 3111111111-

127 3424 180 3479 per
192 3408 379 3463 reversionem
395 3409 576 3481 participans.
593 3412 666 3482 lpsos
680 3429 791 3485 quoque
806 3417 943 3471 maximos
993 3429 1155 3480 mentorum
1169 3423 1341 3478 constituens
1354 3422 1417 3476 lieri
1431 3437 1517 3492 super
1530 3421 1764 3489 alienationibus,
1772 3421 1807 3476 sio

7 3544 13 3550 .
124 3499 244 3572 judices,
259 3501 308 3572 qui
320 3501 355 3555 ad
368 3501 429 3555 haee
447 3504 592 3572 accedunt,
614 3509 642 3559 et
661 3506 763 3560 talibus
782 3509 944 3566 ministrant
992 3522 1025 3573 nt
1038 3517 1123 3574 eiiam
1136 3517 1220 3588 hujus
1233 3516 1275 3571 rei
1285 3519 1397 3586 tempus
1409 3514 1589 3585 adjiceretur,
1606 3522 1638 3570 et
1649 3515 1809 3588 emphyteu

127 3593 230 3662 causis,
246 3598 295 3647 111
312 3594 411 3648 confici
426 3595 501 3665 apud
515 3598 681 3669 semetipsos
694 3605 879 3656 monumenta
891 3619 943 3675 pro
992 3610 1036 3666 sin
1050 3614 1184 3677 statuens,
1202 3609 1262 3665 sine
1276 3610 1361 3681 gestis
1372 3609 1488 3681 quidem
1499 3625 1592 3680 usque
1611 3609 1652 3664 11
1671 3607 1806 3666 11111111-

126 3684 943 3751 conflrmationetaliumdonationumautaliorumactuum
991 3707 1050 3759 tam
1063 3703 1222 3774 accipientis
1236 3702 1445 3774 emphyteusin,
1462 3717 1528 3756 cum
1552 3701 1642 3774 gestis
1662 3706 1759 3758 cutm
1781 3702 1807 3755 in

127 3777 284 3849 patiuntur,
297 3778 421 3850 cingulo,
436 3784 464 3834 et
476 3781 623 3852 dignitate,
640 3788 669 3838 et
681 3785 835 3842 substantia
854 3788 943 3845 inter·
992 3798 1164 3869 perpetuum
1176 3812 1241 3851 eam
1262 3795 1428 3865 extendens,
1444 3810 1537 3867 neque
1558 3794 1722 3866 perfectam
1738 3795 1806 3860 lecit,

128 3868 942 3951 minaturexclaccre.derigitur-increpansvehementer,
992 3904 1086 3962 neque
1096 3889 1194 3944 utilem
1206 3889 1310 3961 legem,
1327 3893 1355 3944 et
1364 3888 1489 3960 undique
1503 3888 1718 3960 imperfectam,
1726 3903 1808 3960 nepte

128 3959 268 4032 permittit
277 3961 317 4013 111
328 3961 519 4018 ecclesiasticae
529 3982 619 4035 usum,
629 3971 942 4040 autquivocaturusus-
992 3982 1029 4037 ad
1041 3983 1130 4037 solam
1143 3981 1275 4038 dioecesiu
1287 3978 1483 4054 patriarchicae
1496 3980 1571 4036 sedis
1585 3981 1678 4053 hujm
1691 3981 1809 4037 letiensi-

128 4053 246 4120 iructus,
263 4052 315 4106 sub
327 4058 403 4109 certo
416 4056 539 4127 quodam
552 4060 689 4130 tempore,
701 4068 749 4117 aut
759 4064 842 4120 etiam
854 4084 943 4139 usque
993 4091 1048 4130 mre
1071 4074 1188 4130 civitatis
1209 4074 1291 4138 {sicut
1307 4074 1498 4146 prediximus)
1519 4074 1735 4147 legislationem
1755 4077 1807 4128 sla·

129 4144 271 4201 advitam
295 4146 477 4218 percipientis
496 4148 563 4204 dare
583 4153 785 4210 sanctissimam
807 4159 943 4230 majorem
993 4173 1086 4224 tuens.

130 4237 284 4307 ecclesiam,
309 4238 361 4293 sub
374 4239 530 4297 hactamen
542 4243 715 4317 delinitione,
730 4251 763 4303 ut
775 4249 797 4303 is
809 4252 858 4322 qui
871 4253 943 4309 hane
1027 4261 1082 4315 Nos
1103 4259 1192 4331 igitur
1214 4258 1281 4331 (jam
1300 4260 1377 4314 enim
1398 4259 1432 4316 ad
1445 4260 1540 4333 legem
1561 4260 1740 4317 veniendum
1761 4261 1808 4327 esti

129 4327 237 4399 accepit
258 4327 493 4400 munificentiam,
535 4332 663 4404 ejusdem
691 4338 854 4408 qarantitatis
881 4358 942 4398 rem
992 4353 1142 4420 sancimus,
1157 4368 1249 4424 neque
1265 4352 1471 4408 sanctissimam
1482 4354 1570 4426 hujm
1586 4352 1760 4410 felicissime
1772 4352 1808 4407 ei·

128 4423 325 4491 recompenset
343 4422 527 4479 sancnssimae
546 4426 647 4497 majori
666 4429 865 4503 ecclesiaejure
878 4446 1085 4520 pransitans
1099 4446 1236 4518 majorem
1249 4445 1405 4515 ecclesiam,
1420 4461 1512 4517 neque
1525 4445 1578 4501 sub
1597 4463 1635 4502 ea
1651 4442 1809 4502 constitutas

127 4513 265 4584 prietatis,
279 4529 314 4568 ex
328 4516 484 4587 quapossit
502 4518 635 4574 eumdem
654 4523 779 4578 reditum
801 4528 944 4584 111111111-
994 4539 1133 4607 eeclesias,
1158 4553 1281 4611 quanrm
1302 4537 1363 4609 ipsa
1387 4537 1583 4610 erogationem
1597 4540 1726 4611 suscepit
1736 4538 1811 4607 (11111

129 4621 177 4661 ma
190 4605 304 4660 ecclesia
312 4605 425 4677 habere,
436 4614 576 4680 quantum
585 4611 631 4667 ille
644 4629 677 4669 ex
690 4631 743 4670 usu
755 4621 872 4691 accepit,
882 4627 946 4694 post
994 4646 1057 4686 eam
1069 4631 1228 4686 1111111111
1240 4630 1295 4701 piae
1307 4630 1453 4686 memoriae
1465 4630 1674 4703 interpretatus
1687 4631 1749 4703 est),
1767 4644 1810 4684 111·

128 4697 309 4771 percipientis
323 4698 421 4770 111111
440 4706 572 4774 mortem,
593 4710 642 4761 aut
659 4707 807 4766 delinitum
821 4715 942 4787 tempus,
993 4739 1049 4795 qne
1061 4724 1232 4780 aliasomncs
1242 4725 1372 4780 ecclesias
1384 4725 1414 4779 in
1423 4724 1476 4779 hec
1488 4722 1655 4782 1111111111
1664 4725 1810 4782 existentes

128 4803 181 4848 usu
196 4791 325 4848 videlicet
337 4795 366 4848 et
383 4794 531 4850 usulmctu
542 4796 613 4852 datae
635 4801 827 4861 ecclesiastice
848 4808 889 4863 rei
908 4809 943 4866 11
993 4816 1112 4886 civitate,
1126 4820 1176 4872 aut
1188 4816 1263 4872 circa
1275 4818 1335 4888 ejus
1348 4815 1480 4884 confinia,
1502 4832 1599 4888 neque
1624 4819 1678 4874 sub
1699 4818 1811 4891 patriar

129 4885 331 4941 sanctissimam
351 4885 488 4958 majorem
507 4889 653 4946 ecclesiam
668 4894 817 4967 redeunte,
835 4901 943 4958 etitem
992 4909 1070 4964 chica
1092 4909 1158 4965 aede
1184 4910 1270 4980 hujus
1295 4908 1464 4966 felicissime
1487 4907 1608 4965 civitatis
1640 4909 1809 4978 constitutas,

129 4988 182 5033 usu
200 4978 311 5033 donatae
333 4979 374 5034 rei
397 4994 462 5034 cum
475 4982 648 5053 proprietate
660 4987 842 5046 sanctissimae
858 4995 943 5052 eccle·
992 5016 1113 5074 quarum
1135 5003 1365 5075 metropolitanos
1386 5002 1447 5075 ipse
1466 5001 1589 5073 ordinat,
1613 5018 1710 5076 neque
1729 5003 1810 5060 alium

129 5067 179 5171 ain
189 5069 371 5141 vindicand03
385 5072 470 5128 111111
485 5090 609 5147 namque
625 5081 799 5137 contractum
816 5085 875 5142 sine
895 5105 943 5160 pe·
991 5094 1083 5150 ullum
1095 5095 1266 5167 ubicunque,
1282 5095 1340 5151 sive
1353 5093 1553 5168 patriarcham,
1569 5093 1631 5151 sive
1645 5095 1809 5168 episcopum

129 5160 219 5215 riculo
234 5177 294 5216 esse
313 5164 393 5233 ponit
411 5167 467 5221 lex.
490 5167 518 5222 Si
536 5183 603 5224 vero
621 5171 739 5228 minoris
757 5175 843 5232 luerit
856 5196 942 5250 quam
992 5187 1119 5257 (dicimus
1134 5193 1230 5244 autem
1246 5190 1275 5243 et
1287 5205 1335 5244 eos
1345 5187 1394 5260 qui
1406 5188 1436 5243 in
1450 5185 1572 5255 Oriente,
1581 5187 1672 5259 etqui
1683 5189 1716 5243 in
1728 5185 1811 5259 tityri

129 5252 206 5325 qiiod
218 5253 797 5355 daturasanctissimaeoclesiailludquod
809 5287 942 5344 compen·
991 5295 1034 5350 co,
1058 5281 1175 5353 insuper
1196 5285 1225 5337 et
1246 5281 1276 5337 in
1293 5282 1425 5354 AEgypto,
1448 5284 1477 5336 et
1496 5280 1648 5352 Lycaonia,
1669 5285 1758 5352 atquc
1782 5279 1809 5333 in

129 5348 207 5400 satur
220 5360 245 5399 11
257 5359 337 5415 cinus
349 5363 417 5402 mox
436 5351 551 5420 quidem
571 5356 708 5428 percipiet
729 5362 939 5436 proprietatem,
990 5371 1081 5444 Lycia,
1103 5379 1132 5429 et
1156 5391 1203 5429 eos
1222 5375 1270 5446 qui
1289 5374 1320 5429 in
1338 5374 1466 5430 Africana
1484 5373 1641 5444 provincia,
1662 5377 1761 5445 atque,
1783 5374 1810 5426 ὓ*

128 5441 222 5511 sperat
230 5440 325 5493 autem
334 5444 361 5494 et
372 5455 454 5494 usum
464 5444 600 5516 accipere,
608 5448 754 5508 infirmum
764 5461 940 5514 contractum
989 5464 1109 5521 strictim
1129 5467 1264 5536 dicamus,
1287 5480 1341 5539 per
1352 5482 1449 5522 omnes
1462 5469 1567 5536 nostras
1580 5465 1702 5521 11111111
1713 5471 1808 5529 terrm,

128 5535 157 5588 et
178 5547 230 5603 Pf0
242 5547 300 5586 ⁰⁰¹1
312 5531 384 5587 f³⁰i⁰
396 5533 487 5603 ptiust,
501 5536 602 5608 datque
614 5541 758 5601 licentiam
773 5548 939 5605 vindicatio·
989 5573 1108 5627 necnon,
1124 5560 1216 5630 quiin
1230 5560 1379 5616 Occidente
1392 5564 1466 5627 sunt,
1481 5560 1538 5615 Deo
1550 5558 1690 5614 amabiles
1704 5557 1808 5630 episco-

126 5625 182 5693 nis‚
205 5627 302 5696 utpote
326 5625 563 5684 circumventione
575 5639 672 5690 contra
689 5636 737 5707 jus
755 5642 940 5700 mncdssime
987 5665 1038 5721 pos
1052 5649 1161 5723 abipsa
1177 5629 1539 5725 senioreltomausquead
1552 5652 1701 5709 Oceanum
1720 5649 1809 5707 consi·

129 5715 253 5775 ccclesia
271 5718 354 5775 facta.
373 5718 431 5774 Lex
443 5719 538 5791 itaque
549 5723 615 5778 talia
627 5727 678 5782 suh
692 5729 827 5790 brevitate
840 5736 938 5793 decer·
988 5743 1121 5799 111111111
1132 5745 1372 5802 sanctissimarum
1380 5745 1606 5802 orthodoxarum
1614 5741 1808 5813 ecalmiunmi
