3884 6150
88 242 143 310 aaa
374 236 680 312 succenturiatus
699 253 920 312 ulltlcautul.
942 283 976 295 -
995 254 1089 311 mssa
1110 255 1275 314 nonensis
1292 257 1505 326 economus.
1726 262 1778 321 tal

437 362 572 413 collectio.
925 364 1045 478 Anium
1056 370 1218 420 sanctorum
1231 371 1358 437 tuorum,
1373 369 1422 438 qui
1440 385 1492 440 per
1508 367 1672 425 uuiversum
1690 387 1775 428 mun-

125 455 210 526 Deus,
240 455 290 528 qui
312 455 397 528 ciilpa
417 455 578 527 offenderis,
594 457 759 529 penitentia
781 459 909 530 placaris,
964 458 1118 529 dumpassi
1130 464 1196 514 sunt
1208 464 1442 532 propteruomen
1464 466 1556 532 tunm,
1576 464 1705 527 Domine,
1726 483 1775 524 seu

87 545 261 606 afflictorum
276 550 398 622 gemitus
412 551 529 622 respice,
549 554 577 607 et
599 552 675 607 mala
697 569 762 624 quae
774 553 850 625 juste
871 552 913 607 in·
961 550 1167 607 confessoribus
1180 553 1245 622 tuis,
1260 570 1383 625 quemme
1396 555 1503 610 meritis
1514 556 1702 631 precibusque
1712 577 1776 617 con-

88 655 185 715 rogas,
200 643 420 700 misericorditer
432 650 535 701 averte.
961 644 1052 714 cedas,
1076 646 1158 700 utin
1177 646 1308 702 omnibus
1325 648 1507 719 protectionis
1531 654 1588 705 tuce
1611 653 1776 711 muniamur

411 747 471 797 Post
481 747 597 798 nomina,
960 738 1075 805 aemilio,
1089 755 1140 810 per
1149 739 1292 795 Christum
1302 740 1453 797 Dominum
1466 746 1606 798 nostrum.

126 829 236 901 Oblata,
249 831 378 902 Domine,
392 849 512 889 munera
526 832 678 904 sanctifica,
693 849 802 907 nosque
814 849 831 888 a
843 848 909 905 pec·
997 833 1072 887 lianc
1086 833 1175 904 igitur
1188 833 1360 889 oblationem
1381 836 1521 891 servitutis
1540 842 1654 906 nostra,
1676 841 1725 896 sed
1749 847 1777 899 et

91 927 219 981 catorum
232 930 394 982 nostrorum
408 927 524 982 macolis
538 928 672 984 emunda.
961 930 1069 981 cuncta
1079 926 1194 983 familiae
1206 931 1264 983 tuae
1278 928 1303 998 b,
1315 928 1460 999 quamtibi
1474 929 1619 986 offerimus
1638 933 1668 986 in
1684 933 1774 990 hono-

419 1028 461 1078 Ad
475 1042 578 1093 pacem.
960 1034 1021 1074 rem
1034 1020 1158 1076 nominis
1170 1021 1629 1095 tui,Deus,quaesumus,Domine,
1639 1030 1672 1081 ut
1681 1027 1774 1098 placa-

129 1112 210 1168 Grata
230 1112 266 1167 sit
287 1111 349 1180 tibi,
368 1113 499 1183 Domine,
517 1114 580 1169 haec
601 1113 706 1170 oblatio
726 1113 818 1187 plebis
842 1116 910 1184 tuae,
961 1096 1006 1168 tiis
1019 1114 1149 1186 accipias,
1165 1115 1280 1187 diesque
1294 1120 1405 1171 nostros
1424 1117 1454 1171 in
1473 1121 1520 1172 tua
1541 1133 1609 1189 pace
1633 1119 1776 1195 disponas,

98 1214 178 1271 quam
196 1205 246 1260 tibi
269 1204 413 1261 offerimus
440 1207 470 1262 iu
496 1207 604 1265 honore
632 1208 754 1263 nominis
776 1207 829 1278 tui,
858 1204 907 1280 [ut]
961 1206 1052 1279 adque
1064 1207 1099 1262 ab
1112 1212 1217 1263 aterna
1232 1209 1412 1264 damnatione
1426 1225 1477 1264 nos
1491 1210 1573 1283 eripi,
1591 1215 1619 1267 et
1633 1212 1661 1268 in
1675 1215 1777 1271 electo-

100 1300 200 1356 cunctis
209 1297 338 1373 proficiat
350 1300 386 1355 ad
399 1301 532 1357 salutem.
960 1316 1025 1355 rum
1037 1304 1153 1356 tuorum
1162 1301 1264 1372 jubeas
1279 1318 1365 1375 grege
1386 1304 1541 1374 numerari,
1562 1321 1615 1376 per
1633 1307 1776 1366 Christum

418 1402 585 1453 contestatio.
960 1394 1110 1449 Dominum
1125 1399 1265 1451 nostrum.

131 1485 197 1544 Vere
209 1485 330 1560 dignum
349 1492 378 1542 et
398 1487 510 1559 justum
528 1491 579 1558 est,
607 1503 723 1560 aequum
748 1492 776 1543 et
788 1488 910 1543 salutare
995 1486 1013 1548 t·
1026 1488 1114 1552 Quam
1129 1488 1300 1544 oblationem
1313 1494 1354 1559 tu,
1368 1491 1451 1553 Deus,
1464 1490 1496 1545 in
1519 1492 1650 1548 omnibus
1664 1510 1776 1566 qraesti-

97 1592 145 1634 nos
160 1579 210 1635 tibi
235 1596 347 1653 semper
367 1586 396 1636 et
413 1581 520 1654 ubique
547 1581 654 1653 gratias
674 1597 769 1654 agere,
793 1582 910 1637 Domine
959 1595 1023 1634 mus
1035 1580 1212 1637 benedictam
1225 1581 1253 1650 t,
1267 1583 1437 1655 adscriptam
1448 1586 1477 1652 †,
1498 1589 1599 1655 ratam,
1623 1588 1774 1645 rationabi·

90 1679 195 1744 sancte,
205 1675 287 1730 Pater
295 1674 484 1746 omnipotens,
495 1679 600 1731 aeterne
609 1676 693 1743 Deus,
704 1691 757 1748 per
767 1675 910 1730 Christum
958 1673 1016 1729 lem
1030 1675 1286 1748 acceptabilemque
1300 1676 1392 1732 facere
1407 1677 1543 1749 digneris,
1559 1696 1624 1751 quae
1643 1694 1655 1722 ⁰
1668 1682 1778 1748 nobis-1·

79 1765 242 1823 Dominum
259 1772 396 1824 nostrum.
413 1769 466 1826 Per
478 1784 565 1840 quem
576 1769 749 1849 dejestatem
760 1771 838 1826 tuam
851 1768 946 1849 lau-B
957 1783 1059 1840 corpus
1071 1766 1090 1828 i
1103 1770 1131 1823 et
1144 1769 1261 1840 sanguis
1274 1768 1324 1825 fiat
1336 1770 1509 1826 dilectissimi
1522 1772 1582 1827 Filii
1604 1775 1646 1829 tui
1666 1776 1777 1832 Domini

70 1859 161 1916 dant
171 1862 274 1934 angeli,
287 1862 406 1918 adorant
418 1862 637 1931 dominationes,
647 1866 775 1918 tremunt
787 1865 908 1935 potesta·
960 1861 1009 1916 Dei
1021 1861 1111 1917 nostri
1123 1863 1187 1917 lesu
1200 1862 1311 1917 Christi.
1335 1863 1388 1927 Qui
1404 1864 1494 1935 pridie
1517 1882 1602 1936 quarn
1621 1871 1776 1940 pateretur,

61 1955 147 2008 tes
169 1955 235 2011 Cocli
258 1955 450 2029 caelorumque
474 1956 592 2012 virtutes
619 1974 651 2011 ac
670 1957 753 2012 beato
777 1955 911 2028 seraphin
959 1956 1075 2010 Acerris
1099 1970 1186 2009 aaran
1212 1972 1239 2010 m
1262 1957 1409 2011 sauerasd
1434 1974 1466 2012 ac
1486 1959 1657 2015 venerabiles
1676 1980 1777 2019 manus

49 2049 166 2103 socia
177 2050 352 2106 exultatione
369 2050 576 2106 concelebrant.
603 2051 674 2106 Cum
694 2048 797 2122 quibus
812 2053 841 2105 et
857 2039 908 2104 noss
959 2064 1032 2117 suas,
1052 2047 1097 2121 [et]
1114 2048 1227 2104 elevatis
1238 2048 1326 2103 oculis
1336 2049 1393 2104 suis
1406 2050 1435 2104 iu
1460 2052 1573 2121 caelum,
1589 2054 1625 2108 ad
1639 2057 1666 2109 te
1688 2057 1777 2112 Deum

42 2141 163 2197 strae
175 2159 257 2199 voces
271 2147 302 2198 ut
320 2143 431 2199 admitti
441 2144 543 2216 jubeas
563 2145 758 2217 deprecamur,
783 2142 908 2216 supplice
957 2141 1070 2196 Patrem
1083 2158 1167 2197 suum
1181 2141 1415 2214 omnipotentem,
1437 2144 1540 2215 gratias
1552 2162 1649 2217 agens,
1663 2148 1778 2205 benedi-

35 2236 264 2293 confessione
279 2236 404 2294 dicentes
415 2254 422 2293 ι
433 2236 562 2293 Sanctus.
959 2235 1000 2290 xit
1013 2238 1042 2305 ὃς,
1059 2253 1164 2308 sarcir,
1185 2253 1264 2292 uanir
1281 2252 1428 2293 u1sciacn1s
1449 2237 1506 2292 suis
1524 2238 1629 2309 dicens,
1653 2242 1777 2315 Accipite

124 2330 165 2385 'le
178 2329 293 2403 igitur⁸‚
308 2330 528 2387 clementissime
538 2333 631 2402 Pater,
643 2346 696 2405 per
708 2328 907 2398 JesnmChri·
958 2332 987 2384 et
1010 2331 1179 2386 manducate
1200 2347 1235 2386 ex
1252 2331 1305 2385 hoc
1328 2346 1435 2386 omnes.
1458 2333 1515 2385 lloc
1533 2336 1575 2387 est
1588 2334 1663 2388 enim
1677 2352 1778 2408 corpus

27 2413 169 2478 M-lnm
194 2422 297 2479 Filium
317 2428 409 2496 tuum,
433 2424 588 2481 Dominum
607 2408 752 2496 nostrum]
766 2402 908 2496 {applices
957 2425 1064 2479 meum:
1079 2423 1175 2480 Simile
1187 2425 1272 2480 modo
1283 2428 1468 2497 posteaquam
1478 2430 1610 2481 cenatum
1630 2432 1681 2498 est,
1701 2445 1778 2486 acce-

26 2511 120 2561 ΓΕ»
129 2532 222 2588 gamus
239 2521 268 2574 et
287 2519 422 2590 petimus,
436 2518 478 2574 uti
492 2521 640 2591 acceptum
652 2517 766 2589 habeas,
778 2522 806 2573 et
818 2518 906 2573 bene·
957 2516 1000 2588 pit
1012 2520 1040 2572 et
1052 2517 1129 2573 hunc
1142 2518 1313 2590 praeclarum
1325 2518 1441 2574 calicem
1452 2519 1483 2574 in
1496 2522 1605 2575 sanctas
1616 2537 1648 2575 ac
1662 2538 1778 2579 venera·

26 2586 192 2688 *diceet
203 2611 266 2666 haec
275 2611 357 2679 dona,
373 2612 434 2667 haec
446 2628 578 2684 munera,
593 2612 655 2668 haec
664 2614 760 2668 sancta
773 2609 908 2666 sacrificia
956 2609 1027 2665 biles
1040 2627 1141 2666 manns
1155 2628 1234 2682 suas;
1249 2612 1320 2668 item
1334 2612 1387 2668 tibi
1402 2613 1507 2684 gratias
1520 2630 1618 2685 agens,
1632 2615 1777 2672 benedixit

28 2693 214 2759 ²hlibata.
956 2710 1314 2775 †,.oroiro1scrronssc1s,
1331 2706 1436 2773 dicens,
1450 2707 1585 2779 Accipite,
1603 2713 1631 2763 et
1640 2707 1727 2765 bibite
1740 2726 1776 2767 ex

132 2800 160 2855 ln
170 2799 270 2870 primis
282 2815 347 2872 quoa
361 2799 412 2854 tibi
421 2798 566 2855 offerimus
579 2815 631 2872 pro
645 2799 767 2855 Ecclesia
780 2802 829 2855 tua
841 2815 905 2855 san-
957 2813 990 2853 eo
1002 2813 1111 2853 omnes.
1128 2798 1177 2853 Hic
1189 2803 1231 2854 est
1244 2799 1322 2854 enim
1335 2799 1407 2854 calix
1427 2799 1574 2871 sanguinis
1594 2813 1606 2841 0
1624 2803 1691 2873 mei,
1710 2804 1778 2860 nori

34 2885 137 2946 Qta
147 2892 291 2964 catholica,
309 2909 395 2966 qnam
413 2893 570 2966 pacificare,
593 2893 748 2964 custodire,
771 2893 905 2965 adunare,
957 2894 985 2946 et
997 2891 1097 2946 aterni
1110 2892 1282 2962 testamenti,
1297 2893 1466 2964 mysterium
1480 2893 1556 2963 lidei,
1573 2895 1622 2966 qni
1635 2913 1687 2968 pro
1700 2897 1777 2953 vobis

41 2980 225 3058 ‘'etregera
240 2985 367 3058 digneris
379 2989 471 3042 totum
484 2986 582 3043 orbern
594 2972 750 3069 ,temanum
764 3003 823 3043 una
840 3002 907 3042 cum
957 2988 985 3040 et
998 3001 1050 3056 pro
1062 2985 1159 3040 multis
1170 2985 1325 3041 effunditur
1346 2987 1377 3041 in
1397 2986 1563 3042 remissione
1585 2995 1774 3060 peccatorum.

47 3064 267 3136 devotissimo
281 3079 385 3136 famolo
407 3083 456 3136 tuo
469 3079 743 3154 ill..papa·nostrc‚'
756 3079 907 3153 sedisapo-
956 3077 1020 3133 Haec
1042 3079 1294 3151 quotienscumque
1320 3079 1452 3149 feceritis,
1474 3081 1504 3135 in
1526 3081 1581 3137 mci
1608 3084 1775 3141 memoriam

55 3174 195 3231 Stolicae
205 3179 233 3230 et
253 3173 384 3231 antestite
403 3178 510 3246 nostro,
533 3179 562 3231 et
586 3175 717 3232 omnibus
735 3174 908 3261 ortbpdoxis,
919 3158 947 3233 C
959 3170 1077 3228 iacietis.

56 3269 173 3343 thne
184 3268 328 3325 catholica
340 3267 407 3325 fidei
418 3267 583 3333 cultoribus.
786 3318 796 3335 ,
992 3267 1068 3324 Drior
1087 3282 1119 3320 rr
1140 3282 1263 3323 amenas
1285 3282 1383 3338 airuns,
1409 3266 1536 3337 Domine,
1555 3285 1606 3324 nos
1627 3272 1699 3327 servi
1723 3271 1775 3344 tui,

121 3365 273 3434 Memento,
284 3362 414 3433 Domine,
422 3363 597 3418 lamirlornm
608 3345 839 3435 famularumque
847 3365 909 3419 tua·
957 3359 1006 3414 sed
1020 3364 1048 3415 et
1058 3359 1138 3431 plebs
1151 3365 1200 3414 tua
1211 3364 1305 3416 macta
1313 3361 1415 3417 Christi
1426 3362 1486 3416 Filii
1498 3363 1540 3417 tui
1553 3362 1664 3418 Domini
1675 3369 1775 3438 nostri,

63 3463 165 3528 rum,
187 3461 216 3514 et
235 3456 367 3513 omnium
384 3456 491 3513 circum
519 3456 703 3526 adstantium,
722 3472 846 3529 quorum
856 3455 909 3512 tibi
956 3456 1014 3507 tam
1028 3452 1118 3508 beata
1131 3452 1277 3524 passionis,
1293 3468 1405 3510 necnon
1429 3459 1456 3509 et
1479 3455 1514 3509 ab
1534 3454 1630 3509 interis
1649 3473 1775 3515 resurre-

67 3547 160 3608 1ides
170 3551 283 3624 cognita
296 3555 347 3622 est,
363 3554 391 3607 et
418 3556 484 3607 nota
502 3550 623 3620 devotio,
643 3550 692 3623 qui
710 3551 764 3606 tibi
785 3550 909 3606 offerimt
957 3544 1067 3616 ctionis,
1081 3545 1169 3601 sedet
1183 3545 1214 3601 in
1229 3545 1311 3602 coelos
1325 3547 1455 3619 gloriosa
1477 3547 1655 3620 ascensionis,
1681 3551 1775 3608 otieri-

67 3637 143 3702 hoc
158 3644 327 3701 sacrificinm
339 3644 505 3733 laudis,pm
517 3661 547 3702 se
564 3644 678 3717 suisque
697 3643 837 3714 omnibus,
855 3659 908 3715 pro
956 3654 1030 3710 mus,
1039 3637 1186 3711 preclarae
1198 3639 1334 3712 llajestati
1345 3645 1402 3695 tuae
1422 3640 1457 3698 de
1476 3641 1533 3697 tuis
1552 3642 1633 3697 donis
1651 3660 1683 3699 ac
1704 3645 1775 3702 datis

68 3740 285 3812 redemptione
298 3736 459 3795 animarum
473 3755 600 3803 suarum,
622 3754 675 3810 pro
697 3754 747 3810 spe
764 3737 861 3793 salutis
881 3740 909 3792 et
957 3732 1107 3795 inostiam
1122 3750 1235 3806 puram,
1254 3733 1375 3790 nostiam
1387 3739 1512 3791 sanctam
1533 3734 1562 3807 t,
1582 3737 1702 3793 nostiam
1719 3739 1772 3796 im-

69 3830 288 3890 incolomitatis
301 3849 370 3901 snae,
384 3833 438 3889 tibi
452 3834 576 3890 reddunt
589 3837 653 3888 vota
665 3848 718 3888 sua
732 3834 838 3888 aterno
851 3831 908 3887 Deo
957 3826 1125 3883 maculatam
1138 3829 1167 3898 t,
1186 3843 1290 3899 panem
1303 3832 1431 3884 sanctum
1445 3829 1510 3885 vitre
1524 3833 1649 3900 aeternae,
1666 3837 1694 3888 et
1705 3832 1773 3890 cali-

69 3929 152 3984 quo
164 3932 193 3984 et
205 3943 281 3983 vero,
957 3936 1018 3976 cem
1026 3920 1124 3976 salutis
1137 3926 1292 3994 perpetua.
1309 3923 1401 3995 Supra
1414 3940 1479 3995 quoe
1495 3923 1622 3997 propicio
1634 3942 1666 3982 ac
1677 3944 1776 3984 sereno

122 4020 381 4090 communicantes,
392 4024 421 4077 ct
433 4020 508 4076 diem
526 4019 748 4077 sacratissimum
761 4019 906 4077 celebrau-
956 4014 1038 4070 vultu
1052 4015 1176 4087 aspicere
1191 4016 1310 4088 dignare
1331 4016 1349 4088 t,
1364 4021 1393 4073 et
1405 4022 1552 4090 acceptum
1565 4019 1680 4091 habere,
1695 4022 1776 4079 sicuti

74 4117 140 4186 tos,
165 4115 276 4186 (dicitur
286 4117 316 4169 in
327 4116 478 4172 Natiuitote
492 4116 639 4187 Decime)
652 4115 768 4187 inquo-
778 4110 906 4170 moonte-
957 4113 1104 4181 acceptum
1116 4109 1223 4166 babere
1237 4110 1370 4185 dignatus
1384 4128 1414 4167 es
1425 4127 1545 4167 munera
1558 4113 1640 4184 pueri
1653 4114 1694 4168 tui
1704 4115 1776 4185 justi

77 4210 198 4265 minata
218 4208 365 4281 virginitas
376 4207 444 4263 huic
459 4208 567 4263 mundo
581 4206 669 4264 edidit
680 4202 852 4265 salvatorem
861 4204 907 4263 Ie·
956 4202 1035 4272 Abel,
1050 4207 1079 4259 et
1094 4203 1277 4275 sacrificium,
1299 4204 1468 4276 patriarchae
1483 4205 1572 4260 nostri
1593 4204 1724 4278 Abrahae,
1748 4212 1776 4264 et

81 4319 155 4358 sum
167 4302 310 4359 Christum
324 4302 478 4358 Dominum
490 4306 631 4358 nostrum.
647 4300 761 4372 (Dicitur
773 4305 803 4357 in
814 4304 908 4357 sancto
957 4297 1033 4368 quod
1045 4297 1098 4352 tibi
1111 4298 1213 4369 optulit
1223 4298 1486 4353 summussacerdos
1494 4303 1561 4353 tuus
1573 4297 1775 4358 Melchisedech

84 4395 221 4469 Porciam)
234 4399 263 4452 et
275 4395 350 4452 diem
364 4395 584 4453 sacratissimum
597 4396 770 4452 celebrantes
782 4410 906 4450 resurre·
958 4394 1086 4446 sanctum
1099 4390 1278 4461 sacrificium,
1293 4390 1506 4446 immaculatam
1518 4389 1649 4447 hostiam.

88 4489 191 4547 cuona
209 4489 323 4546 nonunt
336 4489 426 4547 nostri
439 4490 504 4548 lesu
523 4491 626 4549 christi
648 4489 709 4544 Filii
735 4489 785 4544 rui.
809 4488 862 4545 sed
880 4494 908 4545 ei
992 4483 1136 4558 Supplices
1159 4489 1187 4540 te
1213 4499 1357 4556 rogamus,
1383 4482 1563 4556 omnipotens
1594 4486 1677 4558 neus,
1706 4482 1786 4560 iube

90 4583 258 4640 memoriam
282 4588 446 4640 venerantes
466 4584 497 4639 in
522 4585 622 4657 primis
644 4582 773 4656 gloriosoe
795 4535 946 4655 semperD
957 4579 1019 4633 haec
1032 4577 1154 4650 perferri
1164 4593 1217 4650 per
1229 4594 1331 4633 manus
1348 4576 1437 4633 sancti
1456 4577 1549 4650 angch
1562 4578 1605 4635 tui
1617 4580 1648 4636 in
1662 4582 1776 4639 sublimi

88 4676 320 4750 virginisllariae,
335 4677 486 4751 genetricis
500 4677 550 4734 Dei
562 4680 591 4732 et
605 4676 717 4733 Domini
734 4677 824 4733 nostri
841 4678 907 4733 Jesu
954 4671 1054 4727 altario
1066 4676 1116 4727 tuo
1131 4670 1162 4727 in
1183 4676 1334 4744 conspectu
1361 4671 1463 4728 diuinae
1480 4672 1632 4744 tdajestatis
1648 4679 1723 4748 tuae3
1744 4682 1776 4735 ut

91 4770 208 4841 Christi3
222 4771 270 4828 sed
283 4775 311 4826 et
323 4770 552 4827 beatissimorum
566 4772 758 4843 apostolorum
779 4787 811 4826 ac
828 4787 905 4827 mar·
955 4768 1095 4838 quotquot
1106 4781 1141 4822 ex
1154 4765 1206 4821 hac
1219 4765 1314 4821 altaris
1334 4765 1550 4839 participatione
1567 4774 1775 4827 sacrosanctum

88 4867 185 4936 tyrum
197 4869 314 4920 tuorum
325 4864 411 4934 Petn',
429 4865 518 4937 Pauli,
533 4866 664 4935 tuerere,
678 4865 781 4934 iacchi,
800 4865 905 4921 Johan·
956 4860 1019 4914 Filii
1030 4859 1073 4914 tui
1086 4875 1188 4932 corpus
1198 4861 1404 4934 etsangoinem
1415 4862 1630 4934 sumpserimus,
1641 4865 1718 4920 omni
1729 4865 1775 4922 be-

91 4959 144 5029 nis,
155 4956 284 5029 Thomas,
297 4956 540 5031 iacobi,Philippi,
556 4956 906 5041 Bartholomaeinlatthaei
956 4953 1116 5009 nedictione
1127 4955 1230 5011 calesti
1244 4959 1272 5010 et
1283 4955 1373 5027 gratie
1386 4955 1558 5028 repleamur,
1572 4972 1624 5028 per
1632 4957 1775 5016 Christum

92 5050 220 5126 Simonis,
246 5056 275 5109 et
291 5050 416 5123 Thadoei,
440 5051 512 5121 lini,
536 5052 610 5125 Cliti,
634 5045 798 5131 Clementis,
825 5052 906 5122 Dixti,
957 5045 1110 5103 Dominum
1126 5054 1265 5103 nostrum.

92 5145 203 5215 Comili‚
219 5145 363 5219 Cypriani,
378 5146 521 5215 Laurenti,
536 5146 721 5220 Chrysogoni,
735 5147 872 5204 Iohannis
880 5149 909 5202 et
993 5142 1123 5198 Danaum
1145 5158 1234 5210 eruin,
1253 5142 1374 5211 Douma,
1396 5147 1425 5198 et
1448 5155 1547 5198 eorum
1568 5141 1701 5219 nomina,
1726 5149 1776 5224 qui

93 5240 178 5310 Pauli,
197 5240 342 5297 Cosmaeet
356 5240 498 5312 Damiani,
519 5240 630 5318 Hilarii,
652 5241 773 5312 llartmi,
793 5241 909 5296 Ambra
956 5250 1008 5289 nos
1028 5238 1235 5306 pracessemnt
1256 5250 1321 5290 cum
1343 5235 1424 5307 signo
1441 5234 1508 5291 fidei
1527 5240 1556 5293 et
1584 5239 1729 5300 dormiunt
1747 5247 1776 5301 in

19 5324 77 5431 R
93 5333 132 5402 sii,
146 5334 288 5407 Agustini,
301 5334 440 5407 Gregorii,
455 5335 629 5407 Hieronymi,
646 5335 798 5426 Deqedicti,
812 5336 908 5390 etom·
958 5343 1058 5384 somno
1080 5329 1167 5400 pacis.
1192 5331 1409 5386 Comuicmorctio
1436 5332 1634 5400 ‹tentoriorum
1662 5335 1730 5410 ipsis
1749 5342 1776 5395 et

72 5436 76 5447 ¹
124 5446 222 5502 'Cum
234 5447 391 5502 bicCenon
412 5446 455 5516 (ut
476 5447 614 5519 vocamus)
632 5463 690 5502 nou
711 5450 857 5519 repetatur
877 5446 908 5502 in
993 5439 1324 5511 alapumariamanm
1337 5443 1513 5515 secundaria,
1527 5451 1567 5501 ut.

93 5517 325 5592 subsequentibus
336 5517 439 5587 missis,
453 5517 483 5574 id
492 5524 663 5590 argumento
676 5521 718 5574 est
731 5534 778 5573 eos
791 5517 840 5590 qui
854 5517 908 5573 hoo
992 5513 1005 5554 ‘¹
1020 5513 1088 5576 Quoe
1101 5511 1264 5582 maiusculis
1275 5512 1320 5568 hic
1334 5512 1434 5569 litteris
1448 5515 1523 5572 edita
1535 5514 1711 5585 sunt-minio
1725 5517 1773 5578 de·

92 5588 189 5645 Codice
212 5589 376 5662 utebantur,
400 5589 570 5649 uenalium
600 5591 744 5646 Cononem
774 5589 908 5646 babuisse
956 5583 1031 5656 picta
1044 5582 1391 5663 exstantinvetereexem
1411 5585 1473 5643 lari,

92 5675 177 5732 prum
190 5662 362 5717 Romanum.
992 5666 1005 5695 ⁰
1019 5653 1154 5710 Additum
1162 5660 1224 5713 erat
1237 5659 1334 5721 sonui,
1348 5673 1378 5714 se
1412 5661 1509 5731 postea
1519 5656 1609 5713 tribus
1621 5657 1709 5713 obelis
1721 5676 1772 5721 ex.

123 5731 321 5804 hllaecverbu,
334 5733 383 5790 aad
394 5738 420 5789 et
437 5739 540 5791 cuneta
559 5734 675 5802 [omitia
692 5738 745 5788 tae
762 5748 853 5861 nsque
870 5734 909 5791 od
956 5729 1104 5800 punctum.
1128 5798 1133 5810 ⁸
1366 5799 1371 5812 ι
1628 5799 1634 5813 .

91 5804 207 5887 mutata
217 5806 260 5861 tui
279 5807 361 5870 Deua,
376 5806 529 5863 cancellata
545 5810 613 5861 sunt
634 5804 665 5860 in
686 5804 775 5888 veteri
816 5804 906 5876 odice,
992 5802 1003 5846 t
1020 5802 1150 5885 Correxit
1158 5813 1303 5859 nonnemo
1315 5802 1431 5873 anhqua
1442 5814 1539 5871 manu,
1555 5802 1588 5856 ut
1599 5799 1664 5872 aba,
1686 5811 1774 5881 respa

90 5875 310 5951 rtemmlrapro
322 5878 775 5952 arcipiracorrectumsuscipeoa.
959 5874 1156 5940 ceresiaco.
