3884 6150
131 283 195 336 {071
585 288 595 307 ·
698 275 825 334 SAECULI
845 276 941 334 sam
964 274 1240 333 surrentinum.
1431 280 1436 287 '
1740 275 1810 330 {072

129 390 211 461 perat
221 386 362 457 amittere,
371 402 474 458 sponsa
487 400 553 441 vero
566 385 596 440 in
609 385 728 457 duplum
741 385 770 440 id
779 385 855 458 quod
867 401 942 441 acce·
952 403 982 478 Α
991 384 1064 440 senti
1077 384 1139 456 lege
1154 383 1327 455 eripiantur;
1342 387 1370 440 et
1384 400 1432 441 eos
1446 386 1505 439 tam
1520 381 1631 454 judices
1651 380 1811 454 provincia·

128 487 209 555 peret
221 480 347 537 reddere.
359 479 440 544 Quod
457 484 560 535 nostrae
572 479 794 545 mansuetudini,
811 478 941 551 religioni
991 494 1057 534 rum
1070 495 1156 551 quam
1170 481 1352 534 sacrosanctis
1363 477 1487 534 ecclesiae
1499 477 1672 543 defensores,
1683 491 1738 531 nec
1751 490 1809 528 non

129 575 303 632 contrarium
322 589 391 642 esse,
411 573 502 628 visum
525 578 577 628 est.
602 573 680 629 Unde
697 590 749 644 per
774 576 942 644 praesentem
990 571 1145 627 beatissimi
1159 572 1293 644 episcopi,
1306 571 1467 638 defendant,
1478 571 1611 641 nihilpro
1624 584 1728 624 eorum
1747 584 1811 640 pre·

128 669 221 742 legem
235 667 265 721 in
278 668 451 738 perpetuum
463 667 615 722 valituram
624 667 758 738 jubemus
773 683 779 721 :
794 670 826 721 ut
840 666 864 720 si
878 667 942 738 quis
991 664 1037 720 tiis
1061 665 1174 737 penitus
1196 664 1397 736 accipientibus
1420 664 1555 720 dominis.
1584 661 1668 728 Quod
1690 662 1714 718 si
1738 661 1808 716 forte

128 760 299 835 sponsusvel
307 775 419 832 sponsa,
436 759 646 832 [desideraverit
658 759 753 815 saculi
763 759 842 814 istius
856 759 942 814 vitam
994 759 1113 829 posthac
1126 758 1212 813 etiam
1225 759 1279 831 ipsi
1291 759 1400 814 domini
1413 774 1512 813 eorum
1525 757 1561 813 ad
1570 755 1767 812 orthodoxam
1780 753 1809 807 fi-

128 860 320 921 contemnere,
334 853 402 908 etin
412 853 670 909 sanctimonialium
682 852 892 909 conversatione
904 853 943 907 vi·
992 851 1058 905 dom
1079 852 1206 906 conversi
1223 852 1340 920 tuerint,
1363 868 1422 907 non
1438 852 1520 907 liceat
1538 850 1579 906 eis
1592 848 1630 904 ad
1642 848 1809 904 servitutem

127 947 202 1020 vere]
220 963 340 1018 sponsus
353 947 469 1019 quidenn
481 947 576 1002 omnia
590 963 653 1018 qnoe
667 946 816 1001 arrharum
827 946 942 1002 nomine
992 944 1128 1000 reducere
1137 944 1198 1000 illos
1210 944 1259 1016 qni
1270 961 1317 1000 eos
1324 946 1360 1000 ad
1371 945 1457 1000 tidem
1466 943 1651 999 orthodoxam
1659 955 1809 1014 praecesse-

127 1040 215 1097 fnturi
229 1057 313 1095 causa
324 1040 450 1113 conjugii
462 1041 540 1097 dedit
552 1040 613 1095 sine
623 1040 880 1095 ullademinutione
894 1056 941 1095 re·
991 1042 1068 1093 runt.
1084 1039 1139 1093 Sed
1148 1039 1172 1093 si
1188 1039 1250 1111 quis
1262 1039 1328 1094 tatia
1336 1039 1521 1110 usurpaverit,
1532 1036 1625 1109 poenis
1637 1033 1809 1107 gravissimis

128 1134 231 1207 cipiat3
246 1151 348 1206 sponsa
361 1139 458 1189 autem
476 1151 534 1189 non
556 1133 676 1206 duplum
690 1133 771 1203 (sicut
783 1133 940 1204 hactenus),
992 1131 1156 1202 subjacebit.
1177 1133 1241 1187 Haec
1260 1133 1349 1204 igitur
1367 1132 1464 1186 omnia
1479 1146 1544 1202 quae
1567 1129 1681 1201 pietatis
1704 1126 1808 1181 intuitu

128 1227 177 1284 sed
186 1228 442 1283 hoctantummodo
455 1245 558 1300 sponso
568 1227 698 1282 restituat
709 1227 785 1298 quod
793 1227 942 1282 arrharum
991 1229 1087 1280 nostra
1098 1225 1192 1281 sanxit
1203 1226 1353 1296 camnulas,
1369 1240 1468 1281 omnes
1475 1223 1596 1296 judices,
1612 1225 1642 1277 et
1654 1219 1806 1292 religiosis·

127 1321 244 1377 nomine
260 1323 415 1392 acceperat,
430 1327 458 1376 et
471 1322 543 1377 nihil
555 1321 676 1392 amplius
688 1320 805 1376 reddere
820 1320 943 1392 compet·
992 1319 1057 1374 simi
1071 1319 1220 1387 antistites,
1234 1319 1290 1374 sive
1312 1319 1449 1374 Africanae
1467 1317 1618 1373 dioeceseos
1630 1314 1670 1375 tin
1682 1330 1742 1386 qna
1752 1329 1806 1367 ma·

127 1413 211 1485 latur,
220 1414 275 1470 nisi
284 1414 359 1486 quod
372 1414 491 1485 probata
503 1415 589 1470 fuerit
601 1414 750 1485 accepisse.
767 1415 837 1469 Nam
848 1418 877 1469 et
885 1430 944 1469 ma·
992 1413 1068 1469 xime
1082 1412 1246 1484 hujusmodi
1258 1412 1325 1467 vitio
1335 1411 1512 1483 frequentari
1530 1406 1740 1481 cognovimus),
1753 1407 1805 1461 sive

126 1508 191 1563 ritis
205 1510 234 1562 et
244 1506 381 1563 uxoribus
394 1507 444 1579 qui
457 1508 560 1563 sucula
574 1508 740 1563 renuntiant
749 1507 811 1578 jam
823 1507 944 1562 anterio·
991 1507 1110 1561 aliarum
1124 1506 1344 1579 provinciarum,
1361 1505 1525 1577 gravitaret
1545 1501 1751 1558 studiosissime
1763 1499 1806 1553 ob

127 1616 159 1656 re
173 1600 236 1673 lege
253 1617 269 1654 a
285 1600 366 1655 nobis
382 1601 528 1672 provisum
542 1605 606 1672 estg:
621 1605 653 1654 ut
663 1600 726 1671 {sive
739 1600 868 1669 maritus,
885 1600 942 1657 sive
992 1600 1097 1657 servari
1110 1600 1348 1671 procurent.Nam
1360 1602 1566 1669 contemptores
1575 1611 1637 1651 non
1648 1594 1746 1650 solnm
1757 1608 1803 1663 pe·

126 1709 200 1749 uxor
213 1693 357 1766 religionis
375 1688 631 1767 ¹causaacoangin
648 1693 803 1762 recesserit,
832 1697 861 1748 et
875 1693 941 1749 soli·
992 1693 1230 1763 suniariamulta,
1243 1692 1292 1748 sed
1306 1692 1392 1748 etiam
1406 1686 1802 1763 capitissupplicioierientur.

127 1787 232 1841 tariam
246 1787 333 1841 vitam
346 1786 475 1858 elegerit,
486 1787 682 1858 unusquisque
703 1802 802 1842 eorum
814 1801 859 1842 res
879 1775 981 1848 suasB
1316 1790 1379 1845 LEX
1397 1789 1474 1844 tvu.

127 1880 253 1951 recipiat,
275 1895 345 1951 quas
364 1895 416 1951 pro
435 1880 500 1935 dote
516 1880 560 1935 vel
580 1883 645 1935 ante
661 1880 775 1952 nuptias
794 1879 943 1937 donatione
1027 1883 1104 1938 ldem
1117 1882 1260 1953 Augustus
1272 1878 1373 1934 loanni
1385 1879 1415 1933 P.
1431 1879 1460 1932 P.

125 1972 305 2044 praestiterat,
322 1976 350 2028 et
361 1973 415 2027 hoc
424 1973 620 2029 tantummodo
633 1973 704 2029 lucri
716 1973 833 2030 nomine
842 1990 942 2029 conse·
1026 1977 1150 2031 Proesens
1159 1975 1206 2029 lex
1219 1974 1250 2028 in
1264 1971 1378 2028 alterius
1392 1970 1463 2042 legis
1478 1968 1590 2040 scriptae
1602 1964 1713 2022 anobis
1725 1963 1804 2020 refer·

125 2071 229 2138 quatur
240 2067 275 2121 ab
291 2082 324 2121 eo
338 2066 387 2138 qui
401 2066 553 2122 solitariam
568 2066 657 2122 vitam
671 2067 796 2139 elegerit,
808 2066 885 2139 qnod
898 2067 944 2124 de·
992 2071 1040 2124 tnr
1052 2067 1236 2135 mentionem,
1249 2082 1337 2138 quam
1356 2062 1542 2135 proculdubio
1554 2066 1584 2117 et
1595 2061 1695 2116 denuo
1706 2057 1804 2113 confir·

125 2159 187 2214 buit
199 2159 325 2231 legitima
339 2159 383 2214 vel
397 2165 523 2231 expecto
537 2176 588 2232 per
598 2176 694 2215 casnm
704 2161 805 2216 mortis
818 2161 942 2232 exigere.
992 2177 1072 2217 mare
1084 2177 1150 2216 cum
1165 2160 1287 2232 quadam
1299 2158 1418 2213 metiore
1435 2155 1598 2230 putavimus
1612 2157 1747 2225 oportere
1759 2151 1804 2205 ad-

162 2253 179 2324 §
195 2256 220 2307 t.
236 2255 293 2308 Hoc
302 2253 389 2309 etiam
403 2253 550 2324 cognitum
562 2254 644 2309 nobis
658 2255 830 2309 correctione
844 2258 944 2323 ¹nostra
988 2254 1122 2328 jectione,
1136 2253 1274 2325 majorem
1286 2268 1399 2323 poenam
1417 2254 1514 2305 contra
1526 2247 1731 2319 delinquentes
1742 2260 1806 2316 pro·

126 2345 248 2417 dignum
258 2362 318 2401 esse
327 2347 501 2417 Jndicamus,
516 2351 547 2402 ut
556 2347 580 2401 si
591 2347 654 2418 quis
662 2347 693 2401 in
703 2353 858 2418 parentum
867 2353 944 2419 pote·
992 2348 1127 2416 ferend05
1141 2363 1199 2401 non
1211 2346 1278 2418 quia
1289 2343 1452 2416 augmentis
1466 2342 1644 2397 delectemur
1658 2351 1806 2409 poenarum

125 2443 196 2495 state
212 2440 381 2495 constitutus
394 2440 438 2495 vel
448 2440 610 2508 constituta,
621 2440 663 2494 vel
673 2440 767 2495 forsan
776 2440 943 2512 hujusmodi
994 2440 1076 2513 (nihil
1090 2439 1256 2495 enimnobis
1268 2444 1327 2493 tam
1341 2442 1454 2510 gratum
1468 2440 1511 2491 est
1521 2450 1608 2506 quam
1621 2430 1806 2499 humanitas),

122 2532 188 2604 jure
208 2532 352 2588 absolutus
364 2533 408 2588 vel
428 2532 568 2601 absoluta,
588 2533 708 2602 elegerit
721 2550 750 2588 se
770 2534 942 2590 monasterio
992 2535 1040 2590 sed
1054 2539 1085 2590 ut
1096 2536 1175 2588 metu
1188 2548 1280 2604 poenae
1293 2548 1339 2588 eos
1353 2531 1404 2603 qui
1425 2530 1460 2585 ad
1475 2526 1652 2600 peccandum
1674 2523 1809 2597 proclives

125 2625 257 2681 velclero
272 2626 389 2694 sociare,
403 2630 431 2681 et
445 2626 588 2698 reliquum
601 2627 664 2681 vitae
678 2643 736 2682 suae
749 2632 864 2698 tempus
881 2644 942 2681 san-
992 2625 1239 2697 suntapeccando
1252 2640 1408 2679 arceamus.
1431 2621 1540 2678 Scimus
1561 2618 1654 2690 igitur
1672 2633 1724 2672 nos
1745 2613 1809 2669 scri·

125 2719 325 2775 ctimonialiter
338 2720 440 2791 degere
452 2720 583 2787 voluerit,
599 2736 656 2775 non
677 2720 758 2776 liceat
779 2720 942 2793 parentibus
991 2720 1078 2792 psisse
1091 2720 1186 2791 legem
1196 2718 1337 2774 dicentem
1347 2716 1456 2771 nullam
1470 2731 1530 2770 esse
1536 2711 1686 2768 licentiam
1696 2709 1810 2764 sanctis·

125 2813 239 2870 eosdem
245 2813 288 2868 vel
296 2814 409 2869 easdem
417 2829 597 2886 quocumque
610 2814 694 2869 modo
707 2814 878 2882 abstrahere,
897 2814 942 2870 vel
991 2813 1129 2868 simarum
1143 2811 1321 2868 ecclesiaram
1334 2808 1496 2875 oeconomis,
1506 2811 1556 2862 aut
1570 2803 1746 2860 antistitibus
1759 2816 1807 2856 xe·

124 2912 240 2978 propter
254 2907 327 2962 hanc
341 2908 540 2963 tantummodo
558 2924 674 2962 causam
697 2907 777 2979 quasi
797 2907 941 2979 ingratum
991 2923 1110 2974 nonum,
1125 2911 1175 2961 aut
1187 2905 1423 2971 nosocomiorum,
1434 2907 1483 2956 aut
1491 2898 1685 2972 ptochiorum,
1697 2900 1810 2951 autmo-

125 2998 169 3053 vol
190 2998 334 3070 ingratam
355 3015 371 3052 a
392 3016 441 3053 sua
462 3000 625 3055 haereditate
645 3001 688 3055 vel
709 3000 882 3055 successione
895 3016 941 3055 re·
991 3001 1189 3070 nasteriorum,
1205 2999 1263 3054 sive
1275 2998 1410 3066 virorum,
1426 2995 1484 3050 sive
1501 2993 1668 3058 mulierum,
1681 2995 1731 3045 aut
1744 2989 1809 3043 alio·

124 3091 302 3162 pellere,sed
316 3092 478 3146 accessesit
493 3083 799 3160 eisomnimodo,cum
811 3093 941 3148 ultimam
991 3110 1057 3149 rnm
1076 3093 1176 3148 talium
1191 3108 1352 3163 corporum,
1372 3104 1494 3162 quorum
1511 3085 1629 3158 prefata
1647 3081 1808 3138 constitutio

125 3184 302 3239 volunlatem
314 3200 409 3253 suam,
420 3184 477 3239 sive
496 3201 549 3256 per
561 3185 744 3257 scripturam,
759 3186 816 3241 sire
831 3186 886 3240 alio
900 3186 941 3241 le·
952 3140 980 3216 C
992 3185 1133 3256 meminit,
1142 3201 1175 3240 ea
1185 3201 1249 3257 quae
1258 3184 1289 3239 in
1298 3187 1469 3256 perpetuum
1477 3180 1532 3234 illis
1544 3178 1644 3233 relicta
1654 3180 1732 3246 sunt,
1746 3190 1808 3246 quae

126 3277 227 3351 gitimo
239 3278 324 3332 modo
338 3275 500 3349 perficiunt,
512 3283 642 3349 quartam
652 3279 767 3352 quidem
780 3280 943 3350 portionem
992 3279 1105 3334 annalia
1117 3284 1217 3334 vocant
1228 3279 1316 3350 leges,
1333 3275 1488 3332 secundum
1502 3271 1617 3345 aliquod
1630 3272 1748 3342 pactum
1761 3271 1808 3322 ant

124 3371 281 3427 secundum
294 3371 371 3443 leges
381 3376 491 3426 nostras
506 3371 547 3426 eis
560 3371 738 3443 relinquere:
753 3372 797 3427 sin
809 3377 904 3428 autem
915 3377 944 3428 et
991 3389 1060 3428 auro
1072 3372 1227 3427 distrahere
1242 3375 1329 3439 certo,
1340 3374 1390 3424 aut
1403 3368 1525 3424 alienare
1544 3365 1629 3419 aliter
1640 3379 1694 3435 per
1705 3376 1806 3433 quem·

125 3465 248 3536 amplius
269 3464 410 3519 voluerint
426 3463 466 3519 eis
486 3463 595 3536 largiri,
615 3464 668 3519 hoc
684 3481 783 3520 eorum
805 3465 943 3521 voluntati
992 3481 1104 3538 cunque
1117 3466 1245 3533 modum,
1258 3467 1287 3519 et
1299 3461 1419 3536 posteris
1430 3462 1557 3516 adimere
1569 3457 1598 3513 id
1611 3455 1689 3528 quod
1702 3456 1745 3510 eis
1764 3453 1809 3508 ob

125 3557 315 3633 concedimus.
331 3556 382 3612 Sin
399 3571 464 3611 vero
476 3556 609 3611 ultimam
624 3557 798 3612 voluntatem
812 3562 942 3630 parentes
992 3559 1100 3615 reniret
1113 3559 1214 3614 exinde
1228 3557 1360 3613 solatium
1374 3560 1414 3610 :et
1425 3552 1624 3610 convenientes
1639 3549 1696 3621 legi
1710 3547 1809 3619 adieci-

125 3666 218 3723 neqne
234 3653 415 3717 testamento,
433 3665 525 3722 neque
544 3650 598 3704 alio
618 3651 719 3706 ultimo
741 3651 833 3723 elogio
855 3652 944 3707 decla·
991 3669 1056 3708 mus
1068 3651 1200 3723 rationes,
1216 3654 1249 3706 ut
1259 3650 1325 3723 qnia
1338 3647 1524 3719 nonamplius
1536 3647 1657 3718 propter
1668 3642 1809 3696 talecom·

125 3760 200 3799 rasse
215 3744 366 3799 monstrati
379 3743 496 3810 luerint,
513 3759 630 3799 omnem
647 3748 798 3815 parentum
812 3745 941 3800 substan·
991 3751 1132 3816 mentum,
1147 3762 1199 3801 nec
1213 3743 1362 3817 appellatio
1375 3741 1490 3814 quidem
1508 3739 1596 3794 annui
1614 3739 1807 3801 conservetur,

123 3835 193 3890 tiam
206 3837 344 3906 haeredes,
360 3837 464 3908 quibus
478 3837 513 3891 ab
526 3837 660 3893 intestato
673 3839 818 3909 competit,
841 3854 941 3894 secun·
992 3841 1045 3897 nisi
1059 3857 1111 3922 per
1124 3839 1250 3911 singulos
1259 3853 1350 3894 annos
1359 3835 1505 3906 contingat
1513 3831 1657 3905 praestari,
1668 3827 1809 3885 sedsemel

126 3926 196 3984 dum
208 3928 285 3999 leges
297 3933 406 3983 nostras
418 3929 471 3982 sibi
484 3929 646 3999 defendant,
661 3931 740 3986 nullo
761 3932 802 3987 eis
820 3931 941 4004 impedi·
992 3937 1236 4007 representatum,
1250 3935 1349 4004 postea
1360 3929 1484 4001 perfecte
1491 3928 1596 3999 pereat.
1612 3924 1690 3978 lianc
1707 3923 1809 3978 iterum

126 4025 224 4080 mento
252 4037 285 4078 ex
306 4021 514 4078 sanctimoniali
531 4023 742 4079 conversatione
770 4025 941 4096 generando,
992 4045 1058 4084 cum
1070 4026 1331 4100 aliquaadjectiune
1345 4026 1512 4080 renovantes
1529 4020 1626 4090 legem
1642 4016 1806 4072 sancimus:

12 4102 17 4113 '
125 4115 253 4183 sivesoli,
269 4115 328 4171 sive
351 4132 418 4172 cum
436 4115 499 4170 aliis
513 4115 550 4170 ad
569 4117 776 4172 successionem
796 4124 941 4174 vocantur.
993 4123 1016 4178 si
1039 4121 1104 4193 quis
1122 4121 1171 4173 ant
1188 4117 1488 4174 reverendissimorum
1506 4125 1738 4176 ceconomornm,
1764 4112 1809 4162 aut

125 4211 220 4282 -§l.
234 4210 323 4282 Hujus
338 4212 435 4266 autern
448 4213 710 4282 perpetuanostrae
720 4210 792 4283 legis
806 4210 943 4267 beneficia
992 4213 1233 4280 xenodochorum,-
1255 4214 1306 4266 aut
1324 4223 1551 4275 nosocomorum
1573 4207 1627 4259 atat
1643 4204 1806 4277 ptochotro-

125 4320 173 4360 eos
184 4304 313 4359 volumus
326 4304 465 4372 obtinere,
479 4303 529 4377 qui
543 4304 574 4360 in
585 4304 757 4360 monasterio
771 4305 816 4360 vel
829 4305 944 4361 clerica·
990 4309 1126 4381 phorum,
1139 4311 1189 4361 aut
1211 4309 1486 4376 gerontocomorum,
1506 4305 1556 4355 aut
1575 4295 1806 4369 brephotropho-

125 4400 156 4452 tu
167 4397 416 4469 perseveraverint.
430 4398 502 4452 Nam
517 4397 541 4451 si
550 4397 600 4468 qui
610 4413 709 4452 eorum
717 4398 860 4471 dequibus
871 4416 943 4470 prae·
992 4405 1125 4471 rum,aut
1131 4398 1439 4472 orphanotrophorum,
1448 4399 1497 4450 aut
1503 4390 1805 4460 archimandritarum,

126 4495 236 4547 sentem
256 4491 350 4562 legem
365 4491 511 4562 posuimus
532 4491 775 4548 sanctimonialem
789 4493 874 4547 vitam
890 4492 1041 4578 ele-Dant
1052 4490 1577 4562 aliarumcontentarumpriorenostra
1587 4484 1689 4539 divina
1707 4481 1806 4538 consti·

126 4583 230 4656 gerint,
245 4584 280 4638 ad
292 4584 460 4639 saecularem
481 4588 576 4639 autem
588 4586 829 4641 conversationem
844 4590 942 4657 postea
991 4588 1101 4645 tutione
1116 4583 1434 4659 personarum‚idquod
1448 4582 1667 4654 inperpetuum
1680 4577 1805 4632 relictum

126 4677 324 4747 remeaverint,
336 4678 472 4748 jubemus
482 4694 580 4733 omncs
589 4692 689 4733 eorum
700 4695 745 4734 res
755 4678 862 4749 adjura
871 4680 943 4751 ejus
992 4686 1033 4738 est
1045 4681 1250 4738 venerabilibus
1263 4678 1393 4736 domibus
1418 4675 1521 4748 quihus
1544 4675 1686 4745 praesunt,
1709 4668 1804 4724 Smin

125 4771 191 4828 dem
206 4770 329 4826 ecclesiae
342 4771 389 4826 rel
404 4770 569 4826 monasterii
583 4787 600 4825 a
614 4788 671 4843 quo
683 4773 850 4827 recesserint
859 4773 944 4844 perti·
992 4793 1072 4845 auro,
1086 4777 1142 4834 sive
1149 4777 1179 4832 in
1187 4775 1249 4830 aliis
1256 4773 1340 4829 rebus
1347 4768 1499 4827 tentaverit
1509 4770 1718 4832 transmutare,
1727 4779 1763 4818 ne
1771 4761 1804 4815 vi·

125 4880 203 4921 nore.
214 4895 249 4907 -·
261 4864 315 4943 53.
329 4864 376 4920 llis
389 4863 429 4920 ita
441 4864 595 4936 dispositis,
608 4865 727 4937 repetita
736 4866 801 4938 lege
808 4866 943 4937 jubemus
995 4874 1097 4930 dentur
1106 4887 1167 4926 esse
1180 4863 1414 4943 perpetuum,sed
1426 4859 1665 4919 transactionibus
1679 4861 1731 4912 aut
1742 4871 1803 4912 ven·

126 4962 159 5011 nt
170 4959 264 5012 nullus
277 4958 400 5027 sudans,
416 4957 459 5014 vel
472 4974 609 5029 paganus,
627 4958 670 5013 vet
683 4959 833 5014 haereticus
848 4976 943 5015 servos
992 4965 1155 5035 ditionibus,
1171 4968 1220 5018 sut
1232 4959 1402 5033 quibusdam
1415 4956 1477 5011 aliis
1494 4951 1767 5017 machinationibus,
1777 4951 1804 5002 ut

125 5049 299 5105 Christianos
318 5050 430 5106 habeat.
443 5051 523 5116 Quod
536 5052 559 5106 si
569 5051 676 5108 inventi
688 5053 718 5107 in
730 5053 780 5107 tali
792 5058 873 5108 reatu
883 5054 943 5108 fne-
992 5059 1069 5132 quod
1082 5061 1252 5131 perpetuum
1264 5068 1381 5109 manare
1391 5045 1708 5114 debebetterminetur,
1723 5047 1805 5099 tenta-

126 5142 193 5209 rint,
208 5143 350 5198 sancimus
368 5159 462 5200 servos
480 5146 613 5201 omnibus
636 5145 727 5202 modis
744 5147 848 5202 liberos
869 5163 941 5218 esse,
991 5152 1072 5221 verit,
1089 5153 1194 5224 prater
1206 5149 1263 5203 vim
1276 5164 1294 5202 a
1307 5145 1388 5202 nobis
1400 5157 1493 5215 nuper
1503 5139 1642 5213 protectas
1659 5138 1693 5192 in
1710 5136 1803 5207 hnjus·

125 5234 284 5292 secundum
293 5236 463 5294 anteriorem
476 5245 637 5295 nostrarum
650 5241 747 5312 legum
761 5245 899 5297 tenorem.
910 5243 942 5297 tn
991 5247 1068 5304 modi
1084 5245 1169 5301 rebus
1183 5242 1285 5298 divinae
1300 5239 1380 5312 legis,
1395 5237 1503 5293 nullam
1516 5232 1625 5288 habere
1638 5231 1703 5287 ullo
1725 5228 1803 5285 modo

125 5327 259 5403 praesenti
271 5329 556 5403 autemhocamplins
565 5335 754 5401 decernimus,
763 5339 795 5389 ut
804 5335 826 5389 si
835 5335 897 5406 quis
907 5351 942 5390 ex
991 5335 1135 5393 licentiam
1146 5334 1200 5388 hoc
1218 5333 1330 5398 facere;
1352 5326 1400 5383 sed
1415 5330 1443 5381 et
1456 5325 1481 5379 si
1492 5321 1601 5398 fecerit,
1618 5320 1740 5376 irritum
1752 5330 1804 5372 esst

124 5420 391 5496 praediotistudaeis,
404 5424 447 5477 vel
458 5428 586 5498 paganis,
601 5428 798 5484 authaereticis
811 5428 943 5485 habuerit
992 5429 1068 5503 quod
1082 5429 1189 5484 factum
1205 5424 1310 5492 fuerit3
1331 5424 1361 5478 et
1378 5418 1523 5475 licentiam
1542 5431 1604 5471 esse
1624 5413 1654 5469 ei
1676 5411 1730 5485 qui
1750 5411 1806 5483 post

125 5535 218 5574 servos
238 5517 367 5572 nondum
383 5516 527 5573 catholiea
548 5520 614 5576 fidei
638 5522 820 5584 sanctissimis
837 5529 942 5595 myste·
991 5524 1085 5596 ipsum
1100 5519 1233 5577 eamdem
1248 5515 1380 5588 suscipiet
1393 5528 1500 5581 curam,
1514 5508 1557 5564 vel
1570 5507 1662 5563 etiam
1675 5521 1712 5562 eo
1728 5501 1806 5575 negti

125 5611 175 5666 riis
187 5611 324 5677 imbutos,
340 5615 369 5665 et
381 5609 510 5682 praedicti
525 5612 598 5666 servi
618 5614 839 5671 desideraverint
847 5617 883 5672 ad
896 5633 942 5672 or·
994 5621 1078 5690 gente
1092 5614 1205 5687 (utheri
1218 5609 1319 5684 polest)
1329 5613 1444 5664 caenms
1457 5603 1590 5674 deinceps
1603 5615 1711 5657 omnes
1722 5596 1807 5655 statim

124 5703 280 5761 thodoxam
291 5703 377 5760 ssdem
383 5704 492 5775 venire,
500 5708 652 5779 postquam
664 5709 809 5764 catholicae
818 5710 943 5766 ecclesie
992 5721 1125 5764 revocare
1139 5705 1167 5760 id
1180 5701 1256 5776 quod
1269 5698 1356 5756 luerit
1366 5698 1483 5764 factum,
1495 5696 1525 5749 et
1537 5692 1577 5748 ita
1589 5690 1744 5748 infirmum
1759 5686 1804 5741 de·

124 5798 220 5856 secuti
233 5797 351 5872 fuerint,
365 5800 397 5858 in
407 5799 568 5860 libedatem
580 5801 671 5860 modis
684 5801 816 5859 omnibus
824 5819 860 5861 ex
872 5821 944 5878 pra·
993 5799 1197 5869 stateramque
1203 5793 1226 5850 si
1234 5788 1356 5850 abinitio
1361 5803 1420 5845 non
1427 5781 1691 5860 processissetutat
1699 5779 1804 5838 nmen
