3884 6150
219 228 266 294 tat
958 234 1157 295 LUCULENTil
1850 232 1899 299 ill

218 347 282 404 ideo
296 346 443 420 pretenta
452 344 599 403 dilectione
608 360 673 401 cum
682 344 837 417 Euphaesiis
846 346 1032 417 junctuserat
1041 357 1068 430 Α
1079 344 1239 401 nimitatem
1254 343 1386 414 ostendit,
1401 360 1487 417 quam
1501 359 1597 403 omnes
1611 342 1708 403 fideles
1726 341 1835 401 hahere
1850 346 1896 404 de·

218 444 329 512 Paulus,
344 443 381 497 ita
394 447 490 496 utnon
505 441 596 495 solum
604 445 731 511 tempore
738 440 824 512 pacis,
833 457 933 495 rerum
944 441 1030 496 etiam
1080 439 1158 505 beni,
1178 439 1261 510 juxta
1285 441 1360 511 quod
1379 439 1592 511 scriptumest:
1609 440 1662 508 Qui
1688 440 1819 496 nabitare
1833 443 1897 510 lacit

216 554 269 593 nec
279 538 308 592 iu
320 536 513 608 persecutione
525 535 560 589 ab
574 534 614 588 eis
626 551 684 589 non
694 535 821 601 reccdat3
837 535 902 590 licet
915 551 1031 606 corpore
1081 535 1222 587 unanimes
1236 536 1264 588 in
1283 534 1371 589 domo.
1385 535 1485 588 Petrus
1503 550 1616 606 quoque
1629 534 1769 589 admonet
1784 533 1893 590 diceus:

218 632 317 687 absens
332 631 440 696 suisset,
455 629 556 700 spiritu
571 629 701 684 cumillis
713 633 783 684 crat.
797 629 935 684 Exorabat
946 629 1031 684 ctiam
1081 627 1175 683 Omnes
1188 629 1330 682 unanimes
1342 631 1372 683 in
1385 630 1505 683 oratione
1518 632 1597 683 estote
1618 630 1825 698 compatientes.
1845 630 1896 685 Ali-

217 731 249 782 ut
261 726 346 780 fidem
361 739 447 794 quam
462 727 627 794 acceperant
651 723 845 778 inconcussam
860 726 1028 778 servarent:
1080 724 1133 789 ter,
1148 737 1238 775 uuum
1250 719 1383 793 spiritum
1405 721 1482 790 dicit,
1496 721 1526 775 id
1541 725 1584 776 est
1601 721 1742 793 Spiritum
1758 725 1891 788 sanctum,

217 818 345 881 Uarrone
355 829 503 869 suscitans
514 827 667 869 rocarroan
677 830 729 876 ors
741 829 838 869 vocari
852 829 936 869 esus.
947 811 1030 877 Quasi
1080 813 1130 885 qui
1144 813 1277 869 dividitur
1290 814 1321 868 in
1333 814 1511 887 septiformes
1523 814 1704 887 gratiasque
1719 831 1823 871 omues
1834 815 1893 873 fide·

215 911 330 976 diceret,
347 925 413 963 eum
435 911 483 977 qui
498 909 530 962 cle
545 908 659 962 tenebris
683 924 729 962 uos
744 911 849 963 vocauit
863 910 892 962 in
906 907 1027 962 admiro-
1080 908 1119 962 les
1143 907 1311 963 innuuntur.
1327 909 1389 965 ldeo
1403 925 1476 963 unus
1489 909 1603 980 spiritus
1625 909 1797 964 Trinitatem
1812 914 1889 966 tenet.

217 1005 268 1058 bile
281 1019 360 1058 snam
376 1003 474 1071 lamen,
491 1002 577 1073 digne
591 1002 745 1072 sequimini
761 1001 877 1072 vestigia
891 1001 962 1071 ejus,
979 1002 1031 1055 hu·
1080 1001 1160 1057 Srcur
1181 1018 1280 1058 rocon
1303 1018 1377 1058 neris
1396 1019 1424 1059 m
1443 1019 1495 1058 uns
1519 1017 1568 1059 sen
1591 1019 1760 1060 rocnuoms
1780 1019 1889 1061 resine.

214 1097 340 1163 militate,
355 1096 499 1169 patientia,
511 1095 679 1163 obedientia,
690 1096 854 1166 caterisque
868 1095 1027 1149 virtutibus.
1079 1097 1169 1150 t'nam
1183 1112 1262 1167 spem
1281 1096 1434 1151 vocationis
1455 1100 1556 1152 vestras
1570 1097 1637 1153 dicit
1650 1097 1800 1153 caelestem
1811 1097 1890 1153 beati-

213 1193 294 1258 Quod
307 1192 361 1246 ilcr
373 1190 514 1262 quomodo
527 1189 731 1244 ambulandum
747 1191 811 1244 esti
826 1188 957 1244 videlicet
971 1204 1029 1243 non
1080 1189 1218 1256 tudinem,
1235 1189 1269 1245 ad
1283 1206 1369 1261 quam
1383 1190 1502 1246 tendent
1514 1206 1615 1245 omnes
1626 1190 1717 1246 electi.
1748 1190 1805 1246 Sed
1822 1191 1891 1247 ratde

214 1303 312 1359 gressu
323 1286 438 1357 pedum,
453 1285 500 1338 sed
514 1283 615 1339 atleclu
630 1284 742 1338 mentis.
759 1284 806 1337 Ille
817 1283 922 1338 etenim
942 1282 1028 1354 digne
1079 1284 1218 1338 contraria
1231 1282 1413 1339 videturesse
1431 1284 1570 1339 sententia
1586 1284 1704 1356 apostoli
1717 1284 1802 1340 Pauli
1814 1285 1891 1341 verbo

212 1381 339 1435 ambulat
350 1378 495 1433 vocatione
508 1395 564 1450 qua
579 1382 692 1433 vocatus
707 1382 759 1447 est,
776 1377 826 1449 qui
838 1394 890 1431 nec
905 1377 933 1431 in
947 1393 1025 1447 pros·
1078 1376 1190 1430 Domini
1202 1376 1252 1431 ubi
1266 1376 1306 1431 ait
1320 1393 1327 1431 :
1341 1380 1372 1432 In
1385 1379 1462 1433 domo
1477 1380 1567 1434 Patris
1580 1379 1632 1433 mci
1646 1381 1804 1434 mansiones
1827 1380 1891 1433 mut·

190 1531 193 1536 ,
211 1475 287 1546 peris
303 1474 432 1544 erigitur,
446 1489 497 1527 nec
510 1472 539 1527 in
552 1473 675 1527 adversis
687 1472 828 1542 dejicitur,
841 1488 892 1526 nec
906 1471 1028 1525 declinat
1078 1474 1110 1524 tae
1121 1475 1194 1526 sunt.
1209 1472 1242 1525 El
1255 1471 1402 1541 Apostolus
1419 1471 1476 1526 ait:
1500 1473 1534 1526 ln
1546 1488 1602 1526 nna
1616 1487 1663 1542 spe
1677 1474 1833 1527 vocationis
1852 1489 1890 1528 cc·

212 1569 248 1622 ad
261 1567 454 1622 dextrumsive
464 1567 498 1620 ad
512 1566 664 1634 sinistram,
677 1566 792 1620 audiens
802 1566 973 1636 prophetam
987 1565 1026 1618 di·
1076 1567 1286 1619 stratellameu
1296 1564 1318 1618 si
1332 1568 1407 1619 recle
1420 1564 1589 1634 consideres,
1604 1569 1631 1620 et
1645 1565 1788 1620 Dominus
1801 1582 1892 1620 rerum

211 1665 322 1716 centem
335 1680 341 1716 :
353 1665 415 1716 Haec
429 1663 484 1722 oia,
497 1661 633 1714 ontlrrlatc
651 1662 679 1712 in
694 1676 735 1722 ca,
751 1675 836 1728 ncqrtc
850 1659 888 1712 ad
902 1660 1026 1713 <taetram
1076 1659 1153 1725 dicit,
1164 1663 1191 1712 et
1205 1659 1345 1728 apostolus
1359 1660 1462 1713 Paulus
1475 1675 1568 1714 rerus.
1581 1662 1613 1714 In
1627 1660 1719 1721 domo,
1735 1659 1831 1730 inquit
1844 1661 1890 1714 Do·

210 1772 296 1825 neque
321 1756 358 1810 acl
379 1757 526 1809 sinistram.
551 1754 620 1807 Nam
642 1752 762 1823 qualiter
774 1752 919 1806 ambulare
944 1730 1065 1806 debetss
1076 1752 1182 1820 minus,
1197 1754 1286 1806 Patris
1299 1754 1351 1806 mei
1361 1755 1511 1808 mansiones
1526 1754 1617 1807 multe
1631 1758 1717 1818 sunt3
1734 1751 1808 1807 sicut
1823 1752 1892 1807 idem

209 1848 402 1919 unusquisque
416 1846 515 1914 fidelis,
528 1846 607 1916 qrrrisi
622 1861 766 1916 exponens
775 1846 924 1915 Apostolus
932 1844 1025 1898 statim
1076 1845 1292 1915 subjecitalius
1305 1849 1395 1900 autern
1407 1849 1456 1909 sic,
1470 1848 1541 1901 alins
1551 1862 1613 1901 uero
1627 1849 1675 1901 sic.
1692 1847 1728 1910 Et
1744 1846 1799 1901 hoc
1813 1863 1890 1917 prop-

210 1942 329 2012 subJ'ecit
343 1958 408 1995 cum
421 1941 460 1994 ait
474 1958 481 1994 ε
495 1941 553 1995 Ccn
568 1957 634 1995 oum
645 1955 817 2005 rrrunrrnrs,
830 1956 861 1994 nr
873 1954 1026 1995 narsetum·
1077 1942 1119 1993 ter
1131 1938 1307 1993 diversorum
1322 1939 1432 2007 merita,
1444 1939 1511 2010 qnia
1520 1940 1718 2010 unusquisque
1733 1944 1890 1995 sauctorum

209 2053 280 2102 utne,
297 2051 350 2091 cru
376 2051 526 2090 rnrrsnrrn.
550 2035 634 2089 Recte
649 2033 742 2104 primo
764 2033 844 2102 dixit,
870 2049 930 2087 cum
953 2035 1026 2086 omni
1074 2036 1159 2104 prout
1172 2036 1308 2098 meretur,
1323 2032 1363 2086 ita
1375 2037 1404 2087 et
1416 2032 1518 2103 accipit
1541 2032 1706 2105 praenrium.
1723 2033 1799 2086 Dicit
1820 2033 1889 2088 enim

209 2131 371 2191 humilitate,
383 2129 450 2200 quin
463 2128 511 2199 qui
525 2128 585 2182 sine
599 2127 760 2181 humilitate
775 2127 890 2181 virtutes
904 2142 1022 2197 congre·
1073 2127 1133 2197 ipse
1148 2125 1283 2179 Dominus
1297 2126 1331 2180 de
1345 2142 1374 2181 se
1390 2143 1397 2180 :
1412 2127 1562 2194 Fulpelnnt
1578 2127 1651 2194 justi
1666 2130 1740 2181 sicut
1756 2128 1798 2181 sol
1812 2129 1841 2180 in
1855 2142 1890 2181 rc·

210 2227 268 2294 gat,
283 2222 363 2292 qriasi
382 2223 430 2292 qui
449 2222 479 2276 in
498 2226 615 2275 ventum
635 2221 781 2291 pulverem
803 2224 906 2292 portat.
921 2220 1025 2274 Dehu·
1073 2222 1226 2287 gnoPatris
1248 2235 1360 2284 eorum;
1377 2222 1501 2274 attamen
1525 2236 1582 2274 nou
1604 2235 1705 2274 omues
1731 2220 1887 2290 acqualiter:

208 2317 328 2371 militate
342 2315 480 2370 Dominus
494 2315 560 2369 dicit
576 2331 583 2368 :
598 2317 685 2385 Super
707 2331 785 2384 quan
796 2316 972 2383 requiescam,
983 2315 1024 2367 ni·
1074 2312 1132 2380 sed,
1147 2313 1219 2366 sicut
1232 2312 1271 2365 ait
1285 2312 1438 2383 Scriptura,
1454 2313 1533 2368 stella
1552 2312 1644 2382 differt
1658 2316 1688 2366 in
1704 2313 1842 2374 claritate,
1855 2317 1888 2367 sic

207 2414 231 2465 si
251 2410 480 2479 superinnitens,
494 2414 519 2463 et
532 2411 662 2477 qrtieturn,
685 2413 709 2462 ct
723 2413 879 2462 trementem
890 2423 1022 2462 sermones
1074 2408 1124 2459 erit
1139 2408 1167 2459 in
1180 2408 1373 2460 resurrectione
1386 2406 1532 2459 multorum
1559 2404 1761 2478 [mortuoruml.
1774 2406 1840 2460 Alia
1853 2414 1887 2460 est

207 2507 302 2558 meos?
317 2503 384 2556 Hinc
398 2507 440 2557 est
454 2502 529 2556 enim
550 2501 626 2572 quod
645 2502 744 2555 Petrus
757 2501 797 2555 ait
813 2517 819 2555 :
833 2502 1024 2556 Durniliamini
1073 2501 1142 2552 enim
1166 2499 1277 2552 alacritas
1292 2499 1365 2561 solis,
1388 2498 1445 2552 alia
1468 2499 1580 2552 claritas
1601 2499 1683 2560 lune,
1698 2499 1760 2552 alia
1781 2499 1888 2552 claritas

206 2599 255 2651 snb
265 2599 370 2667 potenti
379 2613 462 2650 manu
474 2599 530 2658 Dei,
542 2601 572 2650 nt
584 2611 630 2649 eos
641 2597 740 2649 caaltet
754 2597 782 2648 in
797 2601 912 2664 ternpore
926 2597 1021 2649 visita
1072 2592 1222 2653 stellarum,
1231 2593 1626 2646 siccritctinrcsnrrcctionem
1634 2596 1817 2654 mortuorum,
1828 2592 1885 2662 jux·

207 2691 297 2745 tionis.
311 2690 379 2743 tlinc
394 2689 497 2743 ilerum
507 2690 565 2759 ipae
580 2689 718 2743 Dominus
731 2688 798 2742 dicit
812 2707 818 2742 :
832 2690 924 2745 Ontnis
939 2691 1023 2757 qicise
1072 2689 1100 2738 ta
1113 2684 1259 2754 prietatem
1284 2684 1432 2738 rationem.
1454 2685 1523 2738 ilinc
1538 2684 1656 2754 angelus
1670 2684 1708 2738 ad
1721 2684 1885 2755 prophetam

205 2785 309 2838 eacltut
319 2784 518 2837 humiliabitur.
531 2786 564 2838 Et
578 2783 784 2837 nicrrrsuetutlinc
795 2802 804 2848 ‚-
817 2799 904 2853 quam
913 2782 963 2854 qui
975 2782 1023 2836 ha·
1072 2777 1218 2833 Danielem
1230 2777 1285 2833 ait:
1297 2781 1374 2833 Docti
1386 2779 1531 2847 fulgebunt
1540 2784 1570 2832 nt
1579 2778 1696 2848 spendor
1708 2781 1884 2848 firmarneuti5

204 2876 322 2932 batnon
339 2878 430 2930 solum
446 2876 615 2944 domesticis,
637 2893 737 2930 verum
753 2876 839 2930 etiem
853 2877 1020 2948 agrestibus,
1072 2877 1097 2928 et
1112 2875 1160 2942 qui
1173 2873 1359 2940 adjustitiam
1374 2873 1503 2927 crudiunt
1511 2873 1656 2942 plurimos,
1671 2875 1755 2942 quasi
1766 2872 1850 2927 stelle
1860 2875 1885 2925 in

204 2971 334 3024 semitam
348 2969 496 3039 praebebit,
518 2969 634 3023 imitans
648 2970 737 3023 Deum
751 2969 800 3040 qui
813 2971 852 3023 ait
868 2986 874 3023 :
892 2972 989 3025 Discite
1004 2987 1021 3024 a
1068 2972 1214 3037 perpetuas
1227 2967 1541 3021 aeternitatesAtlamen
1550 2981 1605 3019 una
1614 2965 1884 3036 spesomniumelec·

204 3079 245 3117 me
261 3065 327 3131 qnia
337 3064 409 3115 mnis
424 3077 483 3115 sum
496 3067 521 3116 ct
535 3063 645 3120 nunnitis
660 3064 747 3117 corclc.
766 3064 800 3116 Et
814 3063 918 3119 iterum
929 3067 1022 3119 :Beati
1071 3065 1176 3129 torum,
1190 3060 1300 3114 coeleste
1313 3059 1419 3114 scilicet
1431 3058 1621 3131 regnum,ulii
1634 3066 1726 3114 semet
1735 3059 1883 3131 jungentes

204 3158 291 3217 mites,
305 3156 433 3225 qnoniam
446 3157 501 3224 ipsi
514 3159 595 3210 Deum
617 3157 755 3210 siciebant.
779 3156 844 3211 Cum
865 3160 1018 3226 patientia:
1070 3158 1216 3224 nequeunt
1231 3153 1366 3224 separari.

204 3245 342 3316 quidquid
357 3244 487 3299 fidelibus
513 3245 638 3299 evenerit
662 3245 847 3314 adversitatis,
866 3247 959 3300 omnia
974 3264 1020 3317 pa·
1106 3248 1325 3315 UnusDonrncs,
1340 3262 1393 3302 uua
1406 3261 1493 3314 rinus,
1509 3261 1584 3302 euru
1597 3261 1747 3317 eserrsun,
1762 3248 1883 3303 ciusDo-

201 3339 437 3395 tientcrtolerant
447 3355 453 3405 ;
465 3337 535 3392 sicut
548 3338 623 3393 idem
638 3339 781 3409 apostolus
794 3339 848 3393 alio
862 3340 923 3394 loco
935 3340 1016 3395 dicit:
1069 3357 1152 3397 uinus
1168 3357 1199 3396 rr
1221 3342 1310 3397 Peren
1332 3356 1450 3408 curren,
1467 3357 1512 3403 orn
1528 3355 1575 3396 nsr
1592 3356 1678 3396 suren
1700 3357 1800 3408 ouras,
1815 3358 1845 3396 nr
1857 3357 1881 3397 u

201 3431 232 3483 In
246 3430 333 3483 intrita
353 3430 498 3498 patientia.
513 3428 547 3480 Et
566 3431 682 3498 propter
695 3427 762 3481 illud
778 3444 784 3481 :
805 3431 879 3484 Beati
899 3432 1017 3499 pacifici,
1069 3452 1163 3491 ouum.
1182 3437 1255 3490 Unus
1269 3441 1307 3489 ost
1319 3436 1458 3501 Dominus,
1472 3433 1501 3488 id
1515 3439 1557 3488 est
1570 3433 1711 3488 Dominus
1723 3436 1800 3490 lesus
1808 3435 1881 3491 Chri·

202 3525 331 3592 ursoniam
351 3523 403 3590 filii
417 3523 464 3577 Dci
479 3522 655 3576 vocabuntur.
675 3520 749 3575 Alibi
764 3538 876 3593 quoque
891 3522 994 3577 dicitur
1009 3541 1015 3577 :
1068 3532 1137 3597 stus,
1152 3528 1271 3599 quinon
1286 3527 1417 3599 partitur,
1438 3526 1529 3581 sedin
1542 3526 1651 3581 unitate
1664 3543 1782 3600 semper
1794 3529 1880 3583 consi-

199 3618 377 3684 inpatientia
392 3620 482 3668 ricstra
500 3616 672 3683 possiclclu'tis
689 3618 795 3669 animos
808 3620 924 3671 uestros.
942 3618 1017 3671 Hauc
1067 3623 1124 3676 stit.
1140 3623 1173 3676 Et
1186 3637 1240 3675 una
1253 3621 1319 3690 {ides
1330 3620 1518 3690 credentium,
1527 3620 1633 3691 pariter
1646 3622 1675 3674 et
1688 3637 1776 3676 unum
1790 3623 1882 3692 baptis·

201 3708 334 3761 virtutem
346 3707 481 3761 Dominus
492 3707 527 3761 ad
538 3708 694 3777 passionom
706 3724 828 3778 pergens
840 3709 1017 3764 commenda·
1066 3733 1121 3778 nna,
1136 3714 1281 3786 sicutipse
1296 3714 1432 3768 Dominus
1449 3714 1516 3768 dicit
1530 3730 1536 3767 :
1552 3717 1600 3776 lte,
1615 3714 1707 3769 docete
1719 3730 1808 3770 ornnes
1820 3732 1880 3784 pcn-

201 3799 240 3852 vit
253 3799 397 3869 discipulis
411 3799 469 3852 suis
485 3799 580 3854 dicens
594 3817 601 3854 ι
621 3803 713 3855 Pacem
723 3802 846 3870 rclinqno
859 3804 942 3865 uobis,
962 3820 1014 3873 pc·
1067 3814 1114 3871 tes,
1132 3809 1300 3878 baptizantes
1313 3823 1354 3863 cos
1367 3811 1395 3862 in
1406 3810 1512 3862 nomine
1521 3809 1623 3870 Patris,
1634 3813 1659 3863 et
1674 3810 1749 3871 Filii,
1761 3816 1788 3864 et
1798 3811 1880 3881 Spiri-

200 3908 254 3945 ccm
268 3908 353 3946 meatu
364 3893 398 3946 do
410 3893 494 3946 vobis-
1067 3907 1109 3957 tus
1123 3904 1221 3957 sancti.
1238 3901 1322 3956 Valde
1334 3901 1510 3973 pensandum
1522 3904 1564 3956 est
1573 3917 1661 3972 quare
1676 3902 1754 3957 dicat
1766 3904 1880 3975 Aposto-

234 3984 443 4040 Srrronrnnrns
463 4000 573 4040 rnucnu
593 4002 618 4040 m
639 4003 796 4043 cesariam.
813 3989 890 4042 Hanc
905 3994 1015 4045 senten·
1065 3995 1110 4049 lus
1131 4011 1213 4049 annm
1229 3995 1374 4065 baptisma.
1395 3993 1438 4050 Sic
1453 3999 1481 4050 et
1492 3995 1581 4048 Lucas
1593 3993 1624 4048 in
1636 3995 1756 4050 Actibus
1773 4000 1879 4067 aposto-

198 4078 267 4133 liam
292 4079 321 4132 iu
337 4079 459 4150 Epistola
471 4079 507 4133 ad
525 4079 634 4133 Galatas
657 4080 881 4136 edisseruimus·
898 4083 926 4136 in
953 4084 1014 4138 loco
1063 4088 1160 4144 lorum
1172 4087 1452 4143 testaturcumdieit:
1463 4089 1881 4158 Baptismnmquodpraedicccit

196 4189 252 4245 quo
268 4172 379 4243 dicitur,
402 4174 481 4227 Alter
495 4173 609 4228 alterius
631 4189 713 4228 onera
725 4180 843 4244 portate,
867 4181 891 4230 ct
905 4178 943 4231 sic
962 4179 1011 4232 uol-
1063 4186 1188 4245 loannes,
1216 4186 1335 4237 Jcsama
1360 4182 1498 4238 Nazareth
1513 4180 1642 4251 quomodo
1660 4184 1743 4236 unait
1757 4199 1818 4238 enm
1831 4187 1878 4239 Do·

197 4268 342 4338 implebitis
369 4267 452 4335 lepern
474 4268 584 4325 Christi.
611 4269 667 4322 len
688 4268 791 4323 Christi
817 4275 859 4325 est
884 4270 1011 4341 dileetio,
1062 4278 1151 4331 minus
1175 4277 1281 4346 Spiritu
1301 4279 1392 4331 sancto
1405 4279 1430 4329 et
1447 4277 1556 4330 uirtute.
1579 4277 1667 4330 Unum
1681 4278 1725 4330 est
1742 4276 1821 4331 enim
1835 4278 1878 4331 ln·

195 4360 339 4432 sicutipse
355 4360 439 4416 dicit:
455 4364 487 4416 ln
501 4362 547 4415 ltoc
559 4368 717 4430 cognoscent
730 4379 819 4418 omnes
832 4366 897 4433 quio
911 4368 964 4420 mei
975 4382 1012 4421 es·
1060 4372 1200 4442 ptismurn,
1214 4369 1289 4440 quod
1305 4368 1336 4423 in
1354 4367 1490 4423 Trinitate
1505 4367 1567 4423 dari
1581 4371 1721 4436 testetur3
1737 4370 1877 4442 sicutipse

194 4457 228 4508 tis
242 4455 380 4524 discipali,
396 4457 420 4509 si
439 4455 607 4510 dilectionem
626 4457 776 4511 halrieritis
791 4460 821 4513 in
840 4461 963 4515 inanem.
978 4462 1050 4542 EtD
1061 4463 1196 4518 Dominus
1215 4463 1243 4517 in
1258 4461 1313 4517 alio
1326 4462 1386 4517 leco
1401 4461 1491 4517 dicit:
1505 4464 1620 4517 loannes
1633 4463 1745 4532 quidem
1759 4464 1875 4534 baptiso·

193 4546 259 4600 ideo
271 4563 336 4601 cum
346 4547 481 4618 patientia
495 4565 546 4603 nos
559 4554 725 4620 supportare
736 4551 871 4606 debemus
881 4553 913 4611 in
936 4555 1010 4609 inri-
1060 4560 1101 4612 uit
1114 4573 1197 4627 aqua,
1216 4573 1262 4612 uos
1275 4560 1365 4611 cutem
1381 4556 1589 4626 baptizabimini
1608 4557 1719 4625 Spiritu
1731 4563 1836 4612 sancto.
1849 4558 1875 4612 Et

194 4655 266 4706 cem,
282 4639 320 4693 sic
335 4645 367 4694 ut
379 4640 427 4711 qui
440 4641 542 4696 viderit
566 4649 719 4714 errantem,
733 4645 768 4700 ad
787 4646 863 4701 viam
887 4649 1011 4704 veritatis
1060 4650 1123 4705 ideo
1138 4666 1207 4705 ursus
1229 4652 1356 4704 Dominus
1376 4651 1425 4712 est,
1441 4665 1498 4704 una
1522 4649 1598 4718 ficies,
1620 4664 1708 4704 unnim
1732 4651 1873 4722 baptismo,

193 4737 313 4802 revocet,
329 4733 496 4789 irascentem
509 4736 544 4789 ad
558 4739 748 4808 concordiam,
764 4740 874 4811 lapsum
888 4743 1008 4816 erigere,
1060 4760 1130 4798 unns
1145 4746 1213 4798 Deus
1227 4749 1252 4798 et
1264 4746 1346 4799 Pater
1369 4746 1497 4806 omniurn,
1518 4744 1566 4813 qui
1579 4747 1618 4797 est
1632 4757 1716 4814 snper
1739 4761 1839 4808 omnes,
1855 4753 1873 4800 rt

192 4827 336 4882 dolentem
349 4828 505 4894 consolare,
518 4829 652 4885 esurienti
665 4832 772 4900 cibum,
782 4834 887 4890 sitienti
895 4842 1008 4907 potum,
1059 4841 1219 4908 peremnia,
1246 4853 1277 4892 nr
1291 4854 1317 4892 ru
1344 4852 1463 4893 oramus
1487 4851 1576 4892 noers.
1592 4837 1667 4891 Deus
1683 4843 1767 4910 pater
1781 4839 1874 4894 dicitur

192 4921 297 4991 algenti
311 4921 510 4977 vestimentum
520 4922 654 4978 tribuere.
672 4925 770 4996 Sicque
783 4928 813 4982 fit
828 4934 859 4982 ut
871 4931 949 4984 omni
962 4948 1009 4986 ne-
1059 4948 1133 4986 uuus
1147 4947 1205 4986 esse
1217 4948 1223 4985 :
1234 4931 1340 4986 cthcue
1354 4931 1643 4994 dicitPatercmninm,
1655 4932 1725 5003 quia
1734 4934 1873 4988 Peterem·

191 5014 325 5069 ncccitate
341 5015 463 5071 fraterna
478 5017 646 5072 consolando
659 5035 725 5073 cum
735 5021 870 5091 patientia
885 5041 1007 5096 suppor-
1058 5025 1139 5080 nium
1161 5029 1366 5091 creaturarum,
1388 5025 1472 5095 juxta
1496 5026 1572 5097 quod
1586 5024 1725 5096 seriptum
1751 5029 1795 5081 est
1810 5042 1817 5080 :
1831 5026 1873 5092 Oui

192 5109 292 5159 temus.
308 5108 387 5163 Uultu
400 5125 516 5167 coners.
528 5113 621 5167 Unum
635 5129 736 5184 corpus
749 5114 818 5168 dicit
837 5121 940 5172 sanctae
961 5120 1008 5174 Ec·
1056 5124 1148 5174 manet
1160 5121 1189 5173 in
1202 5123 1333 5173 aternum
1346 5124 1442 5174 cuncta
1456 5121 1558 5174 creauit
1572 5119 1665 5174 simul.

192 5199 293 5266 clesie,
310 5201 380 5255 sicut
403 5203 432 5257 in
457 5205 511 5258 alio
526 5206 588 5260 loco
608 5207 684 5276 dicit,
705 5208 771 5280 qctia
794 5225 877 5264 unuln
901 5228 1005 5283 corpus,
1093 5213 1162 5277 Quia
1184 5212 1230 5267 hic
1251 5214 1286 5268 de
1300 5214 1435 5268 Trinitate
1449 5211 1556 5267 mentio
1573 5211 1646 5267 facta
1670 5218 1723 5283 est,
1742 5216 1829 5269 restat
1847 5218 1871 5266 ut

192 5295 217 5345 et
232 5307 301 5345 unus
313 5296 394 5361 partis
409 5311 499 5352 sumtis
518 5301 548 5351 in
562 5301 676 5357 Christo.
704 5302 772 5356 Nam
788 5319 951 5376 quanquam
976 5307 1006 5362 in
1056 5307 1122 5361 inde
1135 5307 1289 5362 restrictius
1297 5307 1405 5378 aliquid
1418 5306 1580 5377 loquamur.
1596 5305 1673 5360 Dixit
1680 5308 1761 5362 enim
1776 5308 1871 5380 primo,

134 5434 137 5442 ,
190 5380 327 5436 memhris
349 5381 438 5437 divisa
452 5385 488 5438 sit
503 5391 596 5441 saneta
618 5390 747 5460 Ecclesia,
773 5396 867 5447 tamen
888 5394 918 5448 in
939 5398 1004 5450 uni·
1056 5418 1126 5456 uncis
1146 5401 1281 5472 Spiritum
1301 5400 1403 5456 deiude
1429 5416 1498 5455 unus
1523 5401 1675 5467 Dominns3
1701 5401 1787 5456 tertio
1811 5414 1871 5454 nnus

188 5480 247 5530 tate
270 5473 336 5530 fidei
358 5475 522 5544 consistens,
548 5496 637 5535 unum
653 5488 695 5539 est
717 5502 828 5557 corpus,
844 5487 915 5543 sicut
930 5489 1004 5546 idem
1058 5496 1126 5549 Deus
1141 5501 1165 5549 et
1177 5496 1257 5549 Pater
1270 5496 1399 5548 omilium.
1417 5494 1544 5548 Primum
1555 5491 1649 5564 posuit
1661 5492 1801 5564 Spiritum
1814 5510 1870 5548 sau·

188 5570 330 5640 aposlolus
355 5569 422 5624 dicit
448 5570 538 5624 alibi:
568 5575 619 5627 Vos
642 5580 704 5631 estis
729 5595 825 5649 corpus
849 5583 958 5647 Christi,
980 5593 1005 5640 et
1056 5591 1144 5656 elain,
1161 5588 1262 5642 deinde
1286 5587 1397 5658 Filium,
1413 5587 1495 5643 tertio
1514 5588 1636 5642 Patrem.
1659 5586 1756 5642 Utitur
1769 5587 1821 5643 hoc
1834 5593 1869 5640 te-

188 5664 308 5718 rnernbra
322 5664 355 5717 cle
370 5663 495 5718 membris
511 5683 520 5728 ς
539 5664 646 5720 addidit
660 5684 666 5720 :
682 5669 756 5726 Unus
773 5688 904 5731 serenus.
929 5680 1002 5735 Una·
1055 5681 1187 5735 stimonio
1202 5686 1297 5735 contra
1322 5681 1431 5749 Arium,
1448 5697 1568 5757 suosque
1592 5679 1710 5752 similes,
1733 5681 1785 5756 qui
1798 5679 1870 5738 dixe

210 5780 237 5829 .·
251 5783 324 5854 Ergo
332 5783 467 5842 nostcriu
480 5784 634 5861 Epistulam
647 5803 763 5864 quoquc
772 5793 807 5850 ad
819 5795 926 5857 Galatas
933 5801 1151 5862 commentarios
1163 5801 1325 5879 scripserat.
