3884 6150
100 324 111 383 t
118 332 136 385 7
652 332 678 386 S.
699 328 868 387 srnnrluus
886 326 1071 385 rualenus.
1093 325 1234 383 norrun.
1751 318 1787 378 lt

97 436 205 511 gaudia
229 440 376 514 reportare
400 408 537 498 concedat
561 456 568 496 ι
596 444 747 515 tantusque
769 456 819 497 ros
840 436 917 496 beati
927 449 1026 524 Aaou
1038 435 1077 492 eis
1091 435 1193 504 favere,
1206 431 1435 506 decertaveritis3
1460 434 1489 490 et
1502 426 1542 490 ita
1555 427 1584 489 in
1599 426 1783 506 postmodum

95 533 176 588 Petri
192 534 390 606 apostolorum
410 521 545 608 principis
570 552 651 592 amor
670 535 812 604 accendat,
831 539 863 591 ut
886 535 917 592 in
967 531 1001 586 dc
1013 529 1062 585 tali
1076 546 1106 585 re
1119 529 1235 602 querela
1255 527 1372 585 cessabit
1388 545 1395 584 :
1411 528 1478 601 quia
1492 525 1672 584 contumeliae
1686 523 1781 582 studio

96 628 166 682 ovili
178 628 280 700 ipsius,
291 628 336 683 cui
352 634 596 686 omnescreaturae
609 629 802 700 suntlraditeu,
819 645 917 685 omues
966 625 998 680 tit
1017 623 1191 696 [appetitur},
1212 622 1331 696 quiquid
1350 622 1534 679 interdictum
1552 621 1636 677 toties
1656 635 1780 691 usurpa·

94 721 195 777 taliter
207 728 343 793 errantes,
358 723 490 779 etillicita
500 730 583 797 atquc
593 722 917 796 probibitapraesumcn-
966 724 1021 773 tur.
1039 716 1208 773 Omniahuec
1217 717 1375 787 decretalia,
1385 721 1413 772 ct
1422 720 1589 772 cunctorum
1600 715 1781 770 decessorum

94 818 150 883 tes,
166 815 269 870 sanctis
283 816 381 871 restris
396 817 497 873 studiis
514 833 625 872 summo
644 816 837 889 redintegrare
851 833 916 872 cum
966 817 1096 868 nostrum
1110 810 1271 881 constituta,
1287 827 1351 882 quac
1370 809 1404 865 de
1423 807 1615 866 ecclesiasticis
1636 807 1782 864 ordinibus

96 907 240 962 desiderio
253 908 400 979 festinetis,
414 910 535 982 qualiter
550 910 652 965 animm
670 909 796 982 pretioso
813 909 916 966 Christi
966 909 994 960 et
1005 922 1146 961 canonum
1160 904 1341 978 promulgata
1353 907 1418 959 sunt
1429 901 1593 974 disciplinis,
1607 901 1646 957 ita
1659 900 1739 957 robis
1753 903 1782 958 et

95 1000 239 1073 sangiune
260 1002 425 1075 redemptae,
448 1020 549 1060 eorum
574 1020 633 1059 non
659 1003 812 1076 depereant
838 1003 916 1059 decc-
966 998 1257 1072 omnibuscpiscopis,
1278 1015 1309 1053 ac
1323 996 1430 1053 cunctis
1445 994 1779 1068 generalitcrsacerdoti·

94 1093 208 1166 ptione.
220 1095 317 1151 Restat
330 1097 510 1171 etiam,quod
520 1114 571 1170 per
581 1098 686 1154 ostium
696 1097 726 1152 hi
735 1111 915 1169 nequaquam
964 1093 1017 1148 bus
1036 1093 1171 1149 custodiri
1189 1092 1291 1148 debere
1313 1089 1491 1160 mandamus,
1505 1093 1537 1145 nt
1555 1089 1578 1143 si
1595 1089 1658 1161 quis
1675 1088 1705 1143 in
1730 1087 1781 1144 illa

95 1187 307 1260 subintrarunt,
322 1190 389 1263 quia
406 1207 464 1246 non
485 1191 627 1248 habebant
646 1186 751 1249 ostium
768 1209 820 1265 per
837 1192 915 1264 qnod
964 1187 1146 1259 commiserit,
1162 1187 1273 1243 veniam
1288 1185 1341 1241 sibi
1354 1185 1486 1256 deinceps
1498 1182 1611 1238 noverit
1623 1182 1776 1253 denegari:
1816 1232 1820 1237 .
1855 1232 1862 1249 ,

93 1281 319 1353 ingrederentur
341 1301 348 1339 :
369 1284 435 1357 quia
457 1285 498 1356 (ut
524 1286 630 1342 dictum
652 1265 702 1359 cst)¹
725 1287 748 1342 si
779 1303 831 1342 nce
853 1285 912 1359 cpi·
964 1282 1099 1354 quoniam
1123 1285 1283 1338 occurreret
1303 1279 1413 1349 veritas,
1437 1279 1459 1333 si
1478 1275 1585 1333 falsitas
1608 1275 1777 1347 displiceret.

94 1375 175 1447 scopi
190 1382 266 1444 sunt,
293 1382 322 1433 et
340 1378 490 1451 plusquam
511 1381 668 1453 presbyteri
690 1397 749 1437 csse
771 1380 912 1449 ambiunt,
964 1377 996 1431 Et
1012 1376 1114 1433 merito
1134 1393 1196 1446 nos,
1210 1375 1261 1449 qui
1275 1390 1386 1431 summa
1400 1371 1630 1428 ccclesiaetcncre
1644 1367 1779 1425 dehemus

92 1485 148 1540 per
159 1469 238 1540 quod
253 1471 357 1526 ostium
375 1471 540 1529 intrabunt!
554 1475 663 1530 cumbi
677 1475 914 1531 tantumduoor-
964 1470 1164 1542 gubernacula,
1192 1487 1274 1526 causa
1300 1467 1431 1540 respicit,
1454 1465 1477 1521 si
1499 1462 1610 1520 silentio
1636 1461 1779 1517 faveamus

92 1561 176 1617 dines
189 1563 220 1618 in
234 1564 350 1620 ecclesia
365 1565 508 1639 legantur,
523 1584 574 1624 nec
588 1569 710 1641 amplius
723 1569 757 1625 ad
772 1568 912 1642 pastorale
962 1563 1054 1618 errori
1068 1564 1114 1635 (a).
1134 1566 1200 1620 Data
1218 1580 1263 1620 nir
1279 1561 1417 1618 Kalendas
1439 1558 1569 1631 Augusti,
1591 1555 1701 1612 tustino
1723 1555 1779 1628 [lu-

94 1655 429 1732 officiumaliquodpatct
439 1661 552 1733 ostium,
563 1679 613 1733 per
621 1663 698 1735 quod
709 1666 806 1735 pastor
814 1662 910 1720 intret.
962 1657 1095 1729 stiniano]
1116 1661 1195 1714 sento
1219 1663 1247 1714 ct
1265 1659 1380 1712 Narscte
1401 1653 1468 1710 viris
1494 1649 1655 1707 clarissimis
1674 1664 1777 1706 consu-
1884 1726 1892 1732 .

91 1749 205 1819 Audite,
220 1750 332 1821 fratres,
347 1769 407 1808 non
422 1771 477 1825 mc,
492 1756 540 1811 sed
552 1755 644 1827 ipsam
653 1757 806 1811 Veritatem
819 1756 911 1812 dicen·
961 1750 1092 1823 liaustu).

91 1845 148 1897 tenr
164 1843 254 1913 (loun.
275 1846 303 1918 x)
328 1863 335 1901 ε
361 1847 413 1914 Qut
433 1865 486 1903 nou
506 1851 593 1905 intrat
611 1866 664 1920 per
675 1853 772 1905 ostium
795 1853 824 1906 in
843 1826 950 1908 cvirali
1104 1859 1268 1916 EPlSTOLA
1294 1857 1433 1915 JOANNIS
1461 1857 1558 1912 PAPAE
1587 1856 1630 1924 lll,

92 1939 192 2000 ocium,
209 1940 259 1993 seu
275 1942 398 1996 ascendit
418 1942 541 2006 aliunde,
561 1943 607 1997 ille
627 1947 676 2012 [ιιι
696 1948 735 1999 est
751 1949 776 1999 et
789 1944 868 2008 tetre,
883 1949 912 2001 et
1128 1970 1162 2008 nn
1176 1969 1301 2009 anennual
1315 1968 1420 2008 vrnuun
1435 1964 1603 2006 aumsrlrsu.

91 2030 210 2102 reliqua.
223 2032 295 2087 Cum
308 2034 392 2089 ctiam
403 2035 716 2111 egregiusproedicator
738 2036 811 2093 dicat
821 2055 828 2093 z
839 2041 911 2094 Fun·
1190 2058 1388 2110 opsnavmo
1411 2057 1543 2108 LABBAEI.

92 2123 248 2181 darueutum
266 2128 346 2182 aliud
362 2145 436 2184 atenac
450 2134 540 2200 potest
558 2147 659 2201 ponere
676 2137 776 2202 prater
789 2134 819 2185 iu
838 2132 911 2202 quod
990 2141 1103 2191 loannes
1115 2154 1130 2189 a
1141 2141 1222 2191 Bosco
1236 2138 1380 2189 monachus
1394 2137 1451 2187 ord.
1468 2131 1775 2208 celestinomm,edttor

88 2219 208 2286 positum
223 2226 263 2275 est
276 2240 285 2274 .·
300 2220 324 2291 (I
337 2222 398 2278 Cor.
412 2226 451 2295 ml
469 2241 475 2278 :
491 2224 625 2296 praedicta
647 2224 702 2280 duc
724 2224 911 2281 fundamenta
959 2200 1560 2328 fflke'ffleffffuffssffgiflfffff⁸ssagffin⁰gffisgip}'
1576 2197 1775 2312 gglgffiffl

90 2310 118 2364 in
126 2311 249 2368 Ecclesia
262 2318 756 2390 tautummodopositainveniuntur,
770 2318 909 2390 quidquid
958 2327 1066 2378 Viennae
1077 2326 1227 2387 antistitem,
1241 2340 1298 2391 que
1307 2325 1344 2376 sic
1357 2324 1436 2376 habet
1449 2339 1456 2374 τ

91 2405 213 2476 amplius
234 2408 265 2463 in
283 2408 328 2463 his
345 2411 468 2482 positum
484 2412 637 2480 invenitur,
656 2416 729 2467 stare
747 2413 908 2468 nullatenus
992 2424 1114 2478 lomnes
1151 2420 1299 2494 episcopus
1328 2420 1432 2477 Edaldo
1458 2417 1623 2489 Viennensi,
1662 2415 1771 2472 archia.
1796 2491 1799 2495 1

90 2500 207 2568 poterit.
216 2501 319 2559 Etidec
329 2521 396 2559 cum
405 2506 537 2561 omnibus
545 2505 602 2561 suis
614 2505 813 2576 fundamentis,
823 2506 908 2564 actio·
956 2515 1083 2589 piseopo.
1776 2492 1782 2513 ¹

90 2591 177 2646 nibus
189 2598 272 2667 atque
283 2597 423 2654 radicibus
431 2603 463 2669 ut
475 2600 618 2671 evellatur,
634 2617 747 2656 necesse
759 2609 811 2670 est,
823 2601 862 2657 ila
876 2606 908 2657 ut
992 2611 1030 2666 Da
1044 2609 1144 2666 officiis
1156 2610 1318 2678 missarum,
1333 2609 1367 2665 de
1388 2607 1492 2680 quibus
1511 2606 1542 2662 in
1560 2604 1661 2662 litteris
1673 2603 1771 2660 restris

88 2685 905 2770 ampliusneepullulare,uecgcrminareraleat.Nonergo
957 2702 1123 2774 requisistis,
1140 2703 1207 2758 sciat
1220 2702 1348 2758 Charitas
1363 2705 1453 2756 vestra
1465 2700 1531 2772 quia
1546 2699 1620 2754 varie
1637 2698 1712 2770 apud
1727 2697 1769 2753 di-

88 2786 217 2850 generet,
233 2787 261 2838 et
276 2801 336 2840 non
355 2786 439 2842 faciat
453 2787 542 2858 vobis,
558 2788 668 2857 fratres,
683 2788 766 2844 toties
786 2788 906 2861 repetita
956 2808 1048 2851 stersus
1062 2795 1198 2851 Ecclesiae
1211 2796 1280 2850 fiant
1289 2813 1298 2864 3
1314 2793 1396 2849 aliter
1419 2792 1495 2848 enim
1516 2790 1705 2847 alexandrina
1722 2791 1771 2846 Ec·

85 2871 192 2928 locutio
206 2875 350 2934 fastidium
366 2896 372 2934 :
386 2880 453 2952 quia
465 2897 577 2937 summa
591 2882 740 2939 necessitas
750 2886 792 2938 cst
802 2882 905 2954 sapius
955 2889 1057 2959 clusin,
1089 2889 1170 2944 aliter
1202 2887 1472 2960 Hierosolymam,
1497 2885 1579 2941 aliter
1610 2883 1767 2958 Ephesina,

84 2966 234 3035 prohiberi
248 2972 323 3042 quod
336 2973 419 3028 toties
430 2975 527 3031 illicite
540 2981 711 3048 usurpatur:
726 2980 754 3031 ct
767 2975 904 3048 quoniam
953 2984 1034 3039 aliter
1058 2985 1186 3039 Romana
1216 2982 1284 3037 facit
1310 2998 1317 3036 ε
1344 2981 1424 3053 cujus
1451 2995 1561 3035 morem
1587 2982 1614 3033 et
1640 2977 1769 3033 institute

84 3061 188 3116 veritas
203 3064 307 3135 saepius
320 3067 470 3138 exagitata,
480 3069 571 3141 magis
581 3070 748 3141 splendescit
759 3071 789 3126 in
797 3070 901 3140 lucem;
954 3076 1036 3132 debet
1048 3092 1159 3132 servaro
1172 3075 1293 3131 Ecclesia
1301 3080 1360 3144 tua,
1371 3091 1435 3146 quae
1447 3073 1666 3129 fundamentum
1679 3070 1768 3126 sancti

84 3159 110 3207 et
125 3156 207 3224 quod
219 3157 302 3214 toties
317 3162 471 3232 repetendo
484 3163 663 3232 admonetur,
674 3163 769 3219 minus
786 3181 904 3237 usurpa·
953 3171 1064 3225 habitus
1076 3170 1111 3225 ab
1123 3170 1170 3224 illa
1182 3166 1313 3244 sumpsit.
1328 3168 1501 3223 Venerabilis
1524 3166 1601 3239 pallii
1615 3181 1696 3220 usum
1715 3180 1767 3236 per

84 3251 139 3302 tur.
158 3249 254 3322 Super
274 3252 319 3308 his
340 3254 416 3310 enim
436 3256 524 3311 multa
539 3256 599 3327 jam
623 3256 658 3311 ab
680 3258 904 3313 antecessoribus
953 3268 1081 3318 sanctum
1093 3264 1291 3336 presbyterum
1304 3246 1426 3317 vestrum
1440 3259 1562 3316 Felicem
1579 3258 1629 3314 tibi
1647 3257 1767 3313 destina·

84 3344 190 3398 nostris
199 3344 273 3400 dicta
283 3351 364 3418 suut;
380 3365 397 3403 a
410 3349 513 3421 quibus
526 3349 589 3420 ipsi,
603 3350 676 3405 sieut
688 3367 764 3406 nunc
778 3369 795 3406 a
808 3352 901 3424 nobis,
950 3357 1178 3412 vimusnolentes
1188 3353 1534 3428 tcprirariantiquobcati
1546 3351 1620 3407 Petri
1629 3367 1765 3407 munere:

84 3435 120 3487 ita
131 3436 321 3511 olimabipsis
329 3440 487 3498 damnatiet
495 3442 714 3516 prohibitisunt.
725 3445 788 3500 ldeo
799 3447 902 3519 saepius
950 3450 1035 3507 simul
1057 3451 1200 3506 mittentes
1227 3450 1261 3504 de
1282 3448 1389 3519 capillis
1408 3447 1495 3501 sancti
1520 3446 1607 3511 Pauli,
1635 3448 1667 3499 ut
1693 3449 1766 3499 esset

83 3535 256 3600 repetentes,
269 3550 534 3608 omnesmonemus,
547 3541 580 3593 ut
592 3538 716 3592 vitentur
725 3539 899 3611 hujusmodi,
950 3544 1078 3600 Ecclesioe
1100 3548 1198 3599 restrae
1232 3542 1299 3597 illus
1323 3539 1524 3596 intercessione
1547 3538 1688 3608 solatium,
1713 3553 1765 3608 per

83 3630 108 3675 cl
124 3641 141 3676 a
154 3625 260 3681 talibus
273 3645 301 3684 se
315 3628 484 3700 abstineant,
495 3631 544 3703 qui
557 3631 700 3686 noluerint
713 3649 769 3686 una
784 3648 849 3687 eum
862 3634 901 3689 eis
950 3637 1030 3708 qu'us
1054 3636 1223 3708 discipulum
1245 3633 1367 3705 suscepit
1379 3633 1504 3706 primum
1517 3630 1662 3704 religionis
1675 3630 1765 3687 honu-

82 3720 279 3776 asacerdotali
291 3722 499 3791 ministerio,nt
512 3718 707 3796 rebelles,fieri
720 3725 901 3792 alieuiQuod
949 3745 1020 3784 rem.
1039 3733 1073 3786 Et
1098 3731 1155 3784 ntia
1172 3745 1256 3784 mauu
1277 3747 1284 3782 :
1312 3727 1473 3782 Benedictio
1494 3725 1690 3797 apostolorum
1715 3738 1764 3779 vos

82 3811 203 3867 demum
225 3815 345 3886 probare
369 3817 536 3889 poterimus,
555 3819 578 3873 si
595 3819 664 3874 tales
684 3819 848 3891 exstirpare,
874 3826 901 3877 et
949 3823 984 3878 ab
996 3823 1087 3879 imbre
1100 3822 1292 3895 malignorum
1312 3820 1452 3877 defendat.

79 3996 97 4048 d
118 3923 155 4049 tl‘q
165 3927 343 4054 llactqnnsLex
355 3928 462 3985 laciniis
478 3929 575 3986 lsidori
588 3931 640 3986 sub
656 3947 775 4003 persona
791 3932 900 3988 Damasi
986 3935 1019 4008 (b)
1033 3936 1113 3991 Falsa
1127 3935 1273 3993 consulum
1288 3937 1366 3989 nota.
1383 3933 1463 3989 Lanu.

100 4012 283 4053 eresccnrs.
322 4014 381 4055 ann.

77 4099 1763 4156 Ἥ

747 4233 829 4279 ANNO
852 4232 960 4280 bolum
983 4234 1103 4280 bnxxu.

130 4344 227 4548 S.
290 4345 941 4557 MARTINUS
1021 4351 1716 4556 DUMIENSIS

513 4607 848 4715 EPISGOPUS
886 4607 1329 4713 BRACARENSIS.

666 4747 821 4828 (Gallaud.
838 4747 987 4811 biblioth.
1006 4752 1085 4808 tom.
1102 4745 1182 4829 llll.)

199 4927 589 5051 NO'HTIA
633 4932 754 5052 DE
799 4933 1168 5057 sANcro
1214 4930 1644 5056 manrmo

581 5092 1260 5240 briscono-nuecelone.

108 5281 130 5334 l.
148 5280 287 5332 intereos
301 5277 375 5334 rinos
388 5280 513 5336 cnadites
527 5281 576 5353 qui
596 5282 683 5337 saneti
698 5282 807 5338 llartini
826 5284 895 5337 Bra-
906 5295 935 5367 D
947 5282 1069 5337 ciensem
1082 5300 1097 5336 a
1109 5283 1252 5355 prouincia
1263 5284 1410 5357 Hispanico
1421 5285 1453 5341 in
1462 5300 1518 5357 qua
1531 5283 1619 5354 degit,
1632 5284 1764 5340 llumicn·

69 5372 204 5429 caurensis
224 5370 347 5445 episcopi
365 5379 443 5446 gesta
459 5374 560 5431 litteris
581 5376 782 5446 t1·adidcrc,cl.
799 5376 895 5432 liubil·
946 5392 1005 5431 sem
1019 5380 1046 5432 ct
1060 5378 1258 5433 bracarensem
1272 5378 1319 5434 alii
1333 5395 1350 5432 a
1364 5378 1478 5435 sedibus
1495 5377 1597 5450 quibus
1614 5377 1765 5451 episcopus
1784 5403 1785 5408 ¹

70 5469 172 5523 lunius
182 5464 310 5522 eminere
318 5467 399 5522 nohis
410 5468 534 5539 videtnr;
546 5486 581 5524 ex
591 5452 648 5542 quo
657 5470 775 5543 proinde
788 5471 896 5527 caeteris
946 5469 1068 5542 praefuit,
1091 5471 1338 5545 cognominarunt.
1355 5493 1369 5522 n
1385 5474 1424 5528 Er
1443 5471 1487 5527 his
1506 5489 1591 5544 porro
1612 5472 1667 5528 viri
1689 5470 1765 5528 docti

72 5559 248 5618 summatim
261 5577 312 5633 pro
325 5560 446 5618 instituti
461 5563 551 5619 nostri
570 5563 677 5620 rationo
697 5565 834 5620 nonnulla
850 5565 897 5620 bic
947 5564 1037 5619 verbis
1050 5565 1130 5620 nobis
1147 5565 1295 5635 succurrit,
1308 5566 1384 5638 qnod
1403 5566 1434 5622 in
1452 5566 1572 5622 Beronio
1593 5571 1689 5622 nostro
1709 5566 1760 5619 Ta·

71 5653 265 5712 describendo
290 5655 461 5712 censuimus.
488 5658 522 5713 Et
546 5657 673 5730 primum
700 5658 816 5731 quidem
850 5659 895 5714 in·
946 5675 1047 5732 mayus
1059 5660 1167 5716 notarit
1181 5660 1230 5732 (b),
1245 5660 1339 5733 ipsum
1352 5677 1455 5733 nempe
1469 5678 1513 5718 res
1532 5660 1693 5734 Hispanicas
1705 5656 1764 5712 obi·

74 5747 897 5822 quitlaltuMartiuumoliiPannoniumaPatria,aliiGalli·
946 5756 991 5808 ter
1013 5757 1190 5823 tractantem,
1217 5754 1251 5810 de
1277 5755 1360 5810 unico
1385 5754 1504 5811 Martiuo
1531 5759 1589 5809 tras
1616 5750 1768 5819 conflasse,

110 5865 149 5935 ἐῢ)
163 5858 271 5919 Wlffl-
281 5863 341 5920 ¹³⁰2·
358 5861 403 5919 SS·
419 5861 485 5920 ΟΜ·
502 5865 570 5921 Βθῡ·
584 5880 648 5921 ⁸2⁰·
665 5864 685 5920 1·
699 5864 761 5921 244·
984 5866 1018 5939 lb)
1034 5865 1151 5945 ramay.
1163 5867 1283 5946 ltartpu
1293 5867 1379 5945 ltisp.
1389 5865 1683 5945 tom.ll,paq.'tbt.
