3878 6150
1098 195 1101 198 .
1359 148 1387 197 ⁴

154 282 205 335 787
666 279 836 346 LlClNthl,
856 277 1142 335 CARTHhGlNENSlS
1161 274 1319 338 EPISCOPI.
1786 284 1839 339 688

153 394 220 452 teris,
234 392 262 445 et
273 404 329 443 non
339 386 675 460 pluraliternominaturt
685 388 712 445 Si
723 389 843 443 Trinitas
852 406 910 443 non
920 393 970 458 est,
983 388 1084 474 Alide,
1099 391 1264 445 attendentes
1277 390 1417 460 spiritibus
1437 392 1534 446 emaus
1550 393 1576 445 et
1595 390 1726 446 doctrinis
1739 390 1840 446 darno-

153 499 204 538 cur
215 483 313 538 Tobiae
325 482 415 536 hlium
428 498 512 536 suum
526 498 591 536 cum
606 482 637 536 iu
647 484 737 554 Reges
746 483 886 538 civitatem
901 500 967 538 eum
1021 484 1128 538 reiorum
1140 486 1170 538 in
1184 486 1321 554 hypocrisi
1333 486 1497 555 loqueretium
1509 485 1679 540 mendacium
1689 527 1699 549 ‚
1711 491 1737 539 et
1748 490 1841 540 caute

151 577 293 647 Raphaele
304 574 404 645 angelo
413 574 547 656 mitteret,
561 575 729 631 benedicens
741 593 800 642 eos,
816 577 856 631 ita
864 576 966 632 dixisse
1016 578 1119 630 rictam
1141 579 1297 634 habentium
1319 593 1397 634 uiam
1416 581 1619 642 cometentiem,
1637 580 1842 649 prohibentium

151 670 285 725 docetur:
302 673 370 724 Deus
389 669 538 734 Abraham,
554 673 579 723 et
598 674 666 725 Deus
685 672 773 732 Isaac,
793 675 818 725 et
831 674 899 726 neas
916 673 964 726 Ja-
1015 670 1123 733 nubere,
1137 671 1368 727 abstinereacibis
1377 687 1440 741 quos
1448 675 1517 729 Deus
1527 675 1628 728 meavit
1637 672 1676 728 ad
1682 676 1838 744 percipien-

150 764 205 826 cob,
230 764 286 832 ipse
304 762 417 832 impleat
443 762 648 817 benedictionem
662 779 739 817 suam
761 766 790 817 ia
802 765 876 820 uobis
889 764 964 832 (Tob.
1014 761 1080 816 dum
1095 778 1154 818 cum
1166 767 1319 834 pretiorum
1325 768 1437 831 actione,
1451 766 1584 835 fidelibus,
1595 771 1620 822 et
1630 768 1673 822 his
1682 768 1733 836 qui
1744 781 1839 836 coquo

150 857 216 926 mitt
230 855 259 911 Si
272 855 366 909 unitas
381 871 438 910 nan
451 858 503 923 est,
518 872 615 927 quare,
631 858 687 927 ipse
700 858 822 928 impleat,
842 856 922 920 dixit,
938 860 966 912 et
1014 862 1111 911 uerunt
1123 860 1275 927 ueritatem,
1293 862 1358 929 quia
1370 862 1455 915 omnis
1467 865 1592 916 uectura
1605 863 1655 916 Dei
1668 861 1739 915 bona
1751 865 1801 924 est,
1814 864 1839 914 et

149 967 206 1006 non
214 949 268 1022 ipsi
277 948 744 1021 impleant,intimavitiPostremo,
755 951 965 1006 siTrinitasnon
1013 950 1085 1004 nihil
1103 950 1287 1020 rejiciendum,
1304 954 1376 1023 quod
1389 970 1448 1008 cum
1462 956 1615 1023 prationem
1630 957 1736 1031 actione
1745 956 1836 1025 perci-

149 1049 199 1113 est,
211 1059 299 1115 quare
314 1042 452 1097 Dominus
465 1042 616 1114 discipulos
628 1059 694 1098 suos
706 1045 737 1099 in
749 1043 864 1099 nomine
874 1043 964 1099 Patris
1010 1044 1099 1113 pitur.
1113 1046 1307 1114 Sanctificetur
1317 1050 1387 1102 enim
1397 1063 1448 1117 per
1458 1048 1568 1103 verbnm
1575 1051 1625 1104 Dei
1637 1053 1662 1102 et
1676 1050 1834 1103 orationem.

149 1144 177 1193 et
192 1137 253 1192 Filii
266 1141 294 1192 et
306 1135 427 1208 Spiritus
447 1137 537 1191 sancti
555 1136 700 1192 universas
714 1143 812 1208 gentes
825 1138 903 1193 misit
913 1138 961 1192 ba·
1013 1137 1076 1191 Hac
1094 1153 1247 1208 proponens
1262 1140 1408 1207 tratmbus,
1425 1141 1507 1196 bonas
1522 1143 1576 1197 eris
1591 1144 1716 1197 minister
1737 1142 1838 1199 Christi

147 1231 504 1304 ptizarethtatth.xxv111)t
524 1231 552 1286 Si
565 1231 657 1286 unitas
673 1248 733 1286 non
753 1236 805 1302 est,
826 1248 913 1304 quare
934 1234 964 1287 in
1012 1231 1084 1292 iesu,
1099 1234 1232 1286 enutritus
1244 1234 1323 1288 uerbo
1335 1235 1399 1303 {idei
1411 1239 1437 1289 et
1452 1235 1525 1289 boae
1536 1235 1675 1300 decimae,
1691 1252 1777 1306 quam
1790 1251 1832 1291 as-

77 1390 82 1401 ,
146 1329 263 1390 nornine,
288 1323 368 1393 dixit,
384 1328 412 1378 et
435 1340 502 1393 non,
529 1325 559 1378 in
581 1325 752 1393 nominihus,
775 1325 963 1397 praecipienda
1011 1327 1115 1380 secutus
1128 1339 1164 1380 es.
1178 1328 1286 1396 ineptes
1308 1331 1398 1383 autem
1411 1332 1437 1383 et
1455 1331 1548 1384 inanes
1567 1329 1680 1396 fabulas
1692 1330 1796 1391 dmita,
1809 1335 1833 1385 et

16 1404 22 1418 ⁸
146 1418 314 1492 perdocuit?
327 1418 355 1473 si
369 1417 489 1473 Trinitas
501 1434 558 1473 non
571 1423 622 1488 est,
633 1435 722 1490 qnare
734 1420 874 1490 apostolus
888 1421 961 1474 Pau·
1011 1421 1832 1493 caerateipsumaepetatem.1iamcorparalismanteia

146 1513 262 1568 lussit:
279 1515 322 1567 Fac
340 1514 409 1582 ipse,
430 1516 455 1566 et
466 1527 516 1582 per
530 1515 628 1583 ipsum,
645 1517 669 1567 et
683 1515 781 1583 inipso
795 1517 858 1568 sunt
871 1516 962 1569 omnia
1011 1510 1194 1567 admedicum
1211 1514 1288 1569 utilis
1308 1519 1356 1570 est.
1377 1518 1467 1571 Pietas
1486 1521 1576 1572 autem
1596 1517 1634 1572 ud
1658 1519 1752 1572 omnia
1778 1520 1832 1572 uti-

146 1609 232 1680 (Rom.
246 1606 304 1677 x1)t
319 1605 345 1660 Si
364 1605 529 1660 unitasnon
544 1610 596 1672 est,
611 1622 708 1677 quare,
723 1623 756 1661 ee
769 1609 837 1677 ipso,
856 1607 959 1677 posuit,
1012 1604 1045 1659 lis
1072 1610 1120 1670 est,
1147 1609 1351 1677 promissionem
1375 1610 1473 1666 habens
1501 1613 1564 1666 uite
1595 1627 1656 1680 pua
1681 1627 1755 1665 nunc
1784 1616 1831 1674 cst,

146 1708 255 1771 etnon,
278 1716 312 1754 ex
335 1699 417 1770 ipsis,
440 1699 581 1753 astruxit?
608 1698 635 1754 si
658 1699 734 1754 enim
760 1705 836 1755 certo
858 1699 961 1755 certius
1010 1702 1036 1751 et
1064 1700 1178 1766 suturae.
1210 1702 1309 1757 Fidelis
1341 1718 1425 1758 samo
1456 1708 1482 1759 et
1505 1707 1579 1759 omni
1602 1707 1756 1775 acceptione
1787 1706 1830 1759 di·

144 1794 268 1851 uolneris
282 1794 419 1848 unitatem
432 1791 577 1846 Trinitatis
592 1808 754 1864 agnoscere,
774 1780 1091 1865 asaepedictonnus.
1112 1795 1144 1847 ln
1166 1794 1214 1850 hoc
1232 1798 1302 1850 enim
1329 1797 1481 1853 laboramus
1498 1802 1523 1852 et
1543 1798 1747 1866 maledicimur,
1768 1803 1832 1869 puta

145 1892 258 1946 doctore
266 1886 394 1960 gentium
404 1887 528 1957 apostolo
539 1886 644 1958 poteris
652 1887 780 1941 universa
790 1886 961 1958 condiscere,
1011 1899 1149 1954 speramus
1172 1890 1202 1942 in
1223 1892 1306 1944 Deum
1325 1892 1426 1955 aivum,
1454 1894 1502 1962 qui
1520 1896 1559 1948 est
1575 1893 1699 1947 salvator
1712 1896 1830 1947 omnium

144 1989 172 2041 et
184 1982 264 2055 sequi
279 1980 445 2036 catholicam
460 1979 556 2047 tidem,
571 1986 599 2035 et
610 1980 781 2035 arianorum
793 1981 962 2052 pravitatem
1012 1979 1168 2044 hominum,
1182 1986 1350 2055 menimeque
1362 1986 1492 2055 fidelium.
1506 1987 1623 2057 Praempe
1636 1986 1693 2041 bec
1711 1990 1739 2041 et
1759 1987 1828 2042 doce.

143 2092 300 2149 respuere:
318 2076 413 2133 mutia
433 2075 541 2129 Domini
555 2075 642 2129 nestri
659 2077 720 2129 iesu
733 2075 842 2138 Christi,
858 2073 960 2146 inquit,
1010 2073 1093 2128 Nemo
1117 2075 1325 2133 adolescentiam
1339 2083 1414 2133 tuam
1424 2083 1593 2143 contemnat,
1614 2079 1663 2135 sed
1674 2080 1828 2151 jeaempbon

143 2178 169 2229 et
182 2174 301 2227 chonias
313 2171 363 2225 Dei
370 2210 378 2232 ,
394 2173 419 2223 et
437 2169 641 2224 communicatio
658 2169 746 2223 saneti
756 2169 885 2241 Spiritus.
898 2170 962 2239 lpse
1010 2169 1064 2220 este
1078 2167 1199 2235 fidelium
1213 2171 1243 2224 in
1263 2172 1353 2237 uerbo,
1366 2175 1396 2227 in
1413 2176 1625 2235 conomsahone,
1644 2175 1674 2228 in
1687 2174 1828 2236 chuntate,

143 2266 295 2326 estPetris,
316 2267 342 2316 et
363 2263 440 2326 Filii,
461 2266 486 2317 et
507 2263 626 2332 Spiritus
646 2262 735 2316 sancti
757 2260 793 2330 (Η
812 2263 871 2320 Gor.
890 2259 959 2332 xm).
1010 2261 1040 2313 in
1053 2260 1115 2329 fide,
1131 2264 1161 2316 in
1174 2266 1825 2331 castitateDumoenio,attendelectioni,cuhor-

141 2358 287 2424 Quomodo
301 2360 397 2411 autem
407 2355 438 2409 in
452 2354 586 2410 Trinitate
600 2370 691 2409 unum
701 2355 785 2409 sunit
800 2354 866 2426 quia
880 2357 961 2410 nalu-
1010 2355 1117 2418 talioni,
1132 2355 1271 2413 doctrina.
1285 2360 1488 2430 Notiaeplipere
1498 2363 1618 2431 qratiam
1632 2377 1693 2431 qua
1703 2364 1735 2415 in
1747 2367 1772 2418 te
1781 2367 1822 2423 est,

141 2473 173 2512 ra
187 2460 273 2527 atque
291 2453 304 2486 ⁸
322 2455 356 2508 ab
370 2453 491 2508 invicem
507 2451 630 2524 separari
644 2469 703 2507 non
725 2456 852 2523 possunt.
868 2452 958 2508 sate·
1009 2461 1069 2515 Μ
1083 2447 1151 2503 daia
1164 2454 1203 2504 esi
1213 2450 1263 2505 tibi
1272 2467 1323 2522 per
1332 2454 1504 2524 prophetiam
1517 2469 1577 2508 cum
1590 2456 1764 2524 impositione
1775 2472 1821 2509 mn·

141 2567 216 2620 rum,
229 2550 315 2604 frater
325 2547 497 2616 charissime,
512 2563 576 2618 quae
590 2549 637 2600 tua
651 2545 833 2600 continebant
845 2545 957 2617 scripta,
1008 2555 1092 2594 nuum
1103 2543 1273 2611 presbyterii.
1287 2548 1351 2602 Haec
1368 2547 1509 2610 meditere,
1525 2538 1555 2601 in'
1569 2548 1611 2603 his
1625 2553 1691 2613 esto,
1711 2553 1743 2604 ut
1761 2565 1818 2620 pro·

141 2661 175 2702 ex
190 2642 322 2715 subjectis
334 2641 480 2696 sententiis
495 2642 617 2697 maxime
637 2640 734 2694 omnia
755 2639 859 2711 poteris
877 2624 965 2693 colli-'
1007 2633 1095 2699 sectus
1115 2638 1176 2690 tuus
1195 2640 1356 2706 manifestus
1382 2642 1418 2695 sit
1441 2641 1571 2696 manibus.
1597 2642 1718 2698 Attende
1738 2644 1785 2697 tibi
1798 2647 1818 2697 et

141 2734 208 2810 με
222 2737 246 2792 b.
262 2737 376 2791 Necesse
399 2737 450 2803 est,
470 2734 557 2789 irater
575 2731 749 2800 charissime,
773 2733 870 2787 adesse
885 2732 956 2787 divi·
1007 2726 1146 2791 doctrina,
1161 2732 1234 2786 insta
1255 2735 1284 2787 in
1306 2734 1372 2790 illr's.
1387 2737 1442 2790 Hoc
1461 2737 1530 2790 enim
1547 2737 1815 2807 indemonstratum

140 2850 220 2898 num,
236 2830 283 2885 ubi
297 2830 457 2884 humanum
478 2831 567 2882 cessat
585 2827 733 2882 auxilium.
764 2827 797 2881 Et
818 2831 851 2880 ut
874 2826 957 2896 Juxta
1007 2821 1113 2875 saluum
1137 2824 1232 2890 sames,
1258 2831 1284 2881 et
1304 2842 1346 2882 eos
1370 2831 1419 2898 qui
1446 2832 1470 2883 te
1496 2829 1613 2885 audiunt
1640 2828 1665 2899 (l
1688 2832 1756 2886 Tim.
1772 2832 1811 2899 ur).

139 2925 298 2997 apostolum
310 2924 429 2978 Paulum
444 2921 580 2990 dieamus,
594 2921 660 2976 licet
678 2920 763 2975 rerba
775 2919 955 2991 replicemus,
1006 2912 1092 2969 Fame
1105 2916 1182 2971 enim
1196 2918 1281 2973 nimis
1301 2920 1440 2992 affligitur
1453 2922 1575 2994 populus
1596 2923 1755 2994 Romanus,
1768 2939 1810 2995 qua

141 3035 206 3092 qua
218 3018 278 3088 ipse
292 3015 439 3071 Timotheo
452 3014 549 3069 scribit
561 3013 656 3068 dicens
671 3030 678 3068 :
697 3014 816 3069 Ecclesia
828 3015 877 3068 Dei
887 3015 955 3077 uiui,
1006 3006 1085 3063 clade
1100 3012 1184 3080 atque
1204 3012 1267 3068 aliis
1282 3015 1470 3071 anxietatibus
1484 3020 1602 3071 vexatus
1623 3017 1742 3090 longam
1760 3017 1807 3089 epi·

104 3181 107 3186 ⁴
139 3115 263 3168 columna
282 3116 307 3166 et
326 3112 522 3180 iuramentum
545 3112 583 3163 est
603 3109 736 3162 scutatis.
759 3110 794 3162 Et
814 3108 992 3223 manifesteC
1005 3101 1104 3156 stolam
1132 3103 1252 3161 minime
1280 3107 1402 3165 scribere
1432 3110 1515 3166 raim.
1539 3111 1680 3183 Tempore
1698 3127 1805 3183 congruo

138 3222 267 3278 mapnum
280 3208 318 3260 est
327 3205 441 3275 paulis
453 3205 661 3265 sacramentum,
673 3201 955 3271 quodmanisestatum
1003 3197 1106 3254 denuoi
1133 3201 1165 3272 (si
1189 3219 1303 3261 necesse
1331 3207 1426 3280 fuerit)
1450 3208 1541 3278 mitte,
1564 3214 1592 3264 et
1605 3225 1639 3265 ea
1660 3226 1725 3282 qua
1746 3208 1801 3264 desi·

139 3304 316 3363 estinearne,
325 3298 717 3368 justificatumestinspiritu,
732 3297 954 3366 apperuitonpe-
1006 3292 1157 3365 deraveris,
1190 3314 1280 3355 sume.
1315 3301 1388 3356 Deus
1418 3307 1445 3358 te
1477 3302 1640 3358 incolumen
1671 3303 1798 3367 custodiat,
1834 3294 1857 3365 1

139 3398 182 3460 lis,
195 3394 375 3466 praedicatum
387 3393 464 3447 estin
476 3390 831 3459 pentibus,creditumestin
842 3390 953 3453 munde,
1003 3389 1092 3447 irater
1116 3394 1290 3454 charissime.
1315 3403 1416 3457 Amen.
1442 3403 1510 3456 Data
1534 3417 1562 3456 iv
1585 3402 1680 3457 Nonas
1709 3400 1796 3474 Aprilis,
1858 3396 1861 3455 i

138 3493 306 3560 assumptum
320 3488 399 3542 estin
411 3487 508 3556 pierio.
523 3486 641 3556 Spiritus
652 3489 741 3538 autem
754 3484 897 3550 manifeste
909 3484 954 3540 di·
1002 3485 1110 3542 lustina
1127 3487 1230 3560 [Labb.,
1244 3492 1412 3568 iustiniano]
1436 3500 1465 3550 et
1483 3495 1563 3551 Libia
1579 3495 1649 3552 viris
1663 3492 1795 3552 clarissimis
1858 3484 1861 3517 ¹

139 3588 185 3649 cit,
199 3585 265 3654 quia
281 3584 311 3635 in
322 3582 473 3636 neohsimis
486 3579 648 3650 temporibus
661 3577 796 3634 discedent
810 3578 922 3648 puidam
937 3594 955 3633 a
1004 3582 1166 3639 consulibus
1185 3595 1206 3639 0.

175 3725 188 3755 ⁸
206 3726 345 3779 Hactenus
359 3722 444 3777 verba
460 3720 564 3777 ithacii.
579 3722 660 3777 Luna.
1041 3731 1052 3760 ⁰
1070 3717 1187 3775 Mendax
1200 3716 1348 3773 consulum
1360 3717 1515 3786 motatio.
1530 3718 1614 3776 Luna.

175 3796 313 3850 bHincm.
336 3793 401 3848 dial.
423 3792 458 3847 de
478 3796 552 3847 statu
571 3792 694 3849 ecclesiae
711 3792 778 3847 citat
790 3807 825 3848 ex
839 3791 955 3850 Philone

140 3867 265 3925 maximo
278 3867 438 3938 legatarum
452 3881 470 3918 a
481 3863 586 3918 iudaeis
605 3864 671 3919 Caio
685 3864 755 3936 imp.
770 3864 953 3921 directorum.
1007 3865 1088 3922 Luna.

140 4031 1786 4090 affl

776 4211 859 4256 Anno
890 4209 998 4257 DOMINI
1021 4209 1176 4257 DLXXXTV.

619 4355 1347 4586 Licinianus,

391 4655 1065 4784 unnrunemuusrs
1127 4653 1571 4782 episcopus

547 4987 935 5165 uariata
989 4988 1122 5109 ux
1175 4985 1448 5108 eavu.

172 5270 331 5328 Licinianus
343 5268 520 5340 Carthaginis
532 5267 680 5338 Spartaria
693 5267 723 5323 in
736 5267 868 5340 hispania
878 5266 988 5353 epis-D
999 5266 1137 5339 quosdam
1149 5265 1199 5338 qui
1220 5264 1370 5322 eredebant
1383 5263 1513 5346 epistol·
1535 5264 1570 5319 de
1590 5262 1661 5318 coelo
1671 5253 1780 5316 cainae-

134 5385 231 5443 copus‚
240 5365 421 5422 claruitanno
435 5364 496 5418 584.
512 5364 628 5417 Exstant
637 5362 761 5434 epistolae
774 5361 883 5434 aliquot
901 5362 950 5416 ha·
999 5360 1150 5432 Descripta
1165 5365 1231 5414 sunt
1241 5360 1285 5414 hee
1297 5357 1421 5431 epistolae
1437 5374 1471 5412 ex
1485 5357 1586 5413 Codice
1603 5373 1656 5411 ms.
1668 5352 1780 5448 Talalati,

133 5459 352 5521 clenusineditre
362 5476 369 5513 ε
381 5472 483 5527 nempe
496 5460 523 5511 1⁰
537 5456 835 5528 epistolaadsanctum
845 5456 949 5527 Grega
999 5471 1069 5527 quas
1082 5453 1162 5525 prelo
1176 5453 1284 5525 pararit
1293 5451 1443 5508 cardinalis
1452 5450 1613 5523 d'hguirre,
1625 5448 1700 5506 ntiin
1709 5443 1781 5499 naabi

133 5560 208 5614 rium
218 5571 332 5629 papam3
343 5556 373 5606 2⁰
382 5550 419 5605 ad
428 5549 617 5621 Epiphaniam
631 5550 884 5606 maconumsuoet
898 5549 946 5605 Se·
998 5565 1047 5603 sua
1061 5549 1121 5620 ipse
1134 5563 1184 5602 nos
1198 5547 1288 5617 docet,
1299 5563 1366 5619 pag.
1382 5548 1442 5600 ibt).
1457 5545 1492 5601 Et
1504 5544 1591 5601 tidem
1603 5543 1713 5617 quidem
1723 5542 1781 5633 subm
1858 5547 1861 5579 1

131 5652 192 5707 veri
207 5647 342 5720 episcopi,
358 5643 512 5700 utvidetur
529 5639 684 5697 Malacitani
707 5644 834 5713 nomine,
848 5643 948 5714 inqua
996 5640 1048 5696 hac
1071 5641 1101 5696 in
1126 5646 1205 5714 parte
1234 5640 1362 5696 liberavit
1391 5638 1629 5694 eminentissimus
1650 5626 1781 5692 cardinale,
1859 5669 1861 5672 .

132 5735 288 5799 ostenditur
309 5738 425 5809 angelos
441 5752 500 5790 esse
516 5735 602 5790 totius
615 5735 739 5806 corporis
754 5741 882 5807 expertes
891 5753 899 5805 ;
916 5739 946 5791 3ο
996 5735 1078 5790 editis
1092 5733 1136 5790 his
1148 5736 1240 5790 tribus
1252 5733 1378 5807 epistolis
1397 5734 1482 5790 Cone.
1503 5731 1580 5804 timp.
1603 5737 1672 5788 torn.
1694 5729 1723 5796 11,
1735 5732 1781 5796 pti·

120 5837 161 5890 ad
170 5834 350 5889 vincentium
367 5830 530 5888 Ebusitana
543 5829 831 5901 iusulaeepiscopum,
847 5833 946 5885 contra
995 5829 1055 5884 427.
1071 5829 1187 5902 Scripsit
1198 5828 1357 5885 Licinianus
1378 5831 1406 5883 et
1426 5826 1482 5883 alia
1504 5825 1649 5903 quadam,
1667 5826 1731 5882 teth
1746 5811 1780 5872 1⁵5·
