3878 6150
218 280 270 336 dit
702 277 829 334 SANCTA
848 271 1081 344 ammiralius
1103 272 1227 333 anema
1245 273 1409 332 FRANCIAE.
1848 271 1896 324 dit

217 388 297 445 cibus
315 403 414 445 earum
432 402 498 442 cum
517 384 718 441 contestatione
738 385 832 441 divina
847 402 932 442 snum
954 402 1031 441 com·
1044 386 1153 471 ΑιΠιιᾱ
1166 387 1300 459 signaret,
1315 385 1410 458 aliqua
1426 383 1462 439 de
1480 381 1624 438 sororibus
1642 382 1714 438 vidit
1729 397 1817 454 snpra
1832 397 1896 435 rnu-

218 482 362 538 meudavit
375 479 592 535 monasterium.
1082 496 1147 535 rum
1166 480 1253 535 millia
1273 478 1396 534 millium
1415 477 1576 533 daemonum
1595 477 1627 532 in
1641 476 1736 549 specie
1748 490 1899 548 caprarum

155 597 157 601 ·
254 579 298 632 20.
315 576 378 629 Post
397 574 449 627 hoc
466 572 573 627 donum
590 570 701 627 coeleste
718 577 867 644 acceptum
879 572 1034 629 transmisit
1081 578 1171 629 astare
1192 591 1199 629 :
1219 572 1270 629 ubi
1293 576 1390 633 sancte
1416 571 1563 627 dexteram
1587 571 1701 625 beamm
1727 585 1795 624 cnm
1818 569 1900 640 signo

218 668 299 725 beata
319 667 418 722 missos
440 681 515 732 suos,
539 664 733 737 supradictum
746 667 953 739 presbyterum,
967 682 1033 721 cum
1082 667 1172 724 erucis
1186 667 1312 733 elevavit,
1329 665 1421 721 omnm
1436 665 1484 720 illa
1503 663 1659 720 multitudo.
1672 663 1839 719 daemonnm
1851 662 1897 716 lu·

218 762 290 829 aliis,
306 760 340 814 ad
355 760 559 831 imperatorem
572 775 638 814 curn
652 758 774 830 simplici
784 759 952 816 vestimento
967 776 1032 831 gra-
1084 766 1147 834 gata
1160 775 1302 831 nusquam
1313 758 1483 830 comparuit.

219 854 372 925 tiasagere.
386 854 417 907 ln
427 852 573 908 redeundo
586 852 672 924 coepit
681 869 762 907 mare
775 853 908 908 fluctibns
914 853 971 925 agi,
984 852 1034 907 ubi
1118 857 1163 910 23.
1173 852 1263 910 Simili
1276 852 1359 908 modo
1372 853 1441 908 dum
1453 855 1519 907 ante
1533 866 1615 906 snam
1625 849 1728 905 cellam
1737 853 1820 905 nocte
1829 852 1898 903 asta·

218 951 285 1002 sunt
300 947 390 1001 multa
410 945 535 1018 pericula
547 946 632 1016 passi,
647 947 786 1017 procellas
800 946 905 1002 scilicet
919 951 948 1002 et
959 951 1032 1002 tem·
1083 953 1136 1017 ret,
1151 962 1263 1019 semper
1275 946 1358 1001 corde
1370 950 1399 1001 et
1412 945 1443 1001 in
1454 961 1503 1000 ore
1515 960 1630 999 cursum
1643 943 1807 1012 decantans,
1825 941 1898 998 intra

217 1044 348 1112 pestates,
363 1040 447 1111 quale
457 1055 486 1095 sa
496 1055 646 1111 nunquam
658 1039 761 1095 vidisse
772 1040 951 1108 fatabertum
967 1056 1035 1111 qua·
1083 1057 1185 1097 arcana
1198 1041 1290 1096 cordis
1305 1039 1349 1095 sui
1363 1043 1468 1094 secrete
1479 1038 1558 1110 jugis
1571 1037 1634 1092 lans
1654 1036 1702 1092 Dei
1716 1034 1896 1108 personabat,

218 1132 350 1204 draginta
372 1133 472 1188 diebus
490 1137 519 1188 et
537 1132 725 1204 quadraginta
743 1133 872 1188 noctibus
892 1133 923 1188 in
941 1132 1035 1189 medio
1083 1138 1221 1191 nocturna
1238 1134 1306 1203 avis,
1321 1148 1386 1205 qnae
1407 1130 1570 1187 hominibus
1586 1135 1631 1186 est
1647 1130 1771 1202 ingrata,
1791 1128 1893 1185 vocile-

219 1227 291 1282 mari
306 1226 384 1281 navis
398 1241 497 1282 eorum
510 1226 636 1297 periculo
657 1226 831 1297 subjacebat.
850 1228 912 1282 iam
926 1226 961 1282 de
978 1226 1037 1282 vita
1084 1244 1150 1284 rans
1170 1228 1200 1282 in
1216 1227 1311 1283 medio
1332 1225 1504 1281 monasterio
1524 1224 1554 1279 in
1567 1223 1668 1280 arbore
1687 1239 1719 1278 se
1738 1221 1897 1278 infestabat.

219 1321 398 1392 desperantes
420 1324 542 1374 mortem
562 1335 623 1390 prae
642 1320 729 1374 oculis
752 1320 899 1389 habentes,
914 1319 989 1375 inter
1006 1336 1036 1375 se
1085 1321 1156 1377 Dicit
1166 1322 1202 1377 ad
1215 1337 1278 1376 eam
1291 1337 1349 1375 uua
1370 1319 1404 1375 de
1428 1317 1604 1374 astantibus:
1626 1316 1745 1372 Domina
1761 1315 1854 1383 beata,
1876 1316 1899 1370 si

218 1429 318 1486 pacem
327 1413 468 1479 facientes,
479 1411 613 1483 quiajam
623 1428 672 1468 eos
683 1429 762 1468 mare
775 1412 925 1468 absorbere
937 1411 1035 1484 cupie·
1081 1413 1176 1486 jubes,
1196 1414 1227 1469 in
1248 1413 1334 1470 verbo
1355 1418 1404 1468 tuo
1424 1410 1504 1482 ejicio
1525 1426 1616 1465 avem.
1639 1410 1709 1473 Ques
1731 1407 1800 1464 dicit
1812 1408 1839 1463 ei
1851 1424 1858 1460 :
1872 1408 1900 1463 Si

219 1507 277 1576 bat,
293 1523 322 1562 se
335 1506 461 1561 videntes
478 1506 508 1560 in
527 1509 605 1560 tanto
624 1506 762 1577 periculo,
785 1522 865 1561 voces
878 1506 913 1561 ad
935 1507 1037 1561 coelum
1085 1513 1176 1576 nocet,
1190 1507 1220 1562 in
1232 1506 1346 1562 nomine
1360 1504 1474 1560 Domini
1487 1502 1566 1573 vade,
1580 1501 1770 1558 nihilominus
1787 1499 1900 1572 signnm

220 1600 326 1655 dabant
337 1600 490 1654 clamantes
501 1615 534 1654 ac
547 1598 671 1655 dicentes
688 1600 826 1654 :Domina
842 1598 1035 1671 Radegundis,
1086 1600 1175 1656 crucis
1186 1616 1271 1672 super
1285 1615 1350 1655 eam
1372 1597 1486 1654 iaciens.
1506 1595 1667 1652 ambulavit
1685 1594 1816 1666 dixitque
1835 1594 1898 1648 avi:

221 1693 337 1748 subveni
360 1693 446 1747 servis
461 1693 517 1747 tuis
536 1709 543 1746 ι
561 1692 631 1747 dom
646 1692 697 1747 tibi
716 1691 873 1761 obedimus,
897 1692 1037 1748 submersi
1087 1696 1118 1748 ln
1131 1694 1247 1748 nomina
1264 1691 1375 1748 Domini
1386 1689 1476 1747 nostri
1489 1691 1554 1746 Jesn
1576 1687 1681 1745 Christi
1691 1687 1776 1759 jubet
1788 1687 1900 1742 domina

221 1801 279 1841 non
291 1801 441 1857 pereamus
450 1802 460 1855 3
475 1784 564 1840 libera
582 1801 634 1839 nos
653 1785 688 1839 de
709 1785 808 1840 mortis
825 1785 951 1857 periculo
972 1765 1076 1857 quiaB
1087 1786 1279 1859 Radegundis,
1300 1786 1325 1842 si
1347 1802 1406 1841 non
1421 1800 1456 1840 ex
1468 1782 1517 1839 Dei
1530 1787 1610 1855 parte
1627 1780 1741 1852 venati,
1755 1784 1791 1836 ut
1803 1780 1839 1835 ab
1850 1779 1900 1835 hoc

217 1880 278 1950 jam
292 1893 370 1933 mare
387 1880 519 1950 paratum
535 1882 577 1933 est
588 1882 621 1934 ut
639 1893 691 1935 nos
704 1878 781 1934 vivos
795 1876 953 1935 absorbeat.
969 1879 1037 1934 Ubi·
1086 1881 1147 1936 loco
1159 1879 1292 1947 discedas,
1306 1884 1334 1935 et
1348 1878 1460 1950 penitus
1473 1876 1520 1931 hio
1533 1879 1646 1931 cantare
1660 1890 1720 1930 non
1733 1889 1896 1946 praesumas.

222 1988 334 2044 cunque
347 1971 476 2027 invocata
488 1971 568 2026 luisti
583 1971 699 2028 miserta
711 1988 752 2036 es,
767 1989 842 2027 nunc
862 1973 964 2044 adjuva
975 1976 1039 2027 tuos
1086 1975 1233 2045 Tanquam
1248 1972 1272 2027 si
1296 1989 1332 2028 ex
1347 1988 1395 2027 ore
1411 1970 1461 2027 Dei
1473 1970 1614 2042 prolatum
1634 1967 1762 2023 audisset
1776 1967 1897 2034 verbum,

221 2077 258 2117 ne
268 2066 394 2132 pereant.
408 2061 450 2116 Ad
462 2061 513 2115 has
524 2077 606 2117 voces
619 2061 650 2115 in
662 2062 756 2116 medio
768 2061 841 2116 mari
858 2062 972 2118 advenit
989 2078 1037 2117 co·
1088 2065 1165 2121 dedit
1177 2065 1301 2120 volatum
1313 2067 1343 2120 et
1354 2080 1496 2137 nusquam
1508 2060 1676 2135 comparuit.
1688 2060 1790 2116 Merito
1803 2059 1830 2115 ei
1840 2074 1898 2114 aves

219 2154 327 2224 lumba,
341 2170 404 2226 quae
416 2155 569 2226 terjnavem
583 2170 682 2210 corum
690 2154 868 2226 circumiens,
878 2156 968 2226 'tertie
979 2155 1038 2211 vice
1088 2163 1118 2215 et
1132 2159 1229 2214 bestiae
1242 2157 1387 2226 obediunt,
1401 2157 1468 2229 quia
1482 2155 1531 2212 illa
1543 2170 1693 2228 nunqnam
1704 2153 1845 2226 praeteriit
1854 2153 1897 2208 bc

220 2248 252 2302 in
266 2248 383 2303 nomine
398 2232 539 2303 Trinitatis
555 2264 642 2320 quam
656 2248 739 2304 beata
757 2264 867 2320 semper
888 2249 971 2305 corde
993 2249 1037 2303 di·
1087 2250 1157 2307 mini
1174 2251 1289 2307 obedire
1302 2253 1455 2324 praecepto.

222 2341 303 2408 lexit,
318 2357 383 2396 cnm
395 2341 509 2407 volaret,
524 2356 620 2396 servus
631 2342 721 2397 beatoe
734 2341 841 2414 reginae
857 2342 972 2397 nomine
989 2343 1039 2396 Ba·
1123 2346 1169 2400 st.
1183 2346 1217 2400 Et
1229 2345 1251 2399 si
1261 2360 1313 2416 pro
1325 2343 1489 2399 infirmitate
1503 2341 1651 2414 aliquoties
1663 2340 1842 2413 requiescere
1854 2356 1894 2394 ro-

224 2434 327 2489 nisaios
344 2435 470 2490 extendit
490 2450 618 2504 manum,
638 2435 673 2491 de
696 2435 785 2491 cauda
811 2436 871 2508 ejus
894 2440 951 2492 tres
975 2436 1041 2492 tulit
1088 2438 1196 2509 luisset,
1208 2437 1308 2510 spiritu
1320 2437 1451 2509 vigilanti
1463 2436 1582 2505 dicebat,
1597 2440 1737 2508 tanquam
1750 2434 1893 2489 admonens

224 2543 341 2598 pennas,
355 2544 425 2599 quas
439 2527 510 2583 mari
525 2528 691 2600 intinguens
703 2521 901 2600 tempestatem
910 2546 1038 2601 compes·
1089 2548 1152 2589 eam
1170 2547 1236 2605 quas
1247 2530 1390 2603 psalmum
1402 2529 1531 2586 dicebat:
1548 2532 1617 2602 Age,
1628 2528 1685 2585 dic.
1699 2527 1778 2584 Nulli
1787 2526 1892 2583 dubium

223 2621 282 2677 cuit
296 2622 372 2677 etad
390 2621 596 2676 invocationem
619 2622 743 2677 nominis
755 2622 846 2679 beata
858 2622 1040 2695 Radegnudis
1089 2630 1131 2683 est
1140 2624 1217 2698 quod
1230 2625 1395 2697 spiritaliter
1406 2640 1472 2680 cum
1487 2623 1590 2679 sanctis
1607 2621 1758 2695 psallebat,
1767 2627 1817 2676 ant
1827 2624 1889 2675 certe

224 2715 432 2787 columbaquae
446 2716 590 2787 apparuit,
605 2717 666 2787 ejus
682 2716 805 2772 famulos
827 2716 861 2771 de
883 2717 1038 2788 mortisja·
1090 2733 1142 2775 nec
1154 2734 1237 2791 sopor
1249 2733 1311 2774 eam
1325 2717 1484 2789 superabat.
1497 2717 1574 2773 Mens
1586 2712 1747 2771 intentaad
1761 2714 1889 2770 carana
1930 2742 1933 2773 :

224 2826 281 2866 uua
293 2810 359 2865 vitae
373 2809 505 2877 reddidit,
516 2812 545 2864 et
553 2809 627 2865 lacta
641 2827 670 2866 es
691 2810 882 2883 tranquillitas
897 2811 1041 2882 magnain
1089 2813 1254 2885 frequenter
1263 2812 1350 2869 etiam
1364 2811 1507 2884 insopore
1519 2803 1619 2882 posim
1636 2809 1673 2865 de
1688 2809 1787 2864 futuro
1796 2805 1888 2879 judicio
1927 2802 1933 2881 J

224 2903 317 2959 medio
330 2903 414 2958 mari.
429 2903 472 2957 llli
484 2919 550 2958 vero
562 2903 617 2958 alta
638 2919 705 2959 voce
723 2904 874 2959 abnuentes
886 2903 1017 2961 dicebant
1029 2922 1038 2961 ι
1090 2908 1166 2964 etde
1183 2910 1289 2962 aeterno
1302 2903 1422 2978 praemio
1433 2903 1600 2977 praedicans,
1615 2902 1813 2975 expergefacta
1822 2897 1887 2955 nohis

224 2996 377 3065 Adveniet,
393 2996 468 3051 bona
480 2996 604 3064 domina,
618 2996 721 3068 pietate
734 2998 826 3069 plena,
839 3002 904 3053 tuos
916 2998 1040 3070 captivos
1090 3001 1200 3058 dicebat
1208 3018 1215 3057 ι
1223 3000 1360 3072 colligite,
1370 2997 1493 3070 colligite
1503 2997 1629 3053 triticum
1639 2995 1824 3065 dominicum,
1833 2993 1886 3066 qaia

225 3090 336 3161 eripere
350 3107 386 3145 ne
406 3089 538 3146 fluctibus
557 3095 766 3163 mergerentur.
782 3090 824 3147 Ad
846 3091 908 3163 ejus
927 3091 1039 3148 invoca·
1050 3134 1078 3210 C
1089 3093 1226 3150 veredico
1239 3084 1383 3149 vobisnon
1398 3093 1448 3148 diu
1458 3091 1512 3147 erit
1523 3095 1557 3147 ut
1565 3090 1713 3163 colligatis.
1724 3084 1884 3160 Videteqood

155 3247 157 3250 Α
224 3183 333 3241 tionem
349 3200 406 3253 non
421 3188 534 3240 tantum
545 3184 599 3254 sui,
614 3184 664 3239 sed
677 3200 776 3240 omnes
789 3187 856 3240 sunt
864 3184 974 3240 liberati
988 3201 1041 3258 per
1090 3188 1161 3258 dico,
1188 3187 1309 3260 colligite
1337 3186 1405 3258 quia
1441 3201 1507 3241 vera
1537 3183 1701 3258 quesitum
1732 3182 1800 3239 estis
1824 3176 1883 3236 aad

225 3277 1041 3350 virtutemipsiusdomnaelladegundis.lpsaspennashuc
1089 3286 1215 3353 tempus3
1238 3297 1314 3351 vere,
1338 3296 1403 3336 vere
1427 3277 1588 3352 quaesituros
1613 3278 1681 3334 estis
1699 3276 1768 3332 istos
1792 3275 1883 3331 disset

225 3373 388 3443 attulerant,
402 3376 430 3428 et
442 3372 591 3428 fabricatas
598 3370 650 3443 ipsi
666 3371 716 3444 qui
729 3372 763 3428 de
781 3376 874 3428 morte
887 3377 953 3428 snnt
970 3372 1040 3430 libe·
1090 3374 1171 3430 valde
1190 3375 1400 3431 desideraturae.
1417 3373 1498 3438 Quod
1521 3372 1573 3428 etsi
1588 3376 1658 3428 tnnc
1676 3369 1791 3444 ignavie
1808 3370 1883 3423 nostis

224 3466 288 3535 rati,
310 3482 362 3538 per
379 3467 441 3521 loca
457 3471 555 3521 sancta
580 3465 673 3521 devoti
693 3465 842 3522 dederunt.
866 3466 1041 3540 Ubicumque
1090 3470 1144 3525 hoc
1160 3467 1254 3541 tepide
1267 3468 1429 3541 accipiebat,
1442 3467 1505 3538 jam
1516 3468 1612 3522 tamen
1624 3481 1702 3520 nnuc
1716 3463 1820 3520 venisse
1831 3475 1882 3533 pro·

225 3560 353 3616 invocata
367 3560 463 3630 luerit,
477 3559 600 3631 benigne
613 3560 744 3629 exandit;
763 3560 786 3614 si
802 3558 977 3628 febricitans,
992 3565 1042 3617 aut
1090 3562 1191 3619 bemus
1208 3561 1286 3634 qnod
1303 3561 1383 3617 dixit.
1405 3561 1476 3617 lllud
1497 3559 1697 3633 propheticum
1716 3555 1884 3614 innobisinr
1930 3595 1933 3633 ;

224 3653 370 3726 pustulam
382 3654 499 3723 habens,
514 3658 591 3709 aute
604 3669 772 3725 quacunque
785 3657 881 3709 tentus
889 3653 1040 3709 infirmita·
1090 3657 1199 3729 pletum
1211 3660 1254 3711 est
1269 3673 1276 3711 :
1298 3658 1408 3713 Mittam
1420 3656 1494 3712 voba's
1504 3656 1605 3725 (omen
1616 3655 1647 3708 in
1660 3658 1736 3709 terro
1747 3653 1831 3724 (Areos
1841 3649 1884 3719 ult
1931 3706 1933 3711 .

226 3752 264 3816 te,
276 3763 327 3818 pro
340 3747 489 3818 interiecto
501 3747 714 3819 longinquitatis
726 3752 809 3803 terrae
822 3747 912 3821 spatio
926 3747 962 3802 ad
979 3763 1042 3804 eam
1090 3743 1886 3822 funem,inquit,nonpanisetoquesedaudiendivertuu
1931 3764 1933 3787 =

225 3839 323 3894 venire
339 3856 397 3895 non
420 3840 568 3912 potuisset,
591 3841 708 3897 candela
726 3841 757 3896 in
781 3842 842 3913 ejus
863 3841 980 3898 nomine
994 3858 1040 3897 ac·
1091 3843 1150 3900 Dei.
1172 3843 1248 3898 Licet
1269 3842 1482 3915 praedicationes
1502 3858 1571 3915 quas
1592 3840 1718 3897 institerit
1733 3839 1886 3904 recitcntrr3

226 3933 684 4006 censaomnemlebremdepulit.
1090 3942 1187 3993 tamen
1209 3937 1326 3992 cessavit
1354 3936 1402 3991 illa
1424 3934 1595 3991 incessabilis
1617 3951 1688 4004 vox,
1716 3928 1888 3990 desiderabilis

261 4029 307 4082 21.
324 4026 468 4091 Quantum
482 4043 562 4082 suam
574 4026 825 4099 congregationem
838 4027 968 4085 dilexerit
979 4028 1043 4101 quis
1091 4031 1255 4098 admonitio,
1263 4030 1352 4086 dulcis
1361 4029 1486 4087 affectus.
1499 4030 1570 4084 Nam
1577 4027 1693 4102 qunlem
1701 4027 1821 4094 vultum,
1829 4025 1888 4079 beas

226 4124 306 4182 effari
318 4126 429 4181 vmeat‘t
442 4141 494 4181 nec
508 4125 532 4179 si
544 4130 663 4180 centeno
675 4125 770 4182 sonitu
781 4126 888 4199 liuguae
901 4127 1042 4200 plectrum
1091 4125 1243 4198 plasmator
1255 4123 1347 4180 bonel
1362 4125 1477 4197 qualem
1488 4123 1600 4193 taciem,
1621 4122 1738 4195 qualem
1756 4130 1888 4194 pencnam

227 4224 339 4276 moveat
354 4220 408 4275 hoc
428 4220 541 4291 explere
561 4219 645 4276 valet.
659 4220 784 4276 Instituit
800 4225 842 4289 ut,
862 4221 931 4277 duan
943 4221 1041 4277 retice·
1091 4218 1203 4290 babuit,
1216 4219 1279 4290 quis
1300 4221 1392 4290 potest
1412 4234 1540 4291 unquam
1560 4216 1727 4289 exponeret
1739 4215 1830 4272 Sedet
1846 4212 1889 4267 boc

225 4319 299 4384 rent,
314 4313 520 4385 semparlectio
538 4314 691 4386 legeretur,
709 4317 743 4370 ut
764 4330 821 4369 non
836 4314 929 4370 solum
949 4314 1043 4371 lauces
1092 4313 1234 4369 reminisci
1246 4313 1416 4386 supplicium
1428 4317 1480 4369 est.
1495 4313 1549 4366 Nos
1567 4326 1635 4366 vero
1656 4309 1783 4366 humiles
1800 4306 1889 4364 deside

225 4408 364 4480 accipiant
387 4408 493 4479 cibum,
510 4408 560 4464 sed
583 4413 611 4464 et
622 4424 704 4464 aures
719 4408 837 4465 audient
851 4409 900 4465 Dei
912 4409 1041 4465 verbum.
1092 4422 1187 4462 mmus
1201 4406 1232 4461 in
1242 4422 1275 4461 aa
1287 4405 1453 4476 doctrinam,
1468 4405 1600 4474 formam,
1612 4403 1737 4471 vultum,
1746 4413 1888 4476 persontmv

225 4501 366 4574 Quidquid
388 4506 438 4558 aut
454 4502 517 4557 aliis
532 4503 669 4576 praecepit
687 4507 737 4558 aut
761 4503 823 4575 ipsa
841 4503 918 4571 lecit,
945 4502 1080 4584 omnial)
1091 4500 1246 4569 scientiam,
1260 4499 1406 4572 pietatem,
1423 4498 1588 4568 bonitatem,
1603 4496 1784 4553 dnlcedinem
1797 4512 1805 4552 τ
1817 4506 1888 4567 quan

226 4601 343 4667 propter
355 4597 444 4652 Deum
458 4613 571 4668 semper
582 4597 873 4670 implevit.Quidquid
885 4596 1041 4669 autprohi-
1092 4594 1243 4667 specialem
1255 4611 1272 4648 a
1291 4593 1409 4648 Domino
1420 4592 1496 4648 inter
1515 4596 1632 4647 caeteros
1650 4591 1782 4646 homiues
1797 4585 1887 4644 habnt

130 4688 133 4693 ’
225 4689 289 4745 buit
299 4688 371 4760 fleri,
384 4695 434 4745 aut
445 4690 505 4762 ipsa
519 4691 617 4746 vitavit
637 4688 739 4763 lacere,
758 4691 853 4746 omnia
877 4692 908 4747 in
921 4692 979 4747 zelo
994 4691 1043 4747 Dei
1126 4691 1171 4744 25.
1185 4688 1275 4752 Quam
1287 4692 1384 4742 sancta
1396 4686 1451 4742 luit
1461 4687 1521 4743 vita
1530 4686 1601 4757 ejus,
1611 4690 1671 4740 tarn
1679 4700 1771 4756 purus
1778 4687 1806 4738 et
1816 4678 1888 4736 dulcis

226 4784 255 4835 et
268 4779 340 4834 nihil
355 4779 505 4835 carnaliter
517 4784 568 4835 aut
579 4780 649 4853 egit,
663 4784 713 4835 aut
727 4780 832 4853 sapuit.
848 4782 881 4837 Et
895 4780 962 4852 quia
970 4797 1043 4836 nun·
1091 4786 1228 4855 aspectus.
1244 4784 1316 4837 Ante
1329 4796 1437 4836 annum
1449 4779 1585 4836 transitus
1598 4779 1654 4848 sni,
1668 4778 1742 4834 vidit
1754 4778 1784 4833 in
1793 4776 1848 4831 visu
1857 4772 1888 4826 lc

226 4889 312 4945 quam
325 4874 414 4929 otiosa
425 4873 461 4928 ab
473 4889 560 4944 opere
579 4874 629 4928 Ilei
646 4889 706 4929 esse
719 4873 815 4942 voluit,
830 4873 975 4929 insistebat
989 4874 1043 4929 uti-
1092 4892 1158 4931 cum
1170 4875 1223 4931 sibi
1235 4879 1377 4947 paratum,
1388 4875 1520 4946 venitque
1531 4872 1761 4944 adeamjuvenis
1770 4866 1888 4944 predives

225 4983 282 5039 que
294 4967 424 5038 orationi,
439 4967 552 5024 lectioni
564 4970 594 5023 et
609 4967 803 5040 ,eleemosynis
821 4984 853 5024 ac
871 4967 1044 5041 praedicatio·
1091 4969 1311 5042 pulcherrimus,
1334 4972 1362 5025 et
1379 4967 1461 5041 quasi
1479 4967 1637 5039 juvenilem
1658 4966 1768 5022 hebens
1785 4966 1889 5023 elaten

225 5060 309 5116 nibus
326 5062 509 5132 incessanter,
534 5061 667 5117 omnibns
688 5061 799 5132 diebus,
825 5065 857 5117 ut
874 5062 951 5118 nulla
970 5064 1043 5118 esset
1091 5064 1141 5136 qui
1155 5063 1235 5119 suavi
1246 5067 1322 5119 tactu
1335 5058 1498 5135 blandoque
1510 5060 1651 5133 colloquio
1664 5060 1737 5116 dnm
1749 5074 1813 5117 eum
1823 5070 1853 5111 aa
1861 5054 1890 5108 lc

113 5171 117 5180 ·
225 5169 330 5226 quaese
343 5155 377 5212 de
391 5156 551 5228 ignorantia
563 5160 720 5213 excusaret.
1092 5162 1236 5230 queretur,
1248 5157 1297 5213 illa
1310 5158 1345 5214 de
1355 5173 1385 5214 se
1392 5156 1495 5225 zelans,
1506 5154 1675 5212 blanditiam
1684 5151 1839 5226 respuebat
1847 5142 1889 5212 0¹¹5

262 5251 307 5304 22.
320 5251 440 5305 Tantum
454 5250 576 5322 denique
590 5250 699 5306 donum
711 5249 742 5306 in
754 5265 784 5305 se
799 5250 938 5322 largiente
947 5248 1043 5305 divina
1092 5251 1163 5308 dixit
1174 5251 1201 5308 ei
1213 5267 1219 5307 :
1231 5251 1304 5316 Quid
1313 5267 1360 5307 me
1373 5250 1511 5307 desiderio
1521 5265 1637 5305 accensa
1650 5264 1718 5304 cnm
1728 5244 1890 5313 dunsten

227 5341 317 5414 gratie
330 5343 439 5414 habuit,
453 5349 486 5400 ut
500 5345 667 5401 humilitatis
689 5344 858 5417 magistrum
869 5344 918 5416 qni
932 5343 967 5401 de
979 5343 1042 5400 coeli
1091 5346 1246 5417 misrogas,
1259 5361 1375 5417 gemens
1384 5344 1516 5418 requiris,
1530 5342 1598 5398 lusis
1607 5338 1890 5416 precibusposctaprv
1931 5394 1933 5399 .

226 5436 294 5493 solio
306 5437 343 5492 ed
354 5443 444 5494 terras
458 5438 603 5495 descendit
615 5439 763 5509 imitando,
778 5438 931 5494 Dominum
940 5454 1038 5510 seque·
1091 5455 1137 5495 me
1150 5443 1228 5495 tante
1239 5442 1268 5494 te
1282 5439 1407 5495 cruciatu
1419 5437 1522 5510 affligis
1533 5436 1582 5509 qui
1595 5451 1711 5508 semper
1722 5434 1774 5492 tibi
1785 5423 1891 5490 adsisto?
1931 5474 1933 5481 -

225 5536 306 5587 retur
314 5531 345 5587 in
355 5532 465 5605 spiritu,
477 5550 647 5607 quocunque
655 5536 718 5590 iret.
729 5536 881 5606 Postquam
888 5549 1043 5605 congrega·
1091 5534 1141 5603 Tu,
1157 5549 1272 5606 gemma
1283 5532 1415 5604 pretiosa,
1431 5530 1541 5587 noveris
1553 5533 1582 5585 te
1595 5529 1628 5585 in
1640 5528 1799 5586 mnemia
1809 5519 1890 5596 capitit

225 5625 265 5681 tio
278 5642 308 5682 se
320 5626 489 5683 recondebat
506 5628 569 5699 jam
585 5629 621 5683 ad
640 5627 846 5699 pausationem,
861 5627 918 5698 illa,
932 5631 964 5683 nt
976 5643 1041 5700 per·
1091 5626 1149 5682 mei
1161 5626 1285 5700 primam
1299 5642 1359 5682 esse
1373 5640 1526 5699 gemmam.
1541 5622 1616 5679 Nulli
1628 5617 1831 5697 dubiumquod
1842 5616 1890 5690 ipat

225 5725 340 5776 noctans
353 5720 383 5775 in
399 5720 536 5789 oratione,
548 5737 598 5776 sua
606 5723 700 5775 sancta
711 5720 826 5776 dextera
835 5720 1042 5791 monasterium
1091 5736 1154 5777 eam
1166 5720 1288 5778 visitavit
1300 5721 1347 5777 cui
1361 5737 1391 5777 se
1403 5724 1462 5777 tota
1473 5717 1622 5776 devotione
1638 5715 1756 5776 tradidit
1768 5707 1892 5772 namin

225 5828 278 5884 per
291 5813 405 5885 signum
419 5814 510 5872 crucis
524 5813 655 5872 salvabat.
666 5813 792 5881 Quadam
805 5814 864 5871 vice
877 5814 945 5870 dum
960 5814 1042 5871 beata
1091 5820 1248 5889 corporeet
1261 5815 1449 5889 gloriamque
1464 5812 1657 5872 adunent
1673 5812 1702 5870 ci
1711 5806 1839 5871 avant
1851 5799 1892 5862 ⁵⁸⁴
