3878 6150
150 280 218 340 {027
714 272 842 335 SAECULl
862 274 958 336 sexti
977 274 1256 337 SUPPLEMENTUM.
1714 274 1720 283 ’
1764 280 1831 339 toea

147 393 237 459 conis,
253 394 283 444 et
301 385 491 456 subdiaconis,
511 403 543 441 ac
566 385 729 455 lectoribus,
748 390 777 441 et
802 389 962 459 cuicunque
973 403 1130 474 Amorem
1154 388 1412 460 (quemadmodum
1434 386 1566 460 superius
1583 389 1691 444 dictum
1712 393 1766 460 est)
1781 391 1834 444 sibi

145 486 192 540 ulii
201 480 525 556 cujuslibetvenerahilis
534 479 644 535 ordinis
654 484 682 535 et
691 480 798 551 gradus
809 482 961 537 constituto
1009 482 1140 552 junctam
1155 499 1214 536 non
1224 481 1340 547 babeat,
1354 498 1412 536 non
1426 481 1510 537 aliter
1522 482 1682 550 ordinator,
1689 481 1746 536 nisi
1754 482 1833 552 prius

146 579 259 644 clerico,
270 594 306 631 nc
316 576 352 631 ad
359 575 485 630 tabulam
494 574 594 629 ludant
608 576 659 628 aut
670 574 720 628 teli
734 573 801 629 ludo
817 575 963 629 utentibus
1013 574 1048 627 ah
1060 589 1094 628 eo
1111 575 1161 645 qui
1176 575 1271 646 ipsum
1294 573 1409 629 ordinat
1431 574 1638 646 interrogatus,
1660 575 1833 645 profiteatur

146 689 176 727 se
195 670 344 735 associent,
365 671 415 722 aut
426 669 602 739 spectatores
617 667 684 734 sint,
701 671 751 721 aut
764 667 802 721 ad
814 667 964 739 quodcun-
1012 682 1095 737 posse
1108 684 1138 721 se
1152 671 1216 738 post
1229 667 1443 722 ordinationem
1463 668 1507 722 vel
1521 668 1583 723 sine
1598 668 1732 739 legitima
1745 685 1831 723 uxore

146 783 201 838 que
215 763 409 836 spectaculum
425 761 574 833 spectandi
587 761 680 831 gratia
695 760 843 815 accedant.
855 761 884 815 Si
898 760 962 832 quis
1011 760 1208 815 casterivere:
1224 764 1389 831 nequeunte
1398 777 1433 815 co
1444 762 1493 832 qui
1502 761 1627 827 ordinat,
1637 760 1831 817 ordinationis

145 864 242 913 eutem
256 872 356 911 eorum
368 855 458 910 mhoc
469 854 633 925 deliquerit,
648 854 795 924 jubemus,
811 858 842 907 ut
858 853 888 907 in
904 857 961 908 tres
1010 856 1153 924 tempore,
1168 853 1288 908 ducono
1303 855 1468 925 permittere
1482 857 1514 908 ut
1528 858 1592 925 post
1614 854 1830 909 ordinationem

144 967 236 1006 annos
247 949 282 1021 ab
293 949 372 1005 omni
383 964 463 1003 sacro
476 947 636 1002 ministerio
650 947 849 1019 prohibeatur,
865 946 962 1002 mitta·
1011 962 1129 1001 uxorem
1146 946 1239 1001 ducat.
1254 947 1302 1002 Sin
1313 963 1381 1002 vero
1399 947 1453 1002 hoc
1471 948 1531 1014 siat,
1551 947 1706 1018 episcopus
1726 948 1776 1018 qui
1801 948 1829 1003 id

143 1048 246 1115 turque
259 1044 288 1097 in
302 1041 521 1097 monasterium.
536 1040 618 1105 Quod
632 1040 654 1094 si
667 1040 842 1111 condignam
855 1039 960 1094 erroris
1010 1038 1149 1109 permisit,
1160 1040 1327 1111 episcopatu
1339 1039 1459 1110 ejicitor.
1469 1040 1552 1104 Qirod
1562 1040 1585 1094 si
1597 1044 1662 1111 post
1672 1040 1830 1096 ordinatio

144 1137 186 1193 sui
199 1136 397 1209 poenitentiam
412 1135 507 1190 medio
518 1138 648 1206 tempore
664 1133 829 1200 ostenderit,
844 1133 960 1188 licentia
1009 1148 1077 1186 nem
1089 1132 1247 1204 presbyter,
1264 1135 1314 1188 aut
1326 1132 1473 1198 diaconus,
1488 1137 1539 1188 aut
1553 1133 1748 1188 subdiaconus
1759 1151 1826 1189 uxo·

143 1230 356 1286 estosacerdoti
370 1228 422 1283 sub
435 1244 491 1299 quo
503 1229 656 1283 collocatus
666 1228 719 1295 est,
735 1229 764 1282 et
774 1228 890 1297 tempus
905 1225 957 1281 mi·
1008 1241 1070 1280 rem
1085 1225 1209 1295 duxerit,
1230 1225 1342 1296 ejicitur
1363 1243 1379 1281 e
1399 1227 1485 1293 clero,
1506 1231 1535 1280 et
1557 1226 1644 1281 curie
1659 1227 1784 1281 civitatis
1797 1227 1828 1282 in

143 1340 243 1391 nuere,
258 1326 288 1378 et
299 1321 416 1394 proprio
430 1321 506 1375 hunc
519 1320 615 1374 denuo
622 1319 772 1374 restituere
780 1317 956 1374 ministerio:
1009 1334 1067 1389 qua
1089 1318 1207 1373 clericus
1224 1323 1286 1373 erat
1309 1335 1374 1373 cum
1395 1318 1478 1373 honis
1498 1318 1556 1373 suis
1568 1319 1703 1374 traditor.
1720 1322 1790 1374 ltern
1802 1322 1827 1374 si

141 1416 252 1472 scituris
264 1415 334 1470 item
347 1413 570 1485 religiosissimis
584 1412 724 1484 episcopis
737 1411 786 1483 qui
807 1427 841 1465 ea
865 1410 956 1466 vindi·
1008 1412 1098 1465 lector
1110 1411 1263 1466 secundum
1274 1426 1391 1465 uxorem
1408 1409 1528 1477 duxerit,
1545 1415 1595 1465 aut
1613 1411 1741 1482 primam
1763 1412 1825 1483 qui·

141 1527 205 1566 care
221 1510 336 1577 debent,
349 1508 425 1579 quod
442 1508 464 1561 si
487 1505 651 1578 hujusmodi
667 1504 774 1576 aliquid
793 1504 883 1559 edocti
899 1520 958 1559 non
1008 1502 1084 1571 dem,
1096 1503 1339 1571 sedviduam,aut
1349 1503 1471 1559 divortio
1481 1510 1644 1576 separatam
1659 1522 1678 1559 a
1693 1505 1767 1573 viro,
1777 1510 1826 1560 aut

140 1602 278 1669 caverint,
292 1601 346 1672 ipsi
358 1602 500 1655 rationem
509 1600 567 1653 Deo
580 1614 632 1669 pro
647 1598 702 1652 hac
717 1613 802 1651 causa
815 1596 957 1651 reddituri
1007 1596 1128 1668 legibus,
1142 1600 1193 1651 aut
1205 1597 1292 1651 sacris
1305 1597 1488 1653 interdictam
1499 1598 1670 1665 canonibus,
1687 1615 1747 1654 non
1763 1615 1824 1655 arn·

141 1702 216 1752 sunt.
240 1696 330 1750 Nemo
353 1700 453 1750 tamen
475 1693 624 1764 episcopus
643 1689 825 1762 compellitur
852 1690 956 1744 invitus
1006 1689 1080 1760 plius
1093 1689 1131 1744 ad
1143 1690 1231 1745 alium
1248 1690 1472 1746 ecclesiasticum
1488 1691 1609 1762 gradum
1621 1691 1826 1763 procedito.Et

141 1790 371 1862 qualemcunque
395 1787 529 1842 clericum
551 1785 602 1841 sub
624 1786 685 1856 ipso
701 1783 888 1839 constitutum
903 1799 954 1839 suo
965 1764 993 1838 Β
1005 1783 1027 1837 si
1044 1799 1215 1854 quocunque
1231 1784 1320 1839 modo
1339 1784 1376 1838 ad
1392 1784 1535 1854 majorem
1545 1785 1672 1856 gradum
1681 1787 1821 1858 provehe·

141 1882 285 1938 dimittere
299 1881 385 1936 clero.
1003 1879 1060 1945 tur,
1076 1860 1227 1932 deliciatur
1239 1877 1275 1932 ab
1291 1893 1336 1944 eo,
1353 1883 1383 1932 et
1396 1877 1487 1949 priori
1500 1878 1678 1934 restituatur.

175 1975 315 2030 Omnibus
329 1989 396 2028 vero
410 1971 550 2044 episcopis
565 1974 594 2026 et
612 1970 788 2041 presbyteris
808 1969 953 2024 interdici·
1039 1968 1095 2024 Sed
1112 1985 1206 2041 neque
1223 1970 1396 2038 cohortales,
1417 1986 1512 2042 neque
1536 1969 1710 2027 decuriones
1726 1974 1823 2028 clerici

139 2084 249 2123 masne
263 2063 428 2139 quenipiam
440 2063 955 2134 asacracommunionepriossegre-
1003 2061 1104 2130 fiunto,
1122 2079 1159 2116 ne
1179 2079 1237 2134 qua
1251 2063 1354 2118 exinde
1377 2063 1535 2118 venerabili
1558 2063 1660 2120 domui
1683 2064 1823 2122 inseratur

139 2163 211 2233 gent
225 2177 312 2233 qnam
328 2176 413 2215 causa
428 2162 605 2214 monstretur
620 2144 810 2228 quamohrem
827 2154 954 2210 ecclesia·
1003 2156 1186 2211 contumelia.
1205 2156 1235 2211 Si
1249 2172 1317 2212 vero
1331 2157 1403 2212 tales
1415 2173 1545 2228 personae
1564 2159 1730 2213 referantur
1748 2159 1823 2214 inter

139 2254 200 2309 stici
224 2255 278 2309 hoc
301 2270 426 2309 canones
450 2252 512 2307 lieri
530 2251 643 2322 jubent.
659 2249 687 2305 Si
702 2249 766 2320 quis
781 2253 879 2303 autem
892 2248 954 2303 haec
1003 2248 1130 2316 clericos,
1142 2249 1263 2320 perinde
1275 2249 1358 2322 quasi
1369 2250 1512 2305 ordinatio
1527 2252 1604 2306 tacta
1614 2269 1675 2306 non
1686 2256 1773 2320 esset,
1783 2254 1821 2308 ita

139 2352 240 2405 contra
254 2365 271 2402 a
285 2350 384 2401 sancta
400 2344 605 2401 communione
620 2344 747 2414 aliquem
767 2341 951 2413 separaverit,
1003 2342 1127 2414 propriae
1145 2342 1268 2397 fortunar
1288 2342 1486 2414 restituuntor,
1503 2343 1633 2415 dempto,
1657 2345 1682 2399 si
1701 2346 1744 2416 (ut
1758 2346 1821 2401 licet

105 2510 111 2518 -
137 2440 184 2496 ille
194 2439 364 2512 quidemqui
375 2439 479 2510 injuste
489 2436 718 2492 acommunione
729 2434 951 2506 separatustuit,
1002 2435 1155 2506 conjicere)
1183 2436 1384 2491 monachicam
1410 2435 1514 2507 aliquis
1529 2452 1562 2490 ex
1573 2437 1642 2508 ipsis
1655 2439 1746 2493 vilem
1763 2455 1819 2494 non

136 2534 264 2589 resoluta
280 2532 459 2604 separatione
472 2547 525 2603 per
534 2529 675 2600 majorem
687 2527 876 2597 sacerdotem,
890 2544 954 2581 san·
1002 2527 1099 2582 minus
1111 2528 1276 2599 quindecim
1287 2528 1371 2583 annis
1385 2529 1566 2600 transegerit.
1587 2531 1673 2585 Tales
1683 2532 1764 2587 euim
1778 2548 1821 2588 or·

137 2631 181 2683 cta
194 2626 298 2697 dignus
307 2626 445 2680 habeatur
455 2623 669 2679 communione.
679 2625 704 2678 ls
714 2637 781 2676 vero
792 2621 839 2692 qui
849 2621 952 2691 injuste
1003 2624 1095 2680 dinari
1103 2626 1250 2697 jubemus,
1264 2625 1395 2697 legitima
1407 2626 1540 2681 videlicet
1553 2628 1690 2697 portione
1701 2646 1719 2683 a
1736 2629 1817 2685 decu

137 2719 393 2792 aliquemasancta
401 2733 534 2789 separare
544 2716 751 2771 communione
759 2731 844 2768 ausus
853 2714 950 2781 tuerit,
1001 2719 1084 2774 riona
1093 2719 1266 2790 assignanda
1275 2719 1361 2774 carior
1375 2722 1404 2774 et
1418 2719 1590 2791 reipublicae.
1608 2721 1669 2776 Sed
1680 2726 1709 2776 et
1722 2723 1753 2777 in
1763 2725 1817 2778 cle·

137 2813 271 2868 omnibus
286 2811 381 2866 modis
395 2828 448 2883 per
461 2810 640 2865 sacerdotem
661 2809 712 2863 suh
727 2824 784 2880 quo
798 2807 951 2863 collocatus
1000 2828 1065 2867 rum
1075 2813 1178 2880 allecti,
1200 2813 1342 2868 monacho
1358 2813 1605 2868 decentemvitam
1621 2815 1659 2870 ad
1675 2816 1767 2872 finem
1777 2835 1819 2872 us.

136 2909 179 2962 est
194 2904 423 2961 acommunione
438 2904 625 2976 separabitur,
638 2904 860 2974 quantocunque
876 2904 949 2955 tem·
1001 2923 1056 2978 que
1070 2911 1233 2978 prestante.
1249 2907 1321 2961 Nam
1332 2906 1355 2961 si
1367 2909 1432 2978 post
1444 2907 1513 2962 cleri
1524 2907 1668 2963 honorem
1680 2910 1817 2983 adeptum

134 2998 260 3071 porcilli
279 2998 370 3051 visum
385 2996 449 3063 erit,
469 2998 499 3050 ut
515 2996 593 3067 quod
613 2996 718 3066 injuste
732 2994 781 3049 alii
797 2994 874 3061 lecit,
889 2993 949 3064 ipsc
1000 3016 1120 3054 uxorem
1133 2999 1237 3070 aliquis
1247 3016 1348 3054 eorum
1362 2999 1485 3069 duxerit,
1500 3005 1549 3054 aut
1564 3003 1757 3060 concubinam
1770 3007 1818 3061 ha.

131 3087 209 3159 juste
224 3084 371 3140 sustineat.
386 3087 425 3139 hc
439 3101 532 3155 neque
547 3084 669 3155 propriis
677 3083 804 3154 aliquem
818 3081 950 3137 manibus
999 3092 1102 3160 buerit,
1121 3092 1216 3162 cum,
1232 3096 1282 3147 aut
1294 3092 1623 3161 00h0ffl‚3utf01tunae‚
1635 3097 1681 3150 cui
1694 3100 1815 3154 emp,

135 3179 268 3252 episcopo
279 3179 428 3233 verberare
439 3177 514 3243 licet,
525 3177 666 3248 siquidem
680 3177 734 3231 hcc
748 3175 947 3230 alienumasa-
959 3133 987 3208 C
999 3186 1107 3252 noxius,
1123 3185 1262 3255 redditor,
1278 3187 1444 3241 utmaxime
1459 3186 1489 3241 jn
1500 3203 1567 3241 eum
1581 3189 1709 3258 gradum
1732 3195 1816 3247 emp„

135 3272 298 3329 cerdotihus
314 3275 366 3327 est.
382 3274 464 3328 Certe
480 3270 503 3324 si
516 3271 579 3342 quis
598 3270 757 3342 episcopus,
772 3286 838 3324 cum
848 3285 946 3324 secun·
998 3280 1143 3334 siasticum
1157 3279 1274 3333 allectus
1288 3278 1385 3347 luerit,
1402 3277 1431 3333 in
1439 3281 1784 3355 quoconstitutusaliquis
1797 3300 1814 3340 a

134 3366 203 3423 dum
225 3364 430 3421 ecclesiasticos
452 3379 576 3418 canones
595 3363 755 3418 sacerdotio
773 3363 880 3434 ejectus
895 3365 947 3432 est,
997 3372 1085 3428 sacris
1095 3372 1252 3427 canonibus
1265 3375 1294 3427 ei
1307 3372 1418 3443 legibus
1429 3389 1549 3429 uxorem
1562 3373 1673 3430 ducere
1682 3393 1741 3432 110„
1752 3394 1812 3450 pm.

132 3458 246 3531 ingredi
256 3459 399 3514 civitatem
412 3457 486 3512 ausit
496 3473 531 3512 er
540 3473 596 3529 qua
606 3457 723 3529 ejectae,
735 3460 785 3511 aut
797 3457 892 3511 locum
902 3456 949 3510 de·
997 3465 1121 3521 hibetur,
1141 3464 1305 3536 Eademque
1319 3464 1380 3519 haec
1396 3469 1424 3519 ct
1437 3465 1467 3520 in
1478 3466 1541 3520 aiii,
1560 3468 1700 3524 omnihus
1712 3486 1810 3526 mom.

132 3553 296 3625 relinquere
312 3552 342 3606 in
360 3568 416 3623 quo
431 3551 537 3622 degere
542 3550 639 3621 jussus
653 3553 705 3616 est;
722 3549 858 3620 jubemus
872 3550 947 3603 hunc
997 3559 1057 3613 chis
1068 3558 1381 3630 valcccsencimus,qui
1397 3560 1601 3615 emonasterio
1612 3562 1812 3634 adquemcnn-

131 3646 162 3701 1¹¹
177 3645 384 3701 ¹¹¹⁰¹¹³³t0¹⁸i¹¹m
398 3645 427 3699 5¹¹
438 3644 494 3699 alla
506 3643 653 3716 imiimia
666 3643 852 3698 θθῦθῑῗῑῦῑῦῐῃ
862 3642 945 3710 tradi,
997 3667 1053 3724 que
1063 3651 1186 3723 gradum
1197 3652 1417 3707 ecclesiasticum
1430 3653 1657 3722 transferuntur,
1668 3661 1699 3711 et
1710 3657 1734 3711 si
1743 3659 1809 3714 nuth

130 3741 165 3793 ut
180 3755 243 3811 quc
256 3740 287 3793 in
300 3738 456 3793 sacerdotio
473 3736 603 3809 deliquit,
619 3754 652 3792 ea
668 3737 777 3808 degens
794 3735 823 3789 in
843 3750 945 3791 mona·
996 3745 1120 3800 tonnus
1131 3745 1244 3800 obnoxii
1255 3745 1370 3801 tuerint.
1381 3746 1598 3816 atgenenliter
1608 3748 1675 3820 lege
1686 3753 1809 3821 promul-

133 3831 220 3887 θῑθΐίθ
233 3831 368 3902 militiai·
996 3854 1109 3911 gamus,
1119 3838 1332 3893 necuilieeatin
1342 3841 1810 3916 quocunqueecclesiasticogndu

167 3923 290 3979 Clssri⁰⁰³
302 3926 399 3977 autem
419 3938 478 3978 ¹¹0⁰
499 3922 582 3978 iliter
604 3922 730 3977 &diffisi
750 3921 944 3990 00⁰⁰⁶dim1¹⁸2
995 3924 1149 3987 constituto
1160 3931 1196 3986 ab
1207 3947 1243 3987 eo
1257 3930 1407 4001 decedere,
1420 3935 1449 3986 et
1462 3934 1704 3991 secularemtieri
1714 3955 1722 3992 ε
1733 3939 1810 3994 scitu·

130 4017 187 4075 nisi
199 4017 308 4072 litteras
318 4016 419 4084 sciant,
434 4018 464 4070 et
473 4019 552 4070 reeta
565 4016 619 4070 tide
629 4032 665 4077 ac
676 4016 798 4071 honesta
809 4015 866 4069 vita
877 4015 943 4082 sint,
994 4025 1033 4080 ris
1045 4025 1090 4079 his
1100 4025 1149 4096 qui
1164 4024 1203 4080 ite
1214 4026 1336 4096 egerint,
1348 4025 1426 4096 quod
1437 4027 1465 4079 et
1483 4025 1601 4097 cingulo
1615 4028 1650 4099 (si
1665 4031 1746 4102 quod
1760 4032 1810 4087 illis

132 4108 946 4183 etnequeeoncuhinam,nequenaturaleshahuerintaut
995 4113 1164 4169 attributum
1181 4113 1245 4185 erit)
1264 4118 1314 4169 aut
1333 4114 1481 4186 dignitate,
1497 4119 1546 4169 aut
1560 4116 1668 4174 militia
1684 4120 1807 4177 denuda·

130 4203 376 4271 habeantliberos,
386 4202 436 4257 sed
446 4202 495 4274 qui
504 4201 886 4272 velcoelibemvitamagunt,
900 4201 945 4256 vel
994 4206 1111 4273 huntur,
1125 4211 1155 4262 et
1169 4205 1279 4263 cohorti
1288 4207 1409 4263 civitatis
1424 4225 1482 4263 suae
1494 4208 1660 4267 tradentur.
1675 4213 1732 4278 Qui
1746 4230 1807 4270 vero

129 4314 249 4355 uxorem
268 4298 432 4352 habuerunt
445 4299 495 4350 ant
511 4295 618 4351 habent
636 4295 806 4366 legitimam,
829 4298 858 4349 et
878 4311 943 4349 eam
994 4303 1061 4356 ante
1077 4301 1151 4355 hanc
1168 4304 1294 4355 nostram
1311 4301 1407 4373 legem
1422 4302 1549 4357 ecuriali
1560 4303 1808 4364 tortunccrdimfi

129 4409 216 4449 unam
229 4394 258 4448 et
275 4390 409 4463 primam,
435 4406 530 4462 neque
552 4388 678 4455 viduam,
702 4405 796 4460 neque
820 4388 942 4444 divortio
994 4396 1060 4447 sunt
1078 4392 1182 4460 clerici,
1199 4393 1410 4463 patrimonialia
1428 4409 1551 4450 munera
1566 4413 1624 4468 per
1645 4400 1808 4457 musarum

128 4489 289 4558 separatam
303 4501 320 4539 a
335 4484 405 4551 viro,
422 4499 515 4555 neque
534 4482 641 4554 alioqui
663 4482 774 4554 legibus
791 4485 842 4537 aut
858 4482 982 4575 sacrisD
993 4502 1132 4558 personas
1139 4486 1290 4558 implento,
1303 4503 1320 4541 a
1331 4487 1529 4559 personalibus
1541 4488 1628 4546 liberi
1639 4509 1807 4549 censemu-

128 4578 311 4636 interdictam
320 4577 485 4633 canonibus.
501 4575 702 4646 Presbyterum
715 4591 783 4630 vero
796 4575 942 4630 minorem
992 4578 1107 4635 ton-Sed
1116 4579 1553 4652 nequeclericumcujuscunque
1561 4585 1675 4653 gradm
1686 4587 1808 4643 dareali

129 4672 212 4729 annis
230 4670 348 4741 triginta
367 4671 494 4742 quinque
513 4669 576 4723 fieri
597 4685 656 4724 non
675 4668 869 4724 concedimus.
885 4667 942 4723 Sed
991 4672 1060 4744 quid
1072 4671 1113 4726 illi
1128 4689 1215 4744 aquo
1232 4672 1389 4742 ordinatur,
1402 4676 1452 4728 aut
1469 4674 1638 4748 quicunque
1654 4679 1707 4735 alii
1720 4698 1809 4753 perso·

127 4781 222 4839 neque
235 4764 387 4820 diaconum
397 4766 447 4818 aut
460 4762 667 4818 subdiaconum
683 4762 828 4818 minorem
840 4761 941 4833 viginti
989 4782 1035 4821 nae
1049 4765 1243 4834 concedimus,
1257 4766 1308 4821 scd
1322 4768 1396 4821 solas
1409 4768 1537 4838 prebere
1545 4769 1645 4841 ipsum
1659 4778 1809 4831 consuetu.

128 4859 271 4931 quinque,
289 4874 381 4930 neque
392 4857 462 4912 ilem
476 4858 616 4911 lectorem
631 4855 776 4910 minorem
790 4855 874 4909 annis
888 4854 939 4909 de·
991 4859 1083 4927 dines,
1093 4877 1126 4914 er
1140 4876 1220 4915 more
1231 4859 1429 4932 percipiendas
1445 4861 1481 4916 ah
1492 4861 1537 4917 his
1549 4864 1601 4934 qui
1617 4866 1806 4925 ordinandis

127 4967 191 5010 cem
205 4954 234 5007 et
251 4954 325 5006 octo.
341 4949 506 5006 Diaconissa
519 4952 614 5004 autem
639 4948 669 5003 in
694 4951 792 5003 sancta
816 4948 941 5004 Ecclesia
991 4953 1151 5008 ministerio
1169 4957 1245 5022 sunt,
1265 4970 1329 5025 quoe
1340 4959 1438 5009 tamen
1453 4954 1537 5010 unlus
1553 4958 1629 5023 anni
1641 4958 1739 5017 diaria
1754 4979 1806 5019 non

126 5063 186 5102 non
202 5044 358 5112 ordinator,
376 5060 440 5116 quae
458 5043 554 5098 minor
569 5041 762 5113 quadraginta
783 5041 866 5097 annis
892 5041 938 5112 sit,
990 5046 1139 5102 excedant.
1156 5047 1238 5103 Certe
1254 5047 1284 5101 in
1297 5051 1475 5103 sacrosancta
1491 5049 1613 5105 ecclesia
1629 5051 1660 5106 in
1671 5070 1732 5126 quc
1742 5072 1804 5112 000.

126 5139 226 5196 autad
242 5136 380 5193 secundas
394 5136 524 5208 pervenit
538 5133 662 5206 nuptias.
989 5139 1123 5210 stituitur,
1139 5143 1171 5194 ut
1192 5139 1320 5195 divinum
1336 5140 1675 5213 impleatmiuisterium,
1690 5149 1805 5205 omniuo

160 5235 300 5290 Caeterum
310 5231 332 5285 si
345 5233 476 5301 tempore
487 5228 676 5285 ordinationis
691 5229 793 5283 contra
804 5227 939 5285 clericum
990 5249 1025 5288 ne
1038 5232 1181 5288 tantillum
1195 5232 1312 5304 quidem
1329 5232 1446 5305 collegis
1461 5232 1518 5290 suis
1535 5252 1590 5307 pro
1612 5237 1804 5299 insinuatione

125 5326 320 5399 cujuscunque
335 5323 443 5378 ordinis
465 5326 515 5377 aut
530 5322 636 5394 gradus
660 5326 809 5377 accusator
836 5321 939 5394 aliquis
989 5342 1039 5381 sua
1053 5325 1130 5393 dato,
1151 5341 1246 5398 neque
1259 5330 1377 5399 propter
1393 5328 1466 5383 hanc
1484 5344 1604 5387 causam
1616 5333 1731 5392 solatiis
1742 5336 1803 5401 sais,

122 5422 237 5479 exortus
251 5416 349 5485 tuerit,
361 5417 411 5488 qui
421 5416 495 5471 dicat
510 5416 661 5485 indignum
672 5431 739 5470 eum
750 5431 810 5470 esso
819 5415 937 5471 ordina·
988 5423 1037 5473 ant
1047 5419 1109 5474 aliis
1119 5419 1367 5477 distributionibus
1375 5421 1572 5479 defraudator.
1584 5423 1645 5482 Sed
1654 5444 1757 5503 neque
1766 5445 1804 5486 re

122 5514 213 5583 tione,
229 5510 360 5567 differtor
371 5509 434 5582 ipsa
445 5508 598 5574 ordinatio,
609 5511 638 5563 et
648 5508 756 5576 omnia,
768 5511 828 5563 tam
839 5508 939 5565 inexa-
989 5512 1147 5583 nodochus,
1163 5518 1213 5569 aut
1230 5515 1469 5588 prochotrophus,
1486 5519 1538 5571 aut
1554 5534 1747 5593 nosocomus,
1760 5526 1804 5581 nt

121 5607 284 5664 minatione
299 5618 387 5677 quam
400 5604 430 5657 in
444 5600 580 5667 censuris,
596 5601 786 5671 procedunto,
798 5619 862 5674 que
878 5603 939 5675 qui·
987 5605 1303 5678 emascunquealterius
1313 5607 1602 5669 venerabihsdomus
1616 5612 1802 5690 disponam,

122 5698 190 5756 dem
204 5699 235 5754 in
250 5697 450 5770 episcoporum
460 5691 690 5749 ordinationibus
701 5695 833 5766 superius
847 5696 939 5752 sanxi·
988 5698 1038 5771 qui
1044 5699 1273 5772 qualemcunque
1282 5700 1801 5767 ecelesiasticamsollieitndinamus-

121 5804 196 5851 raus.
218 5791 371 5847 Enimvero
388 5789 412 5845 si
426 5788 450 5843 is
465 5787 514 5859 qui
536 5784 713 5842 ordinandus
733 5789 777 5843 est
799 5788 937 5847 diaconru
987 5793 1056 5861 ctat,
1068 5791 1249 5866 datoaliquid
1265 5794 1335 5851 illia
1351 5811 1408 5868 quo
1419 5800 1620 5876 promeretur,
1631 5803 1803 5862 manian·
