3884 6150
127 269 174 326 sn
354 242 365 253 '
519 268 686 325 mrmou
704 267 748 324 ao
766 267 878 325 orum
895 263 1015 322 saucrr
1032 265 1183 323 omasus
1200 265 1416 324 reomensis.
1755 266 1807 322 sn

124 377 198 434 bites
212 376 312 433 laudes
323 376 371 449 pio
385 377 496 433 honoro
506 376 629 443 deterre,
646 378 676 430 et
689 373 866 431 mirabilium
879 377 940 431 tuo·
949 382 1076 460 Aquam
1099 373 1308 444 defunctorum,
1325 374 1369 432 val
1389 374 1424 429 ad
1442 372 1544 430 merita
1566 370 1610 428 vel
1637 372 1674 429 sd
1693 375 1809 446 pearata

124 488 190 529 rum
202 470 408 529 inenarrabilia
420 469 562 544 preconia
577 469 687 525 devotae
700 469 806 524 mentis
819 485 938 525 venera·
989 467 1154 541 respiciens,
1169 468 1238 524 alios
1251 468 1352 541 jubeat
1367 467 1403 524 ad
1418 468 1549 540 gratiam,
1561 466 1632 524 alios
1642 466 1679 523 ad
1696 465 1809 524 veniam

116 565 368 622 >fionecelebrare
380 562 940 636 Teigiturinetlahilemrerumomnium
989 563 1142 635 pertinere.
1158 564 1221 620 Per.

126 659 307 717 conditorem
319 658 479 726 laudamus,
492 657 700 725 benedicimus,
712 657 878 726 adoramus,
889 673 941 729 per
1267 714 1273 726 ⁸
1339 713 1345 725 ⁸
1612 711 1618 723 ·

127 753 271 811 Christum
286 751 439 807 Dominum
452 754 593 807 „05er
1027 714 1124 789 294
1131 714 1532 784 lulaberemanrmasnostras,
1541 714 1722 785 omnipotens
1730 715 1812 770 aeten·

438 846 499 896 noo
512 846 628 896 gamm,
990 826 1027 866 ne
1039 811 1122 880 Deus,
1136 813 1165 865 et
1176 810 1293 881 templa,
1308 824 1372 882 que
1384 807 1455 880 lapis
1468 807 1515 864 ille
1527 807 1671 880 angularis
1685 810 1753 864 tune
1765 822 1812 865 cr.

161 930 231 985 Vere
255 931 378 998 sanctus,
402 945 468 983 vere
493 928 662 983 benedictus
685 927 821 984 Dominus
844 930 942 982 noster
991 902 1104 975 ⁸iffl¹ib
1118 903 1284 977 iflssl‘desssi
1308 906 1338 959 Ui
1357 901 1491 973 Halmii
1511 900 1619 958 ¹¹⁰⁵&ss
1637 904 1811 974 lirffll'mffl

124 1026 204 1082 rosus
223 1021 350 1078 causus
371 1021 455 1076 mirus
474 1026 538 1076 suus
563 1022 731 1093 :quiverit
751 1021 787 1076 ae
807 1020 892 1088 ceris,
911 1023 943 1076 us
990 999 1149 1071 peripsum
1169 996 1221 1053 rur
1240 996 1381 1069 possimus
1398 995 1509 1063 offerre,
1523 995 1574 1068 uui
1591 998 1722 1052 sanetum
1741 1010 1811 1053 σου·

126 1119 344 1175 conversaretur
361 1115 390 1171 in
409 1115 510 1183 terris;
530 1116 620 1171 homo
637 1116 737 1182 tactus,
753 1117 785 1169 ut
798 1114 943 1170 habitaret
991 1091 1091 1162 millib
1105 1097 1133 1148 0²
1145 1108 1244 1164 pacem
1259 1091 1342 1148 ¹¹⁰bi³
1355 1091 1526 1164 imiimi&¹⁸
1539 1089 1666 1147 indlflsii·
1681 1090 1747 1146 Per·

125 1210 156 1267 in
168 1209 266 1278 nobis3
282 1209 377 1265 hostia
391 1209 519 1277 effectus,
531 1211 563 1263 ut
578 1225 630 1264 nos
645 1210 754 1264 faceret
767 1207 940 1264 sacerdotes.
1323 1189 1477 1241 ImmOlfflO·

125 1307 187 1376 lpse
200 1303 280 1359 onim
293 1303 341 1375 qni
352 1302 426 1375 prid,
1027 1271 1153 1344 Dignum
1170 1274 1199 1327 et
1212 1271 1324 1343 justum
1348 1273 1399 1340 est,
1414 1269 1548 1342 llajestati
1566 1273 1634 1340 tuae,
1648 1271 1745 1326 sancte
1758 1269 1813 1325 Pa-

444 1375 506 1424 Post
517 1376 627 1424 secreto.
992 1369 1046 1436 ter,
1066 1364 1256 1437 omnipotens,
1275 1367 1380 1420 aeteme
1402 1364 1486 1434 Deus,
1508 1362 1605 1419 laudes
1631 1362 1679 1435 pio
1702 1363 1812 1419 honor-s

1322 631 1362 684 Ad
1376 645 1478 698 pacem.

162 1457 297 1525 Ostende,
328 1456 512 1529 omnipotens
537 1459 620 1526 Deus,
652 1455 789 1528 gratiam;
819 1469 942 1526 agnosce
993 1459 1112 1529 deterre,
1126 1461 1155 1515 et
1168 1457 1343 1514 mirabilium
1356 1460 1474 1513 tuorum
1489 1456 1812 1530 inenarrabiliapraeco·

126 1550 298 1608 doctrinam.
310 1551 351 1606 Tu
361 1567 391 1605 es
401 1551 568 1623 mysterium
580 1567 631 1622 pro
643 1550 744 1617 salute,
757 1553 788 1603 tu
798 1547 942 1621 pretium:
993 1552 1040 1609 nin
1060 1553 1167 1609 devotae
1190 1551 1293 1607 mentis
1310 1551 1491 1608 veneratione
1509 1549 1662 1607 celebrare.
1677 1551 1715 1606 Te
1730 1566 1810 1606 nam-

127 1644 199 1701 doce
219 1645 465 1716 perseverantiam
478 1641 575 1717 293
593 1660 659 1699 cum
673 1641 804 1698 docueris
819 1640 942 1713 discipli·
993 1663 1048 1720 qne
1071 1644 1388 1719 incomprehensibilem
1408 1647 1493 1717 atque
1515 1643 1687 1701 ineffabilem
1714 1644 1813 1700 Domi·

128 1753 211 1804 nam;
228 1739 259 1791 ut
271 1737 300 1792 in
316 1738 369 1792 hac
385 1737 530 1793 oblatione
547 1754 600 1793 nos
614 1736 729 1803 liberes,
744 1735 792 1807 qui
806 1751 858 1806 pro
874 1733 945 1789 occi·
955 1758 983 1830 B
994 1757 1075 1809 num,
1099 1744 1128 1795 ct
1152 1742 1309 1795 creatorem
1332 1738 1461 1793 omnium
1486 1753 1598 1810 semper
1620 1737 1815 1807 tremcndum,

128 1830 261 1887 dentibus
275 1834 304 1885 et
317 1831 448 1886 moreris.
463 1833 526 1887 Per.
948 1837 952 1844 '
994 1851 1046 1907 per
1066 1835 1161 1889 lesum
1181 1832 1326 1889 Christum
1346 1831 1448 1887 Filium
1463 1834 1547 1887 tuum
1565 1831 1657 1888 Deum
1669 1847 1702 1887 ac
1715 1831 1815 1887 Domi·

328 1924 394 1974 Ante
408 1924 553 1974 orationem
572 1921 744 1974 Dominicsm·
995 1944 1066 1985 num
1087 1928 1315 1998 salvatoremque
1337 1929 1468 1981 nostrum
1490 1924 1638 1994 sentimus,
1660 1924 1815 1994 credimus,

162 2007 224 2062 Non
238 2004 396 2060 sufficimus
412 2003 462 2059 tibi
478 2004 586 2076 gratias
597 2020 694 2076 agere,
705 2001 827 2059 Domine
837 2004 945 2070 sancte,
996 2021 1153 2094 sequimur,
1167 2024 1195 2076 eg
1204 2036 1328 2075 oramus,
1338 2017 1567 2091 pibiquefpumm
1576 2018 1630 2074 hoc
1639 2016 1815 2074 sacrificium

10 2168 13 2173 Ι
126 2101 213 2156 Pater
228 2097 421 2170 omnipotens,
436 2101 543 2153 aeterne
564 2100 647 2164 Deus,
666 2113 718 2169 pro
732 2095 821 2151 tantis
835 2094 946 2150 miseri·
996 2114 1140 2170 offerimus
1154 2112 1251 2185 3105ae
1263 2117 1320 2168 tuae
1335 2128 1400 2167 cum
1414 2112 1524 2184 angeli,
1542 2110 1774 2185 ambagem,
1788 2116 1819 2168 οἱ

127 2192 233 2250 cordiae
248 2196 305 2248 tuae
319 2190 413 2258 donis,
429 2190 532 2263 quibus
555 2207 608 2245 nos
626 2189 760 2257 vivificas,
777 2188 946 2254 sanctificas,
996 2207 1146 2264 innumera
1167 2206 1351 2261 multitudine
1369 2205 1540 2261 nunciorum
1559 2204 1664 2262 nostri,
1683 2203 1819 2261 laudum,
1863 2188 1865 2192 “

128 2286 305 2343 aeternitates
320 2300 476 2357 praeparas,
488 2288 518 2338 et
527 2283 663 2339 institutis
673 2280 821 2353 Unigeniti
831 2279 872 2335 tui
881 2281 947 2336 lesu
996 2304 1207 2374 prosequentes,
1224 2299 1273 2371 qui
1295 2299 1325 2355 in
1345 2303 1498 2371 conspectu
1515 2298 1663 2370 najaram
1677 2303 1737 2354 ωε
1757 2296 1818 2353 ,ing

128 2377 232 2434 Christi
252 2376 364 2433 Domini
385 2393 418 2431 ac
443 2377 597 2433 Salvatoris
622 2375 714 2432 nostri
736 2374 947 2446 indulgentiam
998 2394 1151 2452 cessatione
1163 2393 1352 2466 proclamant,
1366 2391 1501 2449 dicente„

128 2470 243 2544 pietatis
252 2473 309 2525 tuae
325 2487 389 2525 eum
400 2470 547 2525 immerita
557 2469 694 2542 poscendi
706 2485 790 2525 orare
804 2467 946 2523 concedis.
1309 2491 1372 2540 post
1387 2490 1505 2541 pm,

28 2601 33 2610 ·
129 2562 371 2637 Cujuspraecepta
384 2565 554 2632 recolentes,
570 2563 689 2619 dicimus
706 2579 712 2618 τ
728 2564 823 2618 Pater·
1034 2573 1238 2640 Veresanctus,
1253 2569 1364 2626 veroin
1383 2569 1499 2626 excelsis
1517 2568 1656 2626 Dominus
1673 2570 1751 2628 Deus
1764 2587 1817 2626 no·
1866 2562 1871 2570 ’

336 2662 397 2712 Post
408 2661 553 2711 orationem
567 2660 739 2712 Dominicam.
999 2670 1056 2722 ster
1069 2664 1153 2720 Filius
1167 2668 1232 2719 tuas
1247 2663 1305 2719 Rex
1320 2663 1414 2719 lsrael.
1427 2663 1480 2729 Qui
1494 2663 1594 2736 pridie.

163 2742 284 2799 Libera·
299 2759 352 2798 nos
365 2742 400 2798 ab
416 2741 495 2798 omni
510 2743 597 2810 malo,
612 2741 797 2814 omnipotens
810 2742 903 2797 Deus:
921 2743 950 2795 et
1316 2757 1499 2807 roriconem,

130 2833 197 2909 quia
210 2835 261 2892 tibi
278 2836 329 2892 soli
347 2839 390 2890 est
407 2835 563 2908 prestandi
574 2838 709 2907 potestas,
727 2834 830 2902 tribue,
847 2837 879 2889 ut
893 2833 947 2889 sol·
1034 2841 1087 2895 Per
1099 2838 1176 2893 huno
1183 2842 1222 2907 tc,
1234 2837 1317 2907 Deus,
1328 2837 1412 2895 Pater
1420 2835 1608 2907 omnipotens,
1619 2836 1819 2908 deprecemur,

129 2930 226 2986 temne
237 2929 291 2984 hoc
304 2928 476 2984 sacrificium
488 2927 747 2983 sanctiticataorda
760 2930 868 2994 nostra,
881 2926 949 2982 dum
998 2936 1032 2988 ut
1052 2931 1125 2987 sicut
1145 2931 1216 2987 sacri
1235 2924 1364 3002 mysterii
1385 2928 1577 2986 obeditionem
1594 2930 1760 2997 retinemus,
1779 2930 1821 2986 its

130 3020 271 3088 creditum
288 3022 384 3076 deleat
398 3024 526 3093 peccata,
540 3021 609 3076 dum
623 3020 755 3075 sumitur.
769 3021 832 3075 Per.
999 3025 1034 3081 ad
1047 3025 1165 3080 tutelam
1177 3027 1303 3080 nostram
1315 3022 1434 3078 coelestis
1448 3023 1537 3079 virtus
1552 3026 1697 3096 operetur.
1711 3024 1774 3080 Per.

392 3118 454 3167 Post
468 3117 688 3167 communionem.
958 3125 987 3199 ρ
1202 3124 1267 3173 Ante
1281 3120 1425 3171 orationem
1443 3119 1616 3171 Dominicam.

166 3198 258 3254 Cibati
282 3213 357 3269 pane
379 3197 455 3264 vitre,
478 3200 508 3251 et
530 3197 647 3252 salutari
669 3198 771 3269 poculo
793 3196 947 3269 propinati,
1035 3202 1172 3271 Concede,
1198 3201 1329 3271 Domine,
1353 3201 1467 3258 famulis
1491 3200 1547 3256 tuis
1568 3205 1601 3257 ut
1618 3202 1731 3257 omnies
1751 3215 1820 3257 cum

131 3294 235 3348 iratres
257 3290 407 3357 carissimi,
421 3306 542 3361 agamus
563 3290 670 3362 gratias
685 3290 878 3363 omnipotenti
893 3291 950 3346 Deo
1000 3295 1104 3354 fiducie
1123 3295 1261 3366 dicamne,
1275 3294 1348 3351 cient
1367 3295 1429 3368 ipso
1447 3295 1549 3367 jubere
1571 3295 1703 3366 dignatur
1721 3309 1751 3350 or
1772 3293 1820 3349 di.

131 3384 218 3451 Patri,
233 3384 417 3439 obsecrantes
432 3383 662 3439 misericordiam
676 3384 747 3456 ejus,
762 3383 803 3439 uti
816 3384 871 3439 hoc
884 3399 950 3438 san·
1001 3405 1064 3446 cero
1080 3406 1087 3444 :
1102 3391 1193 3445 pater,

132 3481 210 3553 ctum
229 3475 440 3534 benedictionis
463 3493 520 3531 suae
546 3477 664 3546 donum,
680 3478 758 3549 quod
777 3477 807 3532 in
825 3476 951 3533 nominis
1059 3541 1064 3551 Ι
1212 3459 1431 3552 ¹³0⁸i0¹⁸fi0¹10f⁰
1444 3458 1615 3510 Dominifflm·
1765 3537 1797 3549 ..

132 3571 174 3628 sui
194 3572 305 3627 bonore
320 3569 512 3642 percepimus,
526 3570 659 3626 inlaesum
675 3575 761 3644 atquc
782 3570 952 3627 inviolatum
988 3579 993 3588 ·
1036 3541 1198 3597 ¹¹¹h⁰¹²¹¹⁰³
1212 3539 1513 3619 ³m⁸¹⁰²⁰mmp⁰te¹¹i
1527 3537 1774 3608 ⁰⁰u³20i⁰¹¹⁸i⁰d¹
1789 3553 1821 3594 ¹¹¹

132 3665 161 3720 in
176 3663 258 3719 nobis
272 3679 388 3735 semper
401 3681 515 3720 servare
532 3665 677 3736 dignetur.
691 3666 754 3720 Per.
1002 3634 1088 3690 ΜΟ·
1101 3635 1154 3700 0⁰¹
1167 3649 1236 3688 V¹V¹⁵
1248 3638 1277 3690 0*
1287 3649 1399 3706 regn&
1463 3729 1469 3742 .

392 3756 587 3808 Consummntio
600 3757 694 3807 mireo,
1261 3733 1322 3783 Post
1337 3742 1561 3782 communionem.

1038 3815 1159 3885 accepto
1179 3811 1283 3868 coelesti
1307 3811 1434 3884 corporis
1456 3811 1647 3880 Sacramenta,
1671 3812 1700 3865 st
1722 3807 1823 3865 salutis

1002 3910 1116 3962 aeterna
1130 3905 1217 3961 calice
1233 3905 1362 3975 recreati,
1378 3906 1435 3961 Deo
1448 3904 1523 3960 Patri
1544 3900 1731 3975 omnipotenti
1752 3917 1822 3974 gra·

1003 4000 1056 4055 tias
1070 4014 1198 4071 agamus,
1212 3998 1366 4070 laudesque
1380 3997 1517 4053 dicamus.
1530 3998 1593 4052 Per.

170 3840 278 3896 Reiecti
294 3841 421 3912 corporis
438 3845 468 3897 et
486 3842 635 3914 sanguinis
653 3840 766 3898 bomini
785 3840 875 3897 nostri
887 3842 952 3896 lesu

134 3933 247 4002 Christi,
263 3933 293 3989 in
310 3937 451 3990 aeternum
466 3936 600 4002 restituti,
615 3934 721 3990 hilares
738 3934 853 3991 Domini
866 3933 952 3989 mise-

134 4027 289 4084 ricordiam
303 4027 502 4101 deprecemur.
516 4030 580 4083 Per.

1259 4096 1453 4146 consummatio
1468 4095 1562 4146 missae.

1039 4180 1123 4248 Deus,
1149 4177 1253 4251 gratias
1277 4178 1329 4233 tibi
1353 4177 1475 4249 agimus,
1499 4192 1552 4248 per
1574 4191 1661 4249 quam
1686 4172 1825 4246 mysteria

171 4251 361 4321 Omnipotens
374 4247 459 4314 Deus,
474 4246 568 4318 dirige
583 4262 636 4301 nos
648 4244 678 4301 in
692 4246 768 4301 viam
779 4245 908 4318 justitiae,
925 4251 955 4302 ut
1004 4274 1099 4328 sanct,
1117 4270 1301 4338 celebramus,
1321 4288 1339 4326 a
1356 4273 1384 4327 p,
1406 4269 1560 4326 sanctitati,
1577 4273 1605 4326 et
1621 4265 1826 4326 misericordi„

134 4347 356 4417 haereremus,
375 4346 406 4396 et
421 4342 470 4399 illa
489 4341 659 4414 cogitemus,
674 4358 738 4415 quae
759 4341 810 4397 tibi
827 4341 857 4397 in
877 4342 954 4399 diem
1004 4365 1078 4420 don,
1089 4364 1278 4438 deposcimus,
1293 4365 1346 4420 pe„
1360 4362 1524 4419 Dominum,

132 4438 234 4510 judicii
248 4451 382 4492 excusare
400 4437 553 4509 possimus.
569 4438 633 4493 Per.

476 4529 611 4582 collectio.
962 4497 993 4570 D
1159 4495 1278 4550 LllllVll.
1299 4510 1362 4550 rruu
1381 4507 1463 4550 urssa
1481 4506 1664 4550 noururouus.

297 4146 404 4201 Lxxvl.
426 4160 489 4201 rrru
509 4157 588 4200 russi
607 4157 791 4199 noursrcsus.

172 4612 346 4666 Immensum
364 4612 604 4684 tremendamque
621 4610 736 4684 pietatis
757 4615 812 4667 tuae
827 4611 954 4667 clemen·
1012 4676 1027 4701 ο
1040 4611 1246 4685 Sempitemam
1269 4610 1320 4666 liei
1343 4609 1524 4682 llajestatem,
1549 4608 1650 4664 iratres
1674 4607 1824 4678 carissimi,

136 4704 218 4771 tiam,
236 4704 419 4776 omnipotens
430 4707 515 4774 Deus,
530 4707 672 4777 supplices
685 4721 847 4772 exoramus,
859 4706 890 4761 ut
904 4722 954 4761 eu·
1004 4707 1200 4778 deprecemur,
1214 4708 1246 4760 ut
1258 4704 1384 4761 sanctam
1396 4719 1449 4775 per
1462 4701 1548 4758 totius
1560 4700 1637 4757 orbis
1647 4701 1737 4773 spatia
1747 4704 1828 4758 tuea-

136 4797 202 4853 xilio
216 4801 265 4853 tuo
282 4798 414 4854 universa
427 4816 444 4854 a
458 4798 540 4854 nobis
556 4800 739 4855 terrenorum
752 4799 887 4855 vitiorum
903 4815 955 4854 sse·
1004 4802 1052 4855 tur
1069 4797 1236 4866 Ecclesiam3
1252 4795 1494 4853 conversationem
1511 4794 1703 4850 sacerdotibus
1721 4810 1827 4850 conce·

136 4891 333 4965 culariumqoe
359 4890 559 4947 discriminum
586 4894 770 4946 tentamenta
796 4891 954 4960 discedant,
1004 4893 1053 4949 dat
1066 4891 1226 4961 honestam
1242 4890 1329 4946 vitam
1346 4887 1459 4961 populis
1480 4887 1587 4944 tribuat
1604 4886 1825 4959 sempiternam

136 4986 221 5055 atque
244 4985 274 5040 in
296 4986 423 5042 Ecclesia
443 4989 492 5039 tua
512 4982 653 5039 catholica
673 4981 821 5055 religionis
842 5001 957 5057 semper
1004 4985 1171 5057 virginibus,
1186 4983 1288 5054 viduis,
1304 4983 1450 5057 orphanis,
1464 4999 1497 5037 ac
1509 4980 1723 5053 penitentibus,
1736 4980 1827 5037 velin

137 5081 255 5133 maneat
269 5079 388 5135 inlibata
401 5077 525 5135 devotio.
536 5079 599 5132 Per.
1004 5079 1231 5152 quibuscumque
1249 5075 1462 5133 necessitatibus
1487 5073 1655 5141 constitutis,
1682 5077 1828 5144 oportuna

451 5176 512 5225 Post
528 5173 644 5225 nomina.
1005 5171 1135 5245 presidia
1146 5170 1266 5239 tribuat3
1280 5173 1309 5226 et
1323 5167 1418 5243 295
1439 5168 1494 5224 sibi
1513 5167 1616 5240 placita
1633 5169 1700 5223 vota
1718 5181 1824 5223 conce·

172 5255 283 5310 huditis
297 5255 461 5312 nominibus
479 5255 637 5323 recensitis,
649 5253 825 5310 dilectissimi
841 5256 954 5324 fratres,
1004 5266 1079 5322 dot:
1105 5265 1136 5320 in
1157 5262 1434 5336 peregrinationibus
1458 5261 1586 5333 praemia,
1615 5259 1646 5316 in
1671 5259 1823 5316 doloribus

137 5348 229 5404 iteum
242 5349 356 5420 pietatis
370 5352 400 5404 et
411 5349 615 5405 misericordiae
637 5347 834 5420 deprecemur,
849 5351 880 5403 ut
895 5349 956 5404 haec
1004 5359 1219 5428 medicamenta,
1233 5357 1263 5412 in
1276 5356 1421 5412 laboribus
1434 5357 1548 5429 praestet
1566 5352 1717 5409 auxilium.

136 5459 202 5515 quae
223 5442 320 5499 oblata
341 5445 409 5498 sunt
430 5443 574 5515 benignus
595 5443 749 5500 adsumat:
766 5443 876 5498 nullum
890 5460 955 5498 um-
1344 5452 1477 5504 collectio.

136 5552 225 5608 quam
247 5552 281 5592 ex
303 5535 357 5605 his,
380 5553 433 5609 pro
456 5536 558 5608 quihus
581 5538 748 5593 holocausta
770 5537 953 5610 franguntur,
1040 5538 1123 5604 Deus,
1136 5535 1186 5609 qui
1204 5535 1281 5592 dives
1302 5550 1331 5590 es
1351 5534 1387 5590 ad
1399 5530 1615 5605 ignoscendum,
1631 5535 1659 5588 et
1671 5534 1827 5602 propterea

136 5630 265 5687 muneris
279 5631 323 5687 sui
342 5633 473 5687 exterum
492 5647 554 5687 esse
573 5629 708 5703 patiatur,
722 5635 782 5687 tam
798 5630 954 5686 virentium
1003 5629 1116 5689 voluisti
1130 5629 1221 5687 carnis
1239 5627 1429 5687 humilitatem
1445 5626 1606 5698 adsumere,
1619 5629 1653 5681 ut
1667 5622 1752 5682 nobis
1768 5624 1829 5684 bu·

172 5824 184 5851 ²
207 5810 315 5869 Eadem
335 5809 427 5869 oratio
444 5807 474 5868 in
492 5809 580 5868 missa
596 5809 740 5868 tltissalis
757 5809 904 5881 Gallicani,
917 5809 1002 5868 inira.
