3878 6150
134 257 185 314 983

701 247 828 313 SAECULl
847 255 942 312 Shill'll
961 256 1236 316 SUPPLEllENTUbl.

1767 267 1815 322 904

135 368 200 422 Haec
209 382 261 440 pro
273 362 418 423 communi
430 381 499 437 pace
513 365 751 420 sanctissimarum
760 365 948 420 Ecclesialum
962 379 1082 452 Αταῦτα
1103 369 1204 433 δικαίως
1219 375 1335 445 ἄγονται.
1359 381 1447 427 Ταῦτα
1467 376 1530 449 ὑπὲρ
1552 382 1596 435 τῆς
1616 384 1699 437 κοινῆς
1721 378 1818 452 εἰρήνης

136 462 296 528 statuimus,
318 462 376 516 haec
398 460 588 527 decernimus,
611 463 764 530 sequentes
787 463 950 513 sauctorum

135 557 251 610 Petrum
270 556 415 625 dogmata,
432 557 463 607 ut
481 570 567 608 omne
581 553 775 607 sacerdotium
799 553 950 623 impertur-

136 648 237 703 batum
258 649 293 702 dc
319 651 422 702 cratero
449 647 530 701 nobis
547 649 725 718 permaneat.
750 646 810 710 Quo
830 647 858 699 in
879 663 949 717 pace

136 746 258 808 servato,
270 741 380 811 reliqua
407 741 489 796 nobis
515 741 678 794 exuberabit
694 739 853 811 respublica
870 739 950 792 desu-

136 852 189 906 per
204 850 304 905 pacem
317 834 451 888 habens:
473 851 560 905 quam
581 833 714 888 omnibus
733 849 856 902 magnus
876 833 950 885 [leus

137 933 165 982 et
184 928 312 982 Salvator
332 932 429 982 noster
444 929 523 982 lesus
550 927 676 981 Christus
699 926 844 980 Trinitatis
865 942 948 992 unus,

135 1019 302 1091 unigenitus
312 1021 360 1074 Dei
375 1021 459 1074 Filius
471 1020 616 1090 praedicat,
633 1036 665 1073 ac
680 1019 769 1073 donat
792 1019 859 1089 lat,
878 1034 948 1088 prae-

136 1113 202 1167 beat
212 1130 244 1168 ac
257 1113 353 1184 donet]
369 1114 412 1168 his
428 1114 475 1184 qni
490 1115 597 1168 sineere
610 1113 705 1183 ipsum
720 1116 749 1166 et
761 1129 826 1166 vere
844 1111 948 1183 glorili·

137 1223 200 1261 cere
211 1223 244 1260 ac
260 1207 382 1262 adorare
398 1208 477 1278 digni
490 1207 579 1261 habiti
596 1210 671 1260 sunt.

172 1301 321 1356 Custodiat
336 1301 431 1372 itaque
446 1301 592 1355 beatitudo
608 1304 667 1367 tua,
683 1316 747 1371 quae
765 1302 842 1353 recta
864 1299 951 1353 adue

136 1398 196 1450 tata
212 1398 292 1460 sunt;
307 1397 336 1448 et
344 1394 441 1449 mittat
453 1394 514 1465 ipsa
527 1412 579 1465 per
594 1396 726 1448 suaslleo
742 1393 860 1448 dilectas
875 1392 949 1447 litte-

136 1504 181 1542 ras
210 1488 344 1543 omnibus
375 1487 557 1541 sanctissimis
583 1487 773 1558 metropolitis
804 1486 855 1540 sub
890 1485 951 1557 ipsa

138 1581 339 1635 existentibus:
361 1597 484 1652 quorum
502 1581 618 1635 cuilibet
630 1598 697 1635 eura
712 1580 765 1634 erit
781 1580 841 1651 ipsa
859 1579 951 1633 mani-

135 1674 208 1728 festa
223 1676 317 1729 facere
332 1674 516 1730 sanctissimis
538 1674 668 1728 Ecclesiis
685 1673 737 1727 sibi
755 1672 898 1743 subjectis,
919 1676 951 1727 ut

1000 473 1049 516 τῶν
1065 465 1213 537 ἁγιωτάτων
1230 467 1381 525 Ἐκκλησιῶν
1398 468 1588 539 νομοθετοῦμεν,
1606 475 1690 521 ταῦτα
1704 468 1818 543 *pupigi-

999 559 1062 630 ps‘m
1078 567 1134 626 τοῖς
1149 569 1198 610 των
1213 559 1291 631 ἁγίων
1314 564 1431 634 [lucipert
1451 560 1696 629 κατακολονθοῦντις
1712 560 1816 636 δόγμα-

1000 669 1052 719 σιν,
1071 652 1141 719 ὁπως
1155 654 1186 703 ἄν
1201 657 1230 704 τὸ
1253 655 1378 726 ἱερατικὸν
1393 651 1462 705 ἁπαν
1483 651 1617 727 ἀτάραχον
1634 658 1694 727 ripe-a
1705 663 1753 708 τοῦ
1768 658 1817 709 λοι-

999 748 1049 793 ποῦ
1066 736 1189 812 διαμένοι.
1210 743 1295 817 Οὗπερ
1311 742 1335 794 ἐν
1357 743 1440 816 εἰρήνῃ
1456 745 1642 816 polatensem
1657 752 1746 799 καὶτὸ
1768 749 1818 800 κοι-

999 837 1047 885 πον
1063 836 1121 905 ἡμῖν
1138 829 1267 893 aliusnon
1287 835 1427 908 πολίτευμα
1441 842 1486 894 τὴν
1509 839 1601 889 ἄνωθεν
1621 842 1684 908 ἔχον
1704 841 1816 914 εἰρήνην,

1000 923 1029 983 ἣν
1044 933 1124 979 πᾶσιν
1139 929 1152 978 b
1166 931 1247 999 μέγας
1262 933 1326 994 Θεὸς
1341 934 1383 980 καὶ
1395 935 1479 1003 Σωτὴρ
1495 932 1563 1002 ἡμῶν
1573 937 1674 999 Ἰησοῦς
1688 939 1815 1007 Χριστὸς,

1000 1020 1072 1084 ὁτῆς
1089 1016 1201 1093 Τριάδος
1217 1022 1262 1086 εἷς,
1280 1023 1440 1093 ὁμονογενὴς
1456 1030 1500 1074 τοῦ
1513 1029 1577 1075 Θεοῦ
1587 1028 1682 1094 Λόγος,
1699 1031 1820 1099 κηρύττει

1000 1129 1036 1170 τε.
1055 1117 1097 1163 καὶ
1109 1121 1216 1186 χορηγεῖ
1230 1121 1285 1178 τοῖς
1299 1119 1412 1185 γνησίοις
1423 1110 1511 1180 cirta,
1529 1120 1571 1167 καὶ
1585 1113 1687 1183 ἀληθῶς
1703 1114 1817 1180 δοξάζειν

1000 1223 1037 1269 τι,
1051 1210 1093 1256 καὶ
1107 1214 1258 1279 προσκυνεῖν
1273 1206 1430 1278 ἠξιωμένοις.

1042 1304 1070 1350 Ἠ
1085 1303 1171 1349 ναίννν
1188 1303 1220 1355 σὴ
1238 1302 1407 1373 μακαριότης,
1424 1302 1458 1352 τά
1479 1299 1558 1372 ὀρθῶς
1577 1302 1755 1373 παραστάντα
1769 1322 1819 1371 γν-

1000 1391 1123 1456 λαττέτω,
1135 1394 1338 1464 καταπέμπονσα
1350 1398 1434 1444 ταῦτα
1448 1388 1464 1443 d
1467 1394 1492 1442 ιὰ
1506 1391 1623 1463 tropeien
1639 1389 1727 1458 αἰτῇς
1738 1413 1819 1466 γραμ-

999 1486 1086 1556 μὰτων
1101 1490 1166 1536 πᾶσι
1186 1492 1236 1543 τοῖς
1256 1479 1300 1536 ὑπ’
1318 1479 1397 1542 aicha
1413 1488 1575 1555 τεταγμένοις
1594 1485 1753 1552 ὁσιωτάτοις
1766 1507 1818 1558 pc-

999 1576 1174 1651 τροπολίτοιις,
1205 1577 1239 1626 ὧν
1266 1577 1365 1647 ἑκάστῳ
1392 1582 1526 1648 γενήσεται
1556 1581 1661 1650 φροντὶς
1691 1585 1749 1644 τοῖς
1775 1573 1817 1628 ὑπ’

1000 1665 1093 1736 αὖτοὺς
1107 1672 1274 1740 τεταγμέναις
1289 1670 1443 1735 ὁσιωτάταις
1453 1669 1625 1734 Ἐκκλησίαις,
1643 1675 1732 1722 ταῦτα
1748 1680 1817 1728 nort

136 1767 284 1822 neminem
300 1785 333 1822 ex
348 1767 482 1822 omnibus
495 1767 605 1821 lateant
622 1783 687 1838 que
708 1765 866 1821 sacerdotio
891 1751 988 1825 visaB
1000 1781 1045 1813 σαι
1063 1763 1164 1835 genepe,
1182 1761 1248 1813 ὥστε
1267 1758 1364 1833 μηδένα
1384 1771 1434 1814 τὼν
1455 1766 1557 1815 πάντων
1577 1758 1723 1827 διαλαθεῖν,
1739 1765 1772 1814 τὰ
1791 1782 1815 1815 τι

137 1866 203 1916 sunt
218 1864 248 1915 et
260 1861 295 1915 ab
309 1861 429 1935 imperio
439 1860 618 1915 confirmata.

405 2051 503 2105 bivine
515 2049 686 2120 subarrhatio.

999 1862 1030 1926 τῇ
1044 1851 1224 1928 ἀρχιερωσύνρ
1244 1849 1364 1920 δόξαντα,
1382 1858 1441 1908 τάτε
1462 1856 1511 1908 ὑπὸ
1531 1863 1579 1922 τῆς
1593 1854 1732 1929 βασιλείας
1748 1874 1814 1908 acri·

1000 1949 1109 2022 ρωμὲνα.

1280 2046 1309 2094 Ἠ
1328 2041 1382 2095 θεία
1394 2041 1535 2115 ὑπογραφὴ.

97 2235 102 2246 .
176 2184 311 2240 Divinitas
326 2191 353 2240 te
367 2189 461 2241 servet
473 2202 525 2256 per
539 2186 645 2240 multos
659 2200 759 2251 annos,
774 2187 870 2238 sancte
885 2187 914 2238 et
929 2180 1063 2252 religiose
1078 2183 1172 2235 Pater.

173 2276 245 2331 Date
259 2280 358 2331 octavo
370 2275 434 2332 ldus
443 2278 594 2346 Augustas,
607 2274 870 2358 Constantinopoli,
884 2278 949 2344 post
958 2272 1135 2328 consulatum
1143 2271 1294 2338 Belissarii,
1305 2271 1609 2341 viriolarissimi[anno
1618 2273 1737 2328 Domini
1746 2272 1810 2345 536}¹

412 2469 570 2524 NOVELLA
589 2470 676 2525 xpm
1000 2445 1072 2499 cinae
1089 2443 1273 2514 tabernaeque
1286 2444 1417 2510 existant,
1434 2459 1491 2498 nen
1508 2444 1593 2497 hasce
1609 2445 1687 2499 solas
1704 2445 1812 2517 (nempe

137 2567 173 2620 D,
184 2566 299 2633 officim
310 2565 366 2617 gg„
380 2564 498 2618 ,abemus
508 2563 811 2633 Companpinopomm
825 2563 909 2624 urbis,
926 2566 952 2616 e,
1000 2541 1116 2592 centum
1132 2542 1160 2592 et
1175 2537 1262 2608 mille)
1277 2537 1406 2591 officinas
1421 2537 1563 2607 praedictis
1577 2538 1702 2608 publicis
1717 2540 1813 2593 muniis

171 2641 202 2689 ut
215 2636 289 2688 mitte
302 2639 407 2688 tuntum
419 2639 443 2688 et
458 2641 563 2689 centum
575 2638 690 2704 officinae
702 2639 878 2688 sacrosancta
892 2650 951 2687 mu·
1002 2631 1142 2687 obeundis
1157 2634 1301 2701 exemptas
1314 2631 1444 2697 esse,sed
1460 2632 1547 2685 ctiam
1558 2633 1666 2686 multas
1673 2650 1812 2687 sacrosan-

167 2707 239 2774 j⁰ri⁵
253 2707 368 2790 emi?
384 2711 557 2791 emmim?
572 2721 660 2760 ‘'m'lt's
677 2707 797 2774 ''⁶³5qu
812 2705 850 2758 “d
860 2720 950 2789 queit·
1001 2728 1059 2780 ctas
1075 2725 1215 2792 ecclesias,
1229 2726 1320 2779 multa
1330 2741 1410 2778 sacra
1422 2725 1584 2795 hospitalia,
1595 2728 1780 2792 monasteria,
1789 2730 1815 2780 et

172 2793 275 2846 cunque
283 2777 421 2831 dmum
431 2782 595 2847 pemmam'
606 2783 730 2831 mum
739 2777 836 2830 ‘meam
848 2791 951 2830 muma‘
1003 2819 1072 2873 alias
1086 2835 1178 2873 sacras
1190 2819 1277 2885 aedcs,
1291 2835 1415 2889 quarum
1427 2820 1572 2889 pleraeque
1587 2820 1669 2890 prius
1683 2820 1814 2874 haereticis

174 2917 204 2968 ln
222 2914 340 2968 nomine
355 2913 465 2968 Domini
480 2916 546 2969 lesu
559 2914 661 2970 Christi
674 2914 722 2969 lici
739 2913 837 2968 nostri.
858 2915 951 2984 lmpe-
1002 2912 1184 2982 mancipatae,
1201 2911 1305 2965 deinde
1318 2912 1354 2965 ad
1376 2912 1566 2966 orthodoxam
1591 2913 1682 2968 fidem
1701 2930 1814 2967 reverse

141 3011 218 3062 rator
228 3008 331 3073 Caesar,
343 3007 463 3073 Flavius,
478 3007 664 3076 lastinianus,
675 3007 885 3073 Alemannicus‚
902 3007 954 3060 Go·
1003 3009 1079 3073 sunt,
1095 3007 1197 3059 multas
1207 3022 1320 3076 quoque
1330 3006 1424 3077 regias
1432 3006 1544 3075 domus,
1556 3006 1713 3078 etinsuper
1730 3009 1814 3077 magi-

139 3100 240 3167 thicus,
269 3100 429 3167 Francicus,
447 3100 641 3167 Germanicus,
668 3101 791 3167 Lazicus,
813 3098 952 3167 hlanicus,
965 3141 992 3214 C
1004 3103 1154 3169 stratuum,
1164 3117 1195 3153 ac
1207 3099 1817 3167 senatorumetillnstrium,etcubiculario-

139 3192 323 3260 Vandalicas,
336 3193 494 3259 Africanus,
508 3193 581 3264 pius,
595 3193 672 3261 felix,
688 3194 838 3265 gloriosus,
854 3194 952 3262 victor,
1004 3210 1094 3248 ruma
1104 3193 1284 3264 praestatione
1295 3193 1472 3263 vestigalium
1485 3194 1582 3260 eximi,
1595 3194 1758 3266 harumque
1771 3196 1815 3249 de

140 3287 341 3358 triumphator,
369 3304 517 3358 nunquam
542 3304 599 3342 non
628 3288 764 3343 colendus
801 3291 952 3359 Augustus,
1004 3288 1100 3342 minos
1114 3287 1285 3359 peculiarem
1311 3287 1363 3341 sibi
1377 3287 1479 3341 exinde
1500 3287 1628 3341 reditum
1646 3305 1814 3360 comparare,

141 3381 271 3453 Longino
285 3381 421 3452 pralecto
432 3379 504 3435 urbi.
1005 3384 1033 3436 et
1040 3381 1179 3436 oblaedere
1188 3380 1629 3451 rempublicam,exemptionum
1638 3382 1814 3437 multitudine

176 3475 319 3540 Quoniam
330 3475 466 3546 potentiae
478 3478 593 3544 nostrae,
612 3474 719 3529 subditi
734 3474 834 3543 nostri,
846 3474 904 3529 sive
917 3474 955 3529 vi·
1004 3492 1068 3530 rem
1079 3475 1171 3546 ipsam
1180 3474 1470 3545 angustisadmodum
1478 3474 1610 3528 terminis
1621 3475 1815 3542 concludente,

140 3572 215 3637 vant,
231 3569 287 3623 sive
304 3569 476 3636 moriantur,
488 3585 562 3622 curas
576 3572 651 3637 sunt,
669 3586 704 3623 nc
715 3569 758 3622 vel
775 3585 874 3640 graves
888 3568 955 3640 ipsis
1007 3572 1036 3622 ut
1050 3567 1214 3640 paucissimi
1229 3567 1360 3634 existant,
1375 3567 1423 3638 qui
1434 3567 1547 3638 publica
1560 3572 1724 3639 agnoscant
1738 3575 1765 3623 et
1778 3585 1817 3622 su-

139 3663 302 3734 sepulturae,
319 3663 362 3716 vel
375 3661 502 3726 defuncti
517 3662 646 3734 cognatis
660 3663 807 3717 damnosas
823 3661 953 3728 existant,
1005 3662 1131 3716 stineant
1143 3661 1251 3728 munia,
1264 3664 1293 3714 et
1306 3661 1416 3732 priores
1430 3648 1659 3716 contributiones
1672 3662 1817 3734 aliquoties

140 3760 295 3827 propterca
318 3760 347 3809 et
364 3755 422 3809 haec
444 3772 508 3826 quae
524 3772 623 3811 eorum
647 3755 825 3826 sepulturam
843 3771 956 3810 conccr-
1006 3755 1035 3810 in
1051 3755 1136 3826 triple
1153 3761 1182 3809 et
1196 3754 1367 3826 quadruplo,
1382 3755 1436 3809 hoe
1449 3760 1581 3825 tempere
1594 3756 1686 3810 etiam
1703 3755 1816 3826 decuplo

142 3852 223 3914 nunt,
233 3865 289 3918 qno
305 3849 542 3916 convenitmodo,
554 3849 757 3920 disposuimus.
772 3850 806 3903 Et
821 3849 955 3920 quietam
1007 3849 1130 3919 majores
1144 3848 1225 3902 factae
1236 3848 1308 3903 sint:
1327 3864 1493 3919 quanquam
1506 3847 1588 3902 divus
1602 3850 1738 3921 princeps
1749 3855 1816 3906 Aua·

143 3941 214 3994 divae
232 3941 382 3995 memoriae
395 3942 598 3996 Constantinus
617 3942 720 4013 ampla
747 3943 831 4013 hujus
850 3946 956 3997 nostroe
1007 3943 1107 3998 stasius
1122 3942 1151 3996 in
1168 3945 1274 3996 statuta
1289 3942 1396 4018 abipso
1412 3942 1536 3996 formula
1552 3943 1625 3996 nulli
1639 3945 1758 3998 omnino
1774 3944 1815 3997 alii

142 4033 219 4089 urbis
240 4033 372 4089 conditor
393 4051 479 4105 quam
502 4035 590 4089 etiam
607 4034 800 4106 pientissimus
825 4035 957 4107 princeps
1006 4036 1221 4092 immunitatem
1232 4036 1379 4100 concedat,
1395 4038 1498 4106 praeter
1513 4039 1634 4091 centum
1649 4042 1679 4091 et
1690 4037 1765 4091 mille
1779 4039 1817 4091 oi·

142 4127 302 4183 Anastasius
317 4129 524 4183 lecticariorum
538 4146 586 4182 scu
604 4128 777 4183 decanorum
792 4129 832 4198 (ut
847 4129 956 4200 vocant)
1007 4130 1115 4197 ticinas,
1129 4146 1193 4201 quae
1211 4146 1264 4201 per
1281 4145 1396 4184 causam
1419 4129 1622 4200 exsequiarum
1642 4136 1818 4186 sacrosancta

142 4238 293 4277 numerum
314 4222 349 4277 ad
371 4225 476 4276 certam
502 4239 665 4278 mensuram
678 4223 861 4294 redegerunt,
878 4222 956 4277 mille
1007 4223 1111 4294 majori
1126 4223 1251 4278 ecclesiae
1267 4222 1409 4277 attributae
1430 4225 1505 4276 sunt.
1524 4223 1565 4277 Ea
1585 4231 1708 4295 propter
1727 4229 1755 4279 et
1774 4243 1819 4278 nes

142 4322 171 4371 et
180 4321 295 4371 centum
306 4317 504 4371 tantummodo
517 4316 633 4372 decanis
647 4316 824 4387 totidemque
838 4315 957 4370 officinis
1008 4317 1181 4389 putavimus,
1195 4320 1255 4370 turn
1268 4316 1433 4387 proceribus
1441 4315 1545 4370 nostris
1556 4321 1585 4370 et
1596 4316 1819 4389 insuperbeatis-

143 4409 276 4479 delinitis,
293 4414 323 4464 ut
333 4411 411 4466 nullo
421 4411 466 4464 hae
479 4427 609 4482 unquam
625 4413 754 4482 tempore
769 4415 958 4481 augmentum
1008 4412 1081 4466 simo
1093 4410 1266 4482 hnjusalmse
1275 4409 1575 4481 urbisarchiepisoopo
1589 4409 1621 4464 id
1634 4412 1745 4482 negotii
1758 4411 1818 4466 dan·

143 4504 319 4575 reciperent;
343 4509 496 4576 propterea
519 4522 586 4558 sane
611 4504 759 4576 cupientes
777 4506 808 4558 ut
824 4510 999 4582 nnmerusl)
1010 4506 1089 4572 dum,
1102 4509 1134 4559 ut
1142 4508 1219 4558 certo
1232 4505 1295 4559 loco
1304 4503 1492 4559 convenirent
1505 4506 1534 4557 et
1546 4520 1611 4557 rem
1621 4504 1716 4576 ipsam
1724 4505 1820 4560 exami-

143 4613 242 4652 eorum
263 4613 334 4667 quos
354 4614 389 4652 ex
411 4614 585 4669 unoquoque
605 4597 723 4669 collegio
743 4597 875 4653 convenit
897 4613 957 4652 esse
1009 4603 1122 4666 narent,
1139 4602 1224 4670 atque
1241 4597 1343 4670 placita
1358 4598 1394 4652 ad
1410 4614 1463 4652 nos
1476 4614 1526 4652 sua
1542 4598 1702 4669 referrent,
1717 4603 1776 4654 tuni
1790 4599 1821 4652 ad

142 4689 311 4759 lecticarios,
328 4690 399 4745 dirce
413 4691 560 4746 memoriae
570 4691 707 4746 hnashsii
721 4691 851 4746 formulae
865 4690 957 4762 subja·
1010 4692 1204 4748 excellentiam
1220 4697 1300 4746 tuam
1323 4691 1457 4763 praesenti
1481 4690 1625 4746 utendum
1642 4693 1717 4764 lege,
1732 4694 1822 4749 contir-

143 4789 215 4852 eeat,
227 4784 309 4839 firma
325 4801 360 4839 ca
374 4788 403 4838 et
413 4785 468 4840 fixa
482 4802 599 4840 manere
613 4785 763 4840 voluimus.

178 4883 319 4938 Caeterum
331 4883 399 4955 quia
410 4884 549 4938 adeuntes
566 4900 617 4938 nos
633 4884 717 4938 almae
731 4884 815 4954 hujus
830 4888 858 4938 et
872 4884 958 4955 regiae

144 4981 248 5031 nostrae
265 4978 342 5031 urbis
360 4977 512 5049 collegiati,
534 4994 657 5049 quorum
673 4978 844 5032 excellenter
858 4981 886 5031 ct
900 4994 958 5048 prae

144 5071 253 5124 crateris
267 5087 364 5125 curam
374 5071 508 5142 gerimus,
523 5071 683 5142 potentiam
698 5073 825 5126 nestram
839 5070 959 5125 edocue-

144 5167 221 5231 runt,
239 5180 374 5235 magnam
386 5168 415 5218 et
430 5165 640 5220 intolerandam
650 5182 680 5219 sc
696 5165 897 5220 necessitatem
911 5181 958 5219 su-

145 5257 260 5313 stinerc.
284 5258 497 5314 sacrosanctam
518 5259 628 5314 etenim
644 5258 785 5330 majorem
809 5258 958 5313 ecclesiam

143 5355 259 5405 centum
274 5355 302 5406 ct
317 5353 394 5408 mille
409 5354 538 5409 cilicinas
551 5353 580 5408 in
596 5354 689 5410 fructu
704 5353 811 5408 habero
826 5353 861 5407 ab
880 5352 958 5407 omni

142 5444 272 5517 vectigali
301 5445 415 5514 liberas,
438 5464 508 5519 quas
536 5449 641 5520 oppido
666 5465 753 5522 quam
775 5447 898 5502 libenter
916 5446 959 5501 illi

143 5539 311 5608 concedant,
336 5557 370 5595 eo
391 5541 470 5613 quod
491 5542 527 5596 ad
550 5543 728 5614 peragendas
750 5542 780 5596 in
804 5557 958 5619 commune

143 5633 275 5688 omnium
285 5635 436 5690 hominum
446 5636 595 5707 exsequias
609 5636 777 5707 proficiant,
790 5635 838 5691 sed
854 5632 959 5691 coetera

133 5739 166 5776 sc
180 5741 270 5783 onera
280 5727 358 5785 ferre
372 5745 429 5786 non
437 5745 533 5804 posse.
546 5729 618 5786 Nam
629 5744 694 5784 cum
703 5728 835 5800 plurime
844 5729 873 5785 in
882 5730 958 5785 alma

118 5811 177 5869 hac
188 5820 260 5877 urbe
271 5821 611 5893 diversarrrmmereium
622 5826 651 5884 et
660 5823 962 5901 negotiationumoth-

1009 4791 1122 4841 mantes
1132 4803 1165 4839 ea
1178 4801 1241 4857 quas
1251 4784 1399 4839 Anastasio
1414 4784 1595 4855 pientissimo
1604 4785 1636 4840 tu
1647 4787 1701 4841 hoc
1709 4785 1821 4858 principi

1009 4882 1186 4952 placuerunt.
1202 4881 1234 4933 Et
1249 4878 1391 4933 sancimus
1405 4883 1436 4932 nt
1449 4881 1565 4933 centum
1578 4877 1701 4950 quidem
1724 4880 1777 4934 itte
1796 4883 1820 4932 et

1009 4974 1085 5028 inille
1101 4972 1222 5027 olhciruc
1232 4975 1417 5027 sacrosanctae
1429 4970 1529 5042 majori
1542 4973 1672 5027 ecclesiae
1680 4975 1817 5028 occasione

1009 5068 1185 5122 decanorum
1193 5065 1250 5120 sire
1258 5064 1477 5131 lecticariorum,
1493 5068 1522 5117 et
1535 5064 1573 5118 ad
1588 5066 1769 5137 peragendas
1780 5065 1820 5117 de

1008 5163 1171 5217 functorum
1182 5158 1331 5230 exsequias
1337 5158 1490 5229 deputatae,
1503 5158 1640 5212 omnibus
1650 5160 1745 5215 modis
1755 5159 1818 5213 intc-

1009 5272 1061 5327 gro
1075 5270 1197 5309 numero
1213 5255 1242 5306 et
1257 5251 1334 5306 omni
1349 5250 1532 5322 praestatione
1546 5250 1645 5306 libcrae
1660 5268 1820 5306 conserven-

1009 5353 1055 5403 tur
1070 5367 1075 5403 :
1092 5349 1197 5420 praeter
1211 5345 1301 5416 ipsam
1317 5345 1395 5400 nulla
1409 5344 1598 5416 aliaquennte
1614 5345 1760 5401 decanum
1773 5344 1820 5399 exi-

1009 5459 1087 5516 gere,
1104 5442 1160 5496 sivc
1174 5457 1208 5494 ex
1219 5440 1359 5494 haereticis
1376 5443 1500 5511 recepta,
1515 5438 1574 5493 sive
1591 5456 1767 5512 quacunque
1785 5454 1820 5492 sa·

1008 5541 1156 5592 cresancta
1169 5534 1297 5589 ecclesia.
1310 5533 1366 5588 Sed
1379 5532 1456 5606 quod
1464 5549 1558 5604 nuper
1567 5533 1774 5590 constituimus
1782 5550 1821 5586 ra·

1008 5633 1074 5698 leat,
1085 5635 1113 5684 ct
1123 5628 1274 5701 octogintae
1285 5627 1403 5700 quidem
1411 5627 1533 5682 officiare
1544 5643 1671 5700 corpora
1680 5630 1819 5701 prestent,

1007 5726 1142 5781 trecenta
1151 5728 1246 5778 autem
1256 5721 1286 5776 iu
1296 5720 1443 5777 exactione
1453 5719 1646 5793 pecuniarum
1660 5723 1820 5779 consistant.

1007 5817 1168 5890 bamquod
1177 5815 1278 5873 exinde
1287 5815 1456 5882 corraditur,
1471 5813 1507 5870 ad
1522 5813 1594 5888 quid
1603 5814 1748 5889 proficere
1759 5830 1820 5872 ceu·
