3884 6150
129 278 163 348 tt
448 348 451 353 ,
580 304 725 364 suvevos
742 306 930 377 nummus,
951 307 1154 366 aamsvmsvs
1172 304 1359 366 nevscoros
1773 300 1808 358 aa

128 397 260 473 Wlfflin
276 400 406 480 eratque
419 409 584 482 preadictum
604 428 709 484 equum
721 415 868 472 duodecim
889 421 1080 503 au-Aretur,
1102 416 1246 490 ingressus
1267 415 1298 471 in
1320 411 1476 470 oratorium
1497 408 1593 468 statim
1611 407 1726 467 mulieri
1737 408 1809 465 alter

128 492 195 551 reis.
208 495 269 561 Quo
282 505 378 572 empto
387 503 546 576 negotiator
554 504 667 561 adducit
675 507 711 562 ad
720 507 873 568 stabulum.
889 511 942 568 Sed
991 510 1089 566 oculus
1100 509 1237 583 aperitur,
1251 513 1280 565 et
1291 511 1443 582 praestante
1452 503 1571 563 Domino
1586 502 1708 579 gemello
1720 519 1750 560 se
1762 503 1807 559 vi·

65 628 70 646 .
128 589 263 660 quoniam
283 592 377 650 minus
396 595 510 652 dederat
528 614 614 670 quam
633 599 677 655 vir
688 601 737 657 Dei
755 609 940 678 preceperat,
991 603 1056 659 dere
1069 603 1177 659 lumine
1188 602 1358 676 gratvrlatur.

128 695 219 754 equus
233 685 285 741 sub
297 692 378 743 nocte
391 688 520 753 moritur,
536 707 572 746 ne
587 692 681 750 Sancti
696 696 814 752 verbum
826 697 880 754 iret
895 698 940 755 in-
1025 697 1112 752 llllVl.
1127 691 1575 769 llognotledisidl.,itannotlidis]
1585 691 1754 765 puellarum
1767 693 1809 746 ta·

128 788 248 832 cassum
263 779 341 834 Unde
355 781 484 852 sequenti
503 783 548 839 die
561 785 691 843 sellarem
704 788 739 845 de
752 791 863 847 stabulo
874 792 941 865 jun·
990 788 1064 845 libus
1078 789 1195 862 decepta
1202 788 1370 865 illuderetur
1380 787 1499 858 insidiis,
1510 791 1543 842 ut
1555 785 1665 859 quoties
1676 786 1713 840 ad
1722 784 1810 842 eccle·

128 867 181 923 ctis
194 869 283 926 bobus
296 872 452 929 extinctum
472 877 589 934 retraxit
606 885 718 953 emptor
733 888 880 941 mortuum
892 902 940 942 ve·
990 883 1061 939 uam
1069 883 1202 938 voluisset
1215 882 1357 950 accedere,
1372 897 1498 952 gressum
1512 877 1603 935 iacere
1618 895 1677 935 non
1692 877 1808 945 valeret,

128 959 264 1030 hiurlum,
279 964 328 1035 qui
342 982 422 1022 versa
435 967 495 1026 rice
507 971 628 1045 capistro
641 990 698 1031 non
711 977 812 1049 capite,
827 979 875 1036 sed
889 996 940 1053 pe·
991 992 1070 1032 servo
1081 975 1130 1031 liei
1144 975 1175 1030 in
1186 975 1252 1031 villa
1261 975 1362 1032 Savara
1369 974 1404 1045 (b)
1412 977 1582 1047 praesentata
1594 977 1646 1029 est.
1654 971 1809 1029 Confestim

127 1052 209 1109 dibus
221 1055 352 1129 alligatus
366 1061 506 1120 educitur.
990 1073 1023 1126 nt
1032 1069 1124 1126 Sancti
1136 1085 1238 1124 manus
1252 1084 1338 1141 super
1346 1071 1431 1140 caput
1443 1067 1546 1140 puellos
1558 1066 1707 1123 titubantis
1719 1067 1810 1139 impo-

162 1146 251 1205 linll.
266 1151 313 1207 Est
327 1169 421 1225 operoe
433 1157 558 1228 pretium
576 1160 647 1217 illud
660 1165 807 1220 memoriae
819 1167 940 1236 tradere,
990 1161 1078 1232 nitur,
1091 1162 1140 1217 tali
1152 1161 1366 1234 investigatione
1376 1161 1501 1217 occultus
1514 1160 1616 1232 hospes
1627 1157 1695 1234 [aa.
1706 1159 1807 1234 bostis]

127 1241 250 1312 qualiter
261 1244 395 1303 Sacerdos
408 1248 511 1306 Christi
523 1253 621 1310 solitus
631 1260 692 1312 erat
701 1257 735 1314 de
747 1257 818 1332 ipsis
828 1276 942 1332 quoque
992 1254 1144 1328 detegitur,
1157 1259 1185 1311 et
1199 1271 1228 1311 se
1238 1255 1287 1310 diu
1299 1254 1414 1310 latuisse
1424 1254 1513 1310 multo
1527 1253 1636 1326 gemitu
1645 1253 1808 1310 confitetur.

126 1333 436 1412 regibustrinmpbare.
449 1342 539 1415 lgitur
548 1363 613 1402 cum
624 1349 744 1420 glorioso
751 1351 872 1408 Clotario
880 1353 943 1425 regi
991 1364 1043 1404 nec
1055 1348 1084 1404 in
1097 1347 1174 1404 Beati
1187 1347 1338 1421 prasentia
1354 1347 1457 1403 clamat
1473 1345 1588 1420 proprio
1609 1362 1638 1402 se
1657 1363 1740 1419 posse
1761 1365 1807 1403 ce-

126 1429 292 1486 occurrisset
306 1447 339 1487 ex
353 1434 444 1505 solito,
461 1453 513 1493 nec
525 1444 620 1496 tamen
632 1441 667 1498 de
676 1449 772 1500 sancto
781 1444 845 1500 Viro
852 1449 942 1502 stante
991 1442 1049 1498 lare
1067 1441 1222 1514 praestigio.
1237 1442 1311 1514 Ergo
1325 1440 1364 1497 ita
1376 1457 1405 1496 se
1419 1440 1563 1514 proditum
1578 1443 1607 1496 et
1624 1455 1810 1513 egressurum

127 1525 192 1577 ante
207 1523 341 1593 palatium
358 1527 384 1583 ei
400 1530 487 1587 fucrit
504 1534 677 1605 nuntiatum,
695 1553 776 1593 mora
792 1539 863 1594 lacta
876 1545 943 1596 ante
993 1534 1071 1608 gravi
1088 1534 1188 1590 ardore
1206 1534 1399 1607 conqueritur.
1418 1533 1535 1590 interim
1553 1549 1612 1589 non
1624 1538 1749 1591 cessante
1763 1552 1809 1590 aa·

126 1614 296 1672 vestibulum
310 1635 367 1675 non
382 1629 601 1694 repraesentatus
614 1627 680 1685 inde
699 1630 816 1687 domum
828 1633 944 1688 reverti-
991 1628 1104 1684 cerdote
1115 1644 1203 1683 manu
1215 1627 1306 1683 crucis
1326 1626 1440 1700 signum
1454 1626 1617 1700 depingere,
1633 1628 1809 1700 expectanti·

127 1709 184 1761 tur.
198 1707 323 1781 Sequens
336 1730 393 1769 nox
407 1716 438 1771 in
451 1719 572 1774 oratorio
580 1721 684 1793 vigiliis
697 1722 819 1795 ducitur,
832 1741 881 1780 rex
895 1725 944 1780 do-
991 1721 1045 1776 bus
1058 1721 1190 1777 omnibus
1203 1721 1232 1777 in
1250 1737 1356 1776 muscae
1376 1719 1594 1776 similitudinem
1607 1736 1809 1794 prorumpens,

126 1798 186 1856 lore
205 1806 290 1874 atspre
310 1806 397 1863 febris
416 1809 594 1870 infestatione
613 1818 771 1888 torquetur.
787 1819 836 1874 Vix
849 1819 942 1891 primo
952 1804 980 1877 Β
991 1831 1056 1870 eum
1069 1814 1207 1887 sanguine
1222 1814 1257 1870 de
1271 1813 1386 1869 11111111111
1395 1812 1523 1869 111111111ἰὸ
1534 1813 1665 1870 1111111111
1678 1831 1811 1888 18111111

126 1892 249 1950 diluculo
263 1898 298 1953 ad
312 1899 429 1957 domum
442 1904 596 1962 ccclesiae
612 1910 776 1980 proceribus
792 1927 942 1969 concursa-
993 1911 1044 1963 θεῖ·
1063 1908 1153 1973 Quem
1166 1907 1277 1963 sanitati
1290 1907 1460 1978 11θῦ1111111,
1479 1906 1638 1962 1101111111
1653 1913 1730 1964 11111
1742 1925 1810 1965 11111·

126 1989 191 2056 tur;
208 2006 291 2060 poena
305 1994 380 2066 regis
398 1998 559 2071 exponitur,
573 2006 605 2057 ut
623 2018 674 2057 sua
690 2003 849 2061 visitatione
867 2008 944 2080 regis
992 2004 1090 2071 totam,
1109 2001 1157 2056 Dei
1178 2000 1291 2056 servitio
1312 2000 1445 2056 traditam
1467 2000 1511 2055 bis
1536 2000 1714 2073 triumphare
1730 2002 1808 2072 iecit,

127 2078 231 2136 doloris
243 2083 300 2140 vim
310 2087 424 2161 mitiget
434 2092 785 2167 optimatesdeprecantur.
793 2099 854 2155 llox
867 2101 944 2172 apud
993 2094 1072 2150 hoste
1085 2093 1213 2150 11110111
1226 2094 1339 2149 11111111·

127 2171 262 2244 pietatem
282 2178 394 2251 injurias
419 2200 503 2239 causa
523 2188 712 2260 postponitur,
731 2191 780 2262 qui
801 2196 866 2248 ante
891 2209 944 2249 ncc
1028 2188 1124 2243 XXVH·
1139 2186 1211 2253 Quid
1229 2187 1299 2242 111111
1317 2187 1393 2260 (111111
1417 2185 1479 2242 11111
1504 2187 1708 2243 1111111111ῑῖ
1726 2188 1807 2244 debi-

126 2267 320 2341 nuntiabatur,
335 2273 422 2331 intrat
435 2277 589 2335 bonoratus
601 2285 630 2337 et
643 2288 775 2340 exoratus
794 2286 942 2357 palatium.
992 2279 1049 2336 lem
1066 2281 1231 2336 dexteram?
1245 2280 1315 2336 Cum
1335 2279 1371 2335 ad
1390 2279 1570 2335 festivitatem
1589 2280 1677 2337 sancti
1697 2282 1811 2337 ldartini

128 2359 187 2416 Rex
195 2361 241 2417 vix
254 2366 376 2438 assurgit
384 2368 419 2424 de
431 2369 544 2441 lectulo,
556 2389 661 2430 caesum
676 2393 706 2432 se
718 2377 814 2433 divino
830 2379 943 2452 flagello
992 2373 1111 2429 Turonis
1124 2373 1295 2444 accessisset,
1310 2388 1423 2446 egresso
1436 2373 1470 2429 de
1490 2373 1661 2429 monasterio
1677 2374 1761 2431 offert
1780 2391 1811 2431 se

127 2456 320 2526 conqueritur.
334 2460 469 2519 allambit
487 2456 576 2522 sancti
594 2469 751 2542 palliolum,
766 2476 874 2528 vestem
893 2474 941 2530 Sa-
992 2467 1096 2522 mulier
1114 2466 1243 2534 barbara,
1262 2483 1351 2522 mann
1370 2466 1464 2522 nervis
1484 2470 1637 2537 contracta,
1661 2469 1810 2540 postulans

127 2547 247 2603 cerdotis
264 2550 377 2608 deducit
390 2571 442 2626 per
455 2556 516 2612 loca
537 2559 649 2617 doloris.
664 2562 782 2635 Culpam
800 2565 944 2622 confessus
993 2560 1171 2615 medicinam·
1190 2560 1280 2625 0111111
1300 2559 1352 2614 11111
1374 2560 1468 2614 1111111
1487 2561 1639 2632 1111111111,
1655 2576 1706 2615 1111
1725 2567 1810 2634 1111111

127 2638 253 2697 criminis
265 2659 331 2699 mox
346 2646 425 2703 dolor
434 2651 526 2705 omnis
534 2653 766 2728 frigatur2idqae
780 2663 874 2714 actum
889 2665 941 2729 est,
992 2650 1626 2725 1111111111111111911111111111111101111111111
1649 2669 1809 2711 commace-

127 2736 159 2787 ut
170 2734 251 2807 cujus
264 2735 421 2796 incurrerat
435 2742 469 2797 de
483 2749 646 2818 contemptu
667 2748 838 2821 periculum,
854 2752 941 2808 genti.
992 2749 1046 2801 rat.
1060 2745 1129 2801 ilinc
1147 2745 1298 2801 resudante
1317 2745 1432 2801 dextera
1449 2745 1552 2818 digitos
1569 2745 1659 2803 tendit
1672 2752 1701 2803 et
1719 2747 1809 2820 repli-

127 2828 172 2880 ret
184 2831 260 2883 tactu
275 2832 445 2889 remedium.
992 2844 1046 2910 cat,
1062 2843 1206 2912 torporem
1223 2842 1380 2894 veteratum
1395 2839 1431 2893 ad
1450 2839 1628 2895 vivacitatem
1647 2841 1809 2898 resuscitat.

163 2919 248 2976 ltXlV.
271 2923 301 2977 ln
321 2940 395 2997 pago
414 2927 551 2984 Parisiaco
569 2930 633 2986 Vico
651 2933 727 2988 Novo
747 2934 845 3006 (lassa,
866 2953 941 2994 num.
993 2934 1026 2988 lit
1039 2930 1368 3005 priusquamveniretad
1379 2932 1454 2987 beati
1463 2932 1699 3005 llartinijanuam
1713 2933 1811 3007 digitis

128 3009 172 3080 40)
192 3029 238 3068 111
260 3019 337 3086 81511
359 3021 411 3072 est·
429 3019 548 3084 Quidam
569 3022 599 3078 in
623 3024 722 3081 eodem
746 3028 807 3083 loco
833 3029 943 3102 impetu
993 3025 1051 3081 suis
1069 3030 1213 3082 extensam
1227 3025 1350 3082 reddidit
1361 3026 1533 3081 incolumem
1549 3025 1704 3083 dexteram.
1717 3027 1810 3093 Quam

127 3103 189 3176 lupi
207 3105 297 3161 rabidi
313 3107 452 3166 laceratus
469 3118 497 3168 et
509 3120 589 3170 extra
600 3133 715 3174 sensum
729 3120 845 3178 eftectus
859 3123 943 3180 beato
992 3136 1058 3175 mox
1071 3120 1194 3176 sentiens
1206 3135 1267 3176 esse
1279 3119 1427 3189 directam,
1440 3120 1590 3176 mulierem
1603 3137 1620 3175 a
1632 3137 1661 3176 se
1677 3121 1811 3195 repulsus

128 3195 269 3254 Sacerdoti
281 3201 451 3260 miseranter
459 3207 570 3264 oblatus
582 3215 634 3266 est.
648 3212 698 3268 Hic
711 3214 748 3269 ad
761 3214 809 3270 illa
823 3233 882 3271 suae
894 3234 940 3272 ar·
952 3173 979 3248 C
992 3217 1034 3269 est
1048 3213 1110 3286 [Pro
1123 3212 1250 3287 repulitl,
1266 3213 1410 3286 ingressus
1425 3213 1578 3269 basilicam.

127 3288 163 3344 tis
183 3307 332 3349 recurrens
350 3297 494 3371 sutfragia,
513 3318 580 3357 mox
596 3303 711 3360 brachio
727 3307 782 3363 olei
801 3309 942 3366 benedicti
1027 3307 1139 3362 XXthl.
1161 3306 1267 3363 Deinde
1286 3305 1449 3379 egrediente
1467 3306 1503 3363 de
1525 3305 1660 3379 praedicta
1683 3306 1809 3377 basilica,

126 3380 236 3455 liquore
255 3386 412 3446 circumlito
430 3397 458 3448 et
471 3394 557 3449 sacris
569 3412 602 3451 eo
621 3397 718 3470 digitis
738 3401 943 3459 medicabiliter
992 3416 1058 3454 oum
1077 3416 1107 3455 se
1127 3398 1161 3454 ad
1180 3399 1357 3454 mansionem
1376 3415 1473 3454 servus
1491 3400 1540 3455 Dei
1558 3399 1706 3471 reciperet,
1726 3399 1812 3456 offert

125 3479 271 3535 attrectato
296 3483 381 3554 pestis
400 3484 448 3540 illa
468 3504 533 3560 quae
552 3489 658 3546 viscera
680 3493 776 3549 dolore
797 3500 942 3567 grassante
992 3507 1022 3547 se
1030 3509 1131 3547 manca
1142 3493 1231 3548 altera
1242 3492 1337 3564 palma
1348 3492 1444 3565 digitis
1456 3491 1550 3563 aiiixa,
1565 3509 1630 3565 quae
1643 3493 1723 3564 prius
1737 3496 1815 3549 tacta

124 3577 295 3645 pervaserat,
310 3575 370 3632 loca
382 3577 457 3651 sugit
465 3580 586 3650 obsessa,
599 3584 693 3657 etjam
706 3588 857 3660 putredine
869 3606 943 3645 reso
991 3586 1026 3642 de
1048 3586 1143 3654 saliva,
1167 3584 1271 3641 dehinc
1297 3585 1359 3641 oleo
1377 3589 1525 3656 peruncta,
1550 3584 1678 3658 pristinoe
1698 3586 1814 3642 sanitati

125 3662 194 3733 luta,
207 3662 304 3738 vigor'e
317 3669 436 3740 pristino
449 3675 589 3745 restituto,
601 3677 661 3734 sine
674 3683 851 3738 cunctatione
864 3684 942 3740 velut
991 3681 1026 3736 de
1040 3679 1174 3753 praesenti
1186 3683 1228 3735 est
1239 3678 1358 3734 reddita.
1374 3678 1444 3733 Nam
1459 3695 1556 3734 causas
1568 3678 1740 3734 infirmitatis
1751 3679 1807 3735 hoc

125 3763 288 3828 experrecto
302 3760 336 3816 de
350 3779 450 3836 sopore
464 3766 544 3823 dolor
555 3770 677 3838 recessit,
693 3789 774 3828 mens
787 3774 880 3831 rediit.
991 3776 1052 3828 erat
1064 3777 1160 3828 sancto
1175 3772 1239 3827 Viro
1251 3787 1351 3828 curare
1363 3772 1439 3844 quod
1453 3776 1582 3844 tangere.

160 3851 235 3908 XXV.
250 3853 319 3908 ltem
337 3855 371 3910 de
386 3857 451 3913 Vico
463 3860 583 3916 Mantola
596 3863 632 3935 (a)
646 3865 777 3921 Waldulti
793 3868 941 3939 cujusdam
1026 3866 1109 3921 lllllll.
1134 3866 1200 3920 Emt
1226 3881 1292 3921 sane
1313 3864 1453 3936 mirabile,
1483 3865 1592 3938 quoties
1616 3866 1738 3923 famulus
1763 3868 1815 3924 Dei

125 3945 238 4014 ancilla,
249 3962 324 4002 anno
337 3952 366 4004 et
379 3966 481 4008 novem
493 3955 638 4012 mensibus
651 3958 729 4030 gravi
742 3960 866 4016 crecitate
880 3979 942 4034 per·
991 3959 1027 4013 ad
1040 3958 1279 4030 Augustodunum
1291 3958 1424 4013 voluisset
1437 3959 1579 4030 accedere,
1593 3977 1660 4016 mox
1680 3960 1716 4016 ad
1736 3961 1809 4017 San-

125 4054 216 4111 cussa,
230 4057 282 4112 per
294 4058 424 4114 soporem
437 4047 582 4104 admonita
595 4055 628 4106 ut
647 4050 789 4108 fimbriam
806 4054 899 4111 Sancti
917 4055 942 4111 si
991 4055 1069 4108 ctum
1075 4051 1314 4124 symphorianum
1322 4052 1465 4108 doemones
1473 4052 1652 4110 nuntiabant.
1664 4055 1697 4110 Et
1710 4071 1813 4110 occur·

125 4136 265 4206 tangeret,
279 4137 795 4218 moxvisumreciperet,diequadam
805 4148 942 4205 sacerdoti
991 4150 1086 4201 rentes
1106 4160 1159 4218 per
1178 4144 1337 4201 llurvinum
1359 4145 1450 4216 (Num.
1473 4147 1528 4217 32),
1551 4146 1619 4202 fletu
1645 4147 1813 4220 gemituque

124 4228 261 4300 occurrit;
276 4230 326 4285 sed
340 4232 429 4288 multa
448 4239 529 4291 nocte
551 4236 723 4294 circumdata
735 4239 775 4295 ita
787 4242 942 4298 constrictis
991 4238 1171 4294 clamabant:
1186 4239 1236 4293 Vir
1249 4241 1354 4308 sancte,
1368 4238 1392 4293 si
1412 4238 1448 4295 de
1465 4238 1534 4295 locis
1547 4240 1629 4296 crdtis
1641 4256 1693 4295 nos
1707 4240 1809 4296 incon·

123 4319 289 4392 luminibus,
305 4327 336 4380 ut
348 4326 424 4382 unde
437 4328 531 4384 oleum
545 4330 726 4388 benedictum
742 4332 879 4406 injiceret,
895 4336 940 4391 lu·
991 4331 1149 4389 sideranter
1167 4331 1283 4405 repellis
1303 4332 1346 4388 vel
1363 4331 1501 4403 babitare,
1527 4333 1648 4389 concede
1675 4333 1812 4391 silvarum

122 4414 348 4488 minisjadditum
358 4436 415 4475 non
427 4427 584 4495 prestaret.
594 4425 698 4482 'lamen
708 4428 839 4498 peruncti
848 4429 942 4502 palpe·
991 4443 1044 4498 per
1051 4425 1242 4495 solitudinem,
1253 4429 1286 4480 ut
1293 4424 1375 4482 liceat
1387 4424 1497 4481 miseris
1513 4442 1565 4499 per
1577 4426 1686 4483 deserta
1695 4441 1811 4483 securos

121 4505 180 4562 bris
192 4507 315 4581 desuper
328 4515 356 4567 et
372 4513 440 4569 locis
460 4516 577 4590 reliquis
596 4519 705 4591 capitis,
720 4520 846 4577 oratione
865 4522 938 4594 data,
949 4541 980 4616 D
992 4535 1097 4576 errare.
1118 4521 1191 4575 Ante
1213 4521 1277 4574 tuos
1296 4518 1392 4574 oculos
1410 4534 1463 4574 nec
1489 4535 1607 4592 corpora
1633 4536 1685 4576 nos
1707 4520 1809 4591 celant,

120 4615 194 4671 pane
207 4603 235 4656 et
249 4603 305 4658 sale
317 4603 438 4677 signato,
451 4610 564 4665 mulieri
573 4613 707 4686 praecepit
719 4614 940 4672 odmansionem
990 4628 1042 4668 nec
1054 4626 1181 4669 nemora.
1197 4610 1250 4677 Qui
1271 4611 1406 4668 deflentes
1425 4616 1454 4668 et
1471 4613 1565 4669 Sancti
1583 4629 1641 4668 non
1659 4613 1811 4670 tolerantes

122 4709 152 4749 se
166 4695 297 4752 condere.
315 4698 375 4769 lpse
387 4715 404 4753 a
416 4700 510 4772 primo
519 4719 619 4758 somno
630 4704 661 4759 in
673 4707 794 4763 oratorio
807 4709 938 4782 pervigil,
990 4706 1181 4781 praesentiam,
1197 4705 1311 4761 admota
1321 4706 1383 4778 ejus
1396 4706 1512 4761 dextera
1524 4706 1559 4762 de
1574 4706 1693 4762 obsessis
1707 4722 1809 4780 corpo·

122 4785 196 4842 circa
221 4788 349 4845 medium
367 4792 457 4848 noctis
481 4793 585 4849 mulier
608 4795 710 4853 clamat
741 4798 881 4872 hospitem
912 4819 941 4859 se
990 4799 1069 4855 ribus
1083 4798 1189 4871 passim
1203 4799 1387 4854 vertebantur
1398 4799 1431 4855 in
1442 4799 1551 4872 fugam,
1565 4805 1594 4855 et
1606 4800 1641 4855 de
1654 4800 1743 4856 salute
1756 4816 1810 4872 po·

121 4878 279 4952 lacrymare
297 4884 422 4957 profuse.
445 4887 517 4942 Tum
538 4903 655 4945 accenso
677 4889 787 4947 lumine
812 4892 848 4948 ab
872 4910 939 4951 ocu·
991 4891 1049 4967 puli
1061 4891 1186 4964 projecta
1199 4891 1340 4948 doemonia
1352 4892 1572 4948 lamentabatur.

123 4969 217 5029 lorum
229 4992 366 5050 compage
376 4980 467 5036 ceruit
476 4996 592 5036 manare
601 4983 781 5055 sanguinem.
794 4986 863 5051 Qum
875 5003 940 5043 cum
1026 4986 1098 5042 llllll.
1112 4986 1287 5042 Producatur
1298 4985 1329 5040 in
1340 4985 1467 5041 medium
1484 4986 1579 5042 nobile
1598 4985 1667 5041 illud
1685 4986 1811 5041 miracu·

123 5067 222 5123 eodem
236 5085 336 5127 cruore
348 5087 432 5128 mane
443 5074 479 5129 ad
490 5074 624 5131 Sanctum
637 5076 731 5148 rediit,
742 5077 791 5133 sed
802 5078 861 5153 ipse
875 5096 941 5136 cum
990 5081 1060 5136 lum.
1076 5079 1146 5135 Cum
1157 5078 1356 5151 regrederetur
1369 5078 1497 5151 pontifex
1513 5079 1548 5135 de
1560 5083 1656 5136 sancto
1672 5079 1812 5151 Sympho

122 5175 199 5231 aqua
211 5160 361 5234 palpebras
373 5165 470 5222 lovens
487 5174 515 5223 et
533 5168 659 5240 abluens,
673 5169 847 5227 orationibus
859 5172 939 5227 addi-
991 5173 1080 5243 riano,
1106 5173 1217 5228 castello
1236 5171 1370 5228 avallone
1397 5171 1496 5244 (Supra
1514 5189 1590 5228 uum.
1608 5175 1632 5245 t)
1650 5172 1704 5227 iter
1723 5188 1813 5245 agens

122 5250 158 5307 tis
171 5254 269 5310 oculus
283 5272 358 5312 unus
370 5263 484 5332 apertus
497 5264 555 5332 est;
576 5261 678 5318 deinde
697 5262 784 5319 altero
804 5269 942 5337 peruncto
990 5264 1159 5339 ingreditur,
1167 5264 1336 5320 ubireorum
1343 5264 1495 5322 multitudo
1502 5265 1810 5338 tenebaturergastulo.

121 5345 227 5402 mulier
239 5348 356 5406 domum
370 5353 532 5410 revertitur.
548 5355 654 5410 Dehinc
666 5355 765 5412 eadem
776 5357 829 5413 sub
848 5362 939 5429 nocte,
991 5358 1060 5414 llinc
1085 5375 1102 5414 a
1125 5357 1234 5415 Nicasio
1252 5357 1354 5414 comite
1375 5357 1509 5415 invitatus
1528 5359 1564 5414 ad
1584 5358 1749 5433 prandium,
1763 5358 1813 5413 Vir

30 5484 33 5492 .
122 5439 317 5498 nimiumiuso
325 5445 474 5518 sanguine,
484 5448 729 5521 appropinquante
737 5449 792 5521 die,
800 5450 942 5507 Sacerdoti
991 5452 1040 5508 liei
1061 5452 1145 5524 coepit
1164 5452 1198 5508 de
1218 5451 1412 5507 misericordia
1431 5452 1537 5509 habere
1558 5452 1753 5524 colloquium:
1776 5454 1812 5507 ut

122 5549 151 5588 se
160 5531 272 5591 obtulit.
282 5535 334 5601 uui
344 5553 410 5593 cum
423 5539 458 5595 de
473 5540 547 5612 regis
559 5557 678 5598 occursu
685 5542 801 5628 domum
816 5548 941 5601 reverte·
992 5544 1064 5601 datis
1075 5544 1286 5616 fidejussoribus
1298 5544 1464 5603 laxarentur
1476 5544 1511 5601 de
1521 5545 1645 5615 vinculo,
1656 5549 1685 5602 et
1698 5549 1811 5617 partem

159 5672 196 5743 (a)
210 5676 252 5729 Αιι
267 5678 392 5732 castrum
411 5677 543 5735 ldedunta
564 5680 625 5738 aliis
647 5682 842 5754 appellatum?
862 5683 942 5740 Certe
1028 5683 1062 5754 (b)
1078 5683 1178 5739 Savara
1198 5682 1320 5754 (sturm),
1342 5681 1451 5738 duabus
1472 5682 1560 5738 leucis
1583 5683 1658 5740 inira
1681 5682 1813 5741 Parisios.

123 5744 307 5872 :leurlrlrlacfflum
321 5763 427 5804 nomen
437 5751 552 5821 Montes,
564 5751 630 5808 satis
639 5751 755 5809 accedit.
765 5753 835 5809 Vide
844 5770 941 5829 supra,
991 5770 1081 5828 prope
1094 5753 1239 5811 lleudonis
1253 5754 1401 5811 castellum
1414 5753 1559 5826 (Mondou).
