3884 6150
62 242 116 300 697
595 242 752 300 ΑΝΤΟΝΙΝΙ
772 243 970 300 amoenum
989 243 1218 302 ntrtaanntntt.
1691 256 1743 312 8116

60 350 198 405 virtutem
219 347 331 404 obtinet
349 349 552 422 principatum.
577 351 714 423 Superest
732 355 830 407 autem
851 355 881 406 ut
891 365 920 439 Α
930 352 989 421 stis,
1005 354 1095 408 Deum
1108 354 1241 426 precibus
1256 354 1407 424 adeamus3
1421 359 1454 411 ut
1468 374 1601 430 regnum,
1616 366 1645 415 et
1658 378 1739 433 gens,

63 444 242 498 unanimiter
260 460 350 498 unum
369 461 469 499 omnes
487 461 612 516 regnum
632 445 735 514 effecti,
752 449 811 501 tam
827 463 880 518 pro
930 463 995 518 quas
1008 446 1150 502 Christum
1170 448 1339 519 glorificavit
1361 450 1390 504 in
1409 453 1503 520 terris,
1518 454 1693 524 glorificetur
1707 458 1742 512 ab

63 537 218 592 stabilitate
234 539 316 608 regni
332 539 450 604 terrani,
461 557 548 611 quam
560 539 693 594 felicitate
706 540 788 611 regni
802 541 881 596 coele·
929 539 977 594 illo
994 558 1052 595 non
1068 542 1160 596 solum
1175 542 1204 595 in
1219 537 1312 611 terris,
1329 544 1379 598 sed
1396 544 1483 601 etiam
1498 547 1528 601 in
1544 549 1628 604 caelis.
1642 552 1742 605 Amen.

279 890 762 1011 AUCTORES
823 893 1200 1014 ructant
1261 898 1525 1019 ANNI.

339 1290 817 1515 intonuit
864 1281 1482 1519 titubabunt.

712 1791 871 1847 ANTONlNl
890 1790 1091 1848 PLACENTlNl

618 1923 1194 2036 ITINERARIUM.

737 2095 863 2157 (bolland.
878 2095 937 2147 utsii
949 2099 1013 2146 tom.
1028 2096 1070 2158 ll.)

756 2352 1052 2427 PROLOGUS.

96 2609 277 2665 'tornacense
290 2627 345 2666 ms.
360 2610 475 2667 titulum
491 2614 566 2667 hunc
582 2614 699 2684 pratert
714 2632 720 2669 ι
735 2618 772 2670 De
783 2617 846 2670 locis
856 2619 957 2672 sonatis
968 2616 1236 2688 quae'perombotoott
1245 2619 1336 2674 deutra
1350 2621 1504 2675 Antoninus
1516 2626 1630 2691 martyr.
1642 2623 1744 2678 aihtin-

57 2699 154 2754 thecae
170 2703 266 2754 autern
276 2700 418 2757 Vaticana
431 2702 524 2757 Codex
544 2703 595 2757 sub
609 2719 731 2758 numero
748 2707 810 2772 636,
822 2705 865 2759 cui
880 2705 977 2760 titulus
987 2705 1069 2761 Bedae
1083 2709 1112 2760 et
1123 2705 1256 2773 aliorum,
1267 2710 1434 2778 opusculum
1447 2709 1526 2764 idem
1538 2710 1577 2764 sio
1592 2711 1719 2766 inscribit
1733 2729 1739 2766 :

58 2789 168 2843 ltetotio
178 2792 256 2845 Beati
266 2792 398 2846 Antonini
410 2795 551 2862 martyris.
567 2796 602 2848 lte
614 2794 672 2856 boc,
689 2793 782 2865 inquit
797 2795 881 2849 Pater
895 2795 995 2850 Daniel
1012 2795 1157 2866 aVirgine
1179 2797 1265 2850 llaria
1280 2797 1310 2851 in
1328 2800 1414 2853 Vinea
1427 2800 1545 2857 Carmeli
1560 2816 1640 2852 num.
1662 2803 1739 2867 1331,

57 2877 188 2934 Nolanus
199 2878 227 2932 in
238 2880 438 2952 Martyrologio
449 2882 485 2937 ad
496 2881 574 2944 diem
586 2885 618 2937 13
628 2883 805 2954 Novembris,
816 2885 960 2940 Placentia·
972 2885 1107 2941 llooelotio
1121 2889 1209 2940 sancti
1220 2888 1354 2942 Antonini
1364 2891 1504 2957 martyris.
1520 2887 1577 2943 Sed
1591 2888 1744 2944 addiderat

59 2969 202 3032 notulam,
216 2969 248 3020 ut
263 2967 437 3038 significaret
451 2970 557 3024 festum
573 2971 627 3025 hoc
642 2988 703 3025 esse
714 2972 810 3027 minus
820 2972 978 3044 principale
992 2973 1074 3027 istius
1090 2975 1191 3043 sancti,
1208 2975 1300 3030 necin
1314 2976 1442 3031 Usuardo
1456 2980 1615 3048 repertum,
1630 2977 1680 3031 scd
1694 2978 1742 3032 ali-

57 3056 141 3113 unde
161 3060 320 3128 acceptum.
337 3059 494 3130 Principale
509 3064 604 3115 autem
620 3061 726 3116 festum
740 3066 800 3117 tam
814 3063 891 3134 apud
905 3063 1049 3134 antiquos,
1064 3081 1150 3136 quam
1175 3064 1203 3118 in
1218 3066 1348 3121 Romano
1365 3065 1505 3120 hodierno
1519 3069 1636 3120 notatur
1651 3066 1696 3120 die
1710 3070 1742 3121 30

59 3147 255 3218 Septembris
268 3149 315 3205 ubi
326 3149 464 3204 Batonius
476 3151 615 3205 lectorem
628 3149 749 3207 remittit
762 3151 798 3206 ad
810 3154 928 3206 Petrum
945 3151 1135 3209 deNatalibus
1144 3153 1193 3208 lib.
1206 3171 1263 3222 vm,
1274 3171 1337 3225 cap.
1353 3158 1413 3211 133.
1424 3156 1481 3210 Cur
1495 3156 1550 3209 huc
1564 3172 1622 3210 non
1633 3156 1742 3209 remisit
1779 3175 1782 3182 ·

59 3256 115 3296 nos
126 3244 211 3296 Pater
223 3239 344 3297 Daniel?
367 3239 546 3310 legissemus
561 3240 600 3293 ibi
621 3240 699 3312 quod
716 3262 729 3289 (ι
745 3241 865 3296 Sanctus
879 3240 1042 3296 Antoninus
1062 3245 1205 3314 martyr...
1226 3243 1261 3297 da
1281 3244 1454 3298 Placentinis
1474 3243 1579 3299 finibus
1599 3260 1740 3315 egressus,

58 3324 115 3404 per
126 3331 281 3386 orientales
295 3328 456 3401 provincias
471 3329 666 3399 pertransivit,
681 3333 709 3385 at
719 3331 809 3384 multa
825 3330 964 3384 miracula
979 3331 1057 3398 iecit,
1070 3331 1187 3386 demum
1201 3333 1237 3387 ab
1253 3332 1414 3387 infidelibus
1424 3336 1530 3399 tentus,
1543 3332 1673 3402 etcapite
1686 3348 1741 3386 coe·

58 3437 110 3475 sus
122 3420 246 3492 glorioso
261 3418 399 3489 martyrio
410 3422 563 3473 coronatus
574 3420 635 3473 esti
649 3419 730 3474 «Sed
744 3419 799 3474 ista
809 3420 948 3490 legentes,
966 3420 1054 3474 etiam
1069 3419 1246 3491 legissemus,
1261 3422 1338 3492 quod
1351 3421 1401 3475 isto
1423 3444 1436 3470 ι(
1456 3424 1571 3475 sanctus
1583 3421 1743 3476 Antoninus

58 3510 117 3566 tuit
130 3527 164 3565 er
181 3526 260 3565 sacra
277 3508 391 3579 legione
410 3508 609 3577 Thebaeomm,
626 3514 655 3563 ct
669 3509 762 3564 socius
781 3509 859 3563 beati
879 3508 1002 3564 Mauritii
1022 3511 1167 3580 martyris.
1185 3533 1198 3560 »
1220 3513 1277 3566 lloc
1298 3515 1395 3565 autem
1416 3511 1541 3564 indicare
1556 3510 1665 3576 lectori,
1680 3515 1742 3563 erat

58 3605 190 3655 evertere
206 3602 296 3654 totam
313 3596 513 3652 auctoritatem
527 3598 589 3668 ejus
598 3599 706 3669 scripti,
721 3599 765 3653 cui
780 3614 893 3653 summa
904 3597 975 3652 fides
988 3600 1197 3669 postulabatur.
1214 3600 1287 3653 Fieri
1302 3600 1380 3654 enim
1401 3616 1460 3655 non
1476 3602 1597 3670 poterat,
1616 3603 1646 3653 ut
1663 3598 1740 3653 idem

58 3687 113 3742 sub
129 3687 306 3743 Diocletiano
322 3703 355 3741 ac
370 3686 541 3741 Maximiano
555 3687 778 3758 imperatoribus
789 3687 948 3756 militasset,
965 3687 1036 3742 duce
1051 3691 1150 3743 sancto
1168 3689 1308 3756 Manritio,
1322 3689 1403 3760 cujus
1415 3687 1586 3760 martyrium
1600 3705 1675 3742 anno
1690 3689 1741 3741 297

58 3777 178 3832 ascribit
191 3776 329 3832 Baronius
341 3793 348 3842 ;
360 3779 389 3829 et
402 3792 435 3830 ca
452 3776 549 3831 omnia
563 3777 718 3848 reperisset
728 3778 757 3832 in
770 3778 857 3832 Terra
871 3778 983 3844 Sancta,
998 3794 1062 3849 quae
1077 3778 1123 3832 hic
1140 3781 1305 3846 narrantur,
1323 3795 1444 3850 quaeque
1460 3794 1519 3832 non
1532 3777 1586 3831 nisi
1598 3778 1649 3832 sub
1667 3780 1741 3833 Con-

56 3866 186 3922 stantino
196 3867 298 3937 Magno
309 3870 458 3937 coeperunt
467 3866 660 3932 innotesccra3
676 3870 708 3920 nt
721 3866 756 3921 de
768 3867 927 3923 iustiniano
938 3866 1009 3920 nihil
1022 3866 1127 3935 dicam,
1139 3867 1274 3938 cujushio
1283 3868 1394 3922 mentio
1406 3867 1438 3921 sn
1448 3866 1610 3938 aliquoties,
1625 3865 1742 3937 etcujus

55 3955 216 4028 imperium
229 3956 314 4027 coepit
325 3972 402 4010 anno
419 3954 479 4010 527.
494 3956 553 4027 Ego
564 3959 594 4009 ut
607 3956 755 4011 neminem
771 3956 816 4011 hic
831 3973 943 4025 accuso,
958 3956 997 4011 sic
1010 3972 1064 4011 nec
1079 3959 1149 4027 puto
1165 3956 1235 4011 mihi
1248 3957 1430 4028 sequendum
1445 3957 1607 4027 exemplum
1624 3957 1696 4022 tale;
1713 3959 1742 4010 et

56 4045 164 4101 Leonis
177 4044 272 4100 Allatii
283 4045 424 4116 judicium
438 4044 533 4113 laudo,
549 4046 596 4116 qui
606 4046 749 4100 Vaticana
762 4046 943 4102 Bibliothecae
954 4052 1144 4102 monumenta
1155 4047 1254 4102 omnia
1264 4047 1415 4102 notissima
1427 4046 1545 4112 habens,
1558 4046 1613 4099 alia
1624 4045 1742 4116 quidem

56 4134 129 4191 inde
143 4135 281 4206 excerpsit
300 4134 462 4206 Symmictis
477 4135 534 4189 suis
548 4135 748 4207 adjungenda3
766 4137 816 4191 scd
830 4135 1011 4191 ltinerarium
1025 4137 1053 4192 S.
1068 4137 1206 4191 Antonini
1223 4136 1359 4209 martyris
1374 4152 1480 4191 nomen
1496 4137 1663 4206 praeterens,
1680 4135 1741 4188 luce

56 4224 176 4298 publica
185 4224 338 4295 indignum
352 4225 472 4278 censuit.
485 4225 530 4281 Sic
543 4232 642 4281 autern
652 4227 772 4294 censuit,
786 4245 844 4282 non
853 4228 968 4281 tantum
980 4227 1047 4297 quia
1057 4228 1182 4298 tempori
1196 4245 1252 4282 non
1268 4245 1319 4282 sno
1330 4228 1495 4297 ascriptum,
1508 4226 1558 4279 scd
1570 4225 1637 4295 quia
1648 4224 1741 4294 ipsum

57 4313 237 4380 inveniebat,
253 4329 312 4385 praa
325 4313 387 4368 aliis
403 4314 503 4368 similis
517 4316 680 4386 argumenti
700 4316 805 4371 Latinis
826 4316 947 4388 scriptis,
965 4316 1103 4370 retortum
1118 4317 1227 4370 tabellis
1240 4317 1325 4387 plane
1341 4315 1474 4380 anilibus,
1488 4331 1560 4385 quas
1575 4313 1657 4368 nobis
1673 4312 1741 4366 satis

59 4403 118 4459 erit
127 4403 261 4458 asterisco
270 4406 399 4472 'notare
407 4404 817 4461 utanimumadvertatleotor.
828 4405 863 4460 lis
871 4421 966 4477 porro,
977 4405 1119 4476 quipaulo
1128 4405 1271 4460 notiorem
1281 4405 1520 4459 habentlocorum
1528 4402 1623 4469 situm,
1633 4401 1740 4481 quique

60 4492 275 4564 aliaslegarunt
287 4492 433 4548 itineraria
443 4511 523 4550 sacra
534 4499 619 4568 atque
630 4495 761 4566 protana,
773 4493 1015 4550 considerandum
1036 4495 1178 4565 relinquo,
1191 4497 1287 4550 utrum
1297 4494 1327 4547 in
1335 4495 1388 4548 hac
1399 4493 1537 4547 relatione
1546 4491 1666 4546 inveniri
1679 4508 1742 4562 pos-

60 4581 100 4637 sit
111 4582 353 4638 vertsimilisratio
366 4583 475 4639 itineris
488 4585 620 4655 alicujus;
629 4585 677 4639 ubi
690 4585 931 4640 nihilordinatum
940 4583 1153 4654 digestumque,
1162 4600 1281 4638 exmoro
1291 4599 1393 4638 eorum
1402 4581 1451 4654 qui
1460 4582 1740 4653 prudenteretcerto

61 4671 150 4728 ductu
161 4674 401 4745 peregrinantum
416 4672 710 4744 seducantusa'omnia,
726 4674 802 4728 velut
816 4674 838 4729 si
853 4689 906 4745 per
920 4672 1066 4727 somnium
1083 4689 1128 4726 res
1141 4676 1242 4744 agatur
1254 4672 1282 4726 in
1297 4675 1405 4738 mente,
1419 4687 1478 4725 non
1490 4672 1586 4724 autem
1600 4685 1740 4740 corporeo

58 4766 144 4820 motu
159 4779 244 4835 super
253 4768 372 4817 terram.
386 4764 520 4818 Antonini
529 4764 680 4819 Placentini
686 4765 863 4819 ltineroriom
872 4761 1039 4834 simpliciter
1048 4761 1157 4829 vocavi,
1168 4764 1198 4816 ut
1206 4778 1299 4833 neque
1311 4778 1440 4817 errorem
1452 4758 1614 4815 evidentem
1628 4760 1741 4813 secutus

58 4851 171 4920 videar,
185 4852 208 4906 si
218 4853 356 4924 scripsero
368 4855 515 4922 Mortyrcm
526 4872 534 4918 ς
545 4869 639 4924 nequa
655 4870 771 4924 prorsus
782 4854 868 4925 ajam
879 4854 948 4907 nota
962 4851 1154 4923 appellatione
1165 4851 1309 4918 reccdam,
1324 4850 1347 4905 si
1361 4850 1467 4907 omisso
1479 4850 1597 4904 nomine
1608 4847 1743 4904 Antonini

59 4958 201 4997 vocavero
215 4943 356 5013 Anonymi
364 4945 549 5010 itinerarium
565 4947 695 5013 respectu
710 4942 835 4999 auctoris
845 4958 953 4998 noman
969 4958 1053 4996 sunm
1071 4958 1129 4996 non
1147 4941 1342 5012 exprimentis.
1354 4941 1433 4995 Nunc
1447 4940 1541 5010 ipsum
1556 4941 1631 5009 lego,
1644 4941 1673 4992 et
1693 4937 1741 4992 ad·

60 5032 228 5088 notationes
250 5032 301 5087 sub
324 5035 400 5087 textu
425 5033 579 5104 appositas.
603 5034 639 5087 Ut
649 5049 717 5087 vero
731 5033 819 5087 etiam
835 5032 999 5087 discernere
1012 5032 1106 5087 valeas
1129 5048 1164 5086 ea
1177 5033 1248 5096 loca,
1266 5047 1330 5102 qua
1344 5030 1410 5084 hinc
1426 5031 1558 5100 excerpta
1575 5026 1657 5082 nobis
1673 5027 1742 5098 obji-

59 5122 188 5191 ciuntur,
202 5127 340 5195 tanquam
353 5123 497 5182 luculenta
507 5125 657 5194 praetensae
669 5121 848 5192 antiquitatis
860 5122 1043 5188 documenta,
1058 5121 1165 5192 placuit
1174 5120 1223 5174 illa
1235 5119 1330 5174 ltalioo
1340 5118 1505 5174 charactere
1521 5121 1738 5188 representare.

97 5316 109 5334 '
122 5311 228 5383 uanyr
240 5312 343 5366 saeculo
356 5328 397 5378 v1;
414 5310 559 5380 suhsscujus
579 5308 695 5364 nomino
710 5308 819 5363 incerta
833 5308 889 5362 tlde
904 5308 1004 5376 fertur,
1020 5310 1193 5364 ltinerurium
1208 5308 1240 5361 de
1255 5307 1319 5360 locis
1333 5308 1421 5361 Terra
1440 5305 1546 5361 Souctae
1557 5320 1616 5376 qua
1629 5320 1739 5376 perom-

59 5383 179 5446 lmtooit,
192 5383 371 5455 praemissum
387 5399 403 5436 a
417 5379 613 5453 Papebrochio
628 5379 702 5435 Actis
717 5380 897 5447 Sanctorum,
913 5382 993 5434 tomo
1008 5381 1030 5432 11
1043 5379 1118 5446 ltaii,
1134 5378 1298 5448 Antuerpiae
1314 5379 1391 5444 1660,
1408 5377 1516 5444 irs-fot,
1528 5381 1614 5447 atque
1628 5374 1737 5430 editum

56 5455 189 5530 primum
204 5454 352 5510 aclaudio
366 5452 512 5509 ldenardo.
526 5450 674 5521 Andagavi
690 5451 748 5504 sivo
760 5451 773 5505 J
778 5449 915 5521 uliomagi
928 5451 1005 5516 1616,
1022 5450 1107 5504 in-40.
1128 5472 1132 5479 ·
1325 5454 1328 5459 “
