3884 6150
126 277 132 291 ·
201 270 248 338 tu
588 276 814 334 areanorum
834 275 944 331 orans
962 273 1245 331 suscitarentur
1265 274 1477 331 alnisiensis.
1527 241 1536 247 ⁵
1827 281 1880 334 ur

197 391 270 447 [luic
284 386 365 460 operi
379 386 524 443 coronidis
536 387 627 442 instar
642 385 809 456 subjicimus
824 383 1058 455 llisquisitionem
1073 384 1108 439 de
1122 400 1205 440 cursu
1219 385 1376 453 Gallicano,
1391 384 1421 439 id
1434 389 1477 440 est
1490 384 1525 440 de
1539 384 1701 441 divinorum
1718 386 1880 443 officiorum

194 477 312 551 origine
325 481 355 532 et
368 493 521 548 progressu
536 477 565 530 in
581 474 712 530 Ecclesiis
727 473 879 530 Gallicanis
896 491 903 527 ι
919 474 966 527 cui
979 473 1178 544 [lisquisitioni
1192 475 1346 529 succedent
1362 476 1501 530 nonnulla
1522 478 1712 530 monumenta
1724 475 1760 531 ad
1774 476 1878 530 utrius-

186 582 256 641 -que
269 566 364 639 operis
379 565 590 637 probationem.
606 564 674 628 Quas
689 564 789 619 omnia
801 562 872 618 sarit
884 565 958 618 [leus
973 563 1098 634 optimus
1110 565 1252 619 maximus
1262 566 1293 618 ut
1306 565 1411 619 cedant
1423 565 1452 619 in
1466 565 1627 635 proiectum
1640 563 1772 620 Ecclesiae
1784 565 1881 619 catho-

199 656 271 724 lieae,
288 656 367 726 cujus
385 654 493 726 judicio
516 670 549 708 ac
569 670 696 709 censuris
715 653 791 708 hane
810 654 944 725 opellam,
962 669 1071 724 nosque
1086 653 1163 724 ipsos
1175 653 1308 707 lubenter
1326 653 1530 708 submittimus.
1545 654 1602 707 Nee
1617 653 1777 724 refugimus
1790 653 1879 707 etiam

199 761 350 801 censuram
365 743 544 799 eruditorum
561 743 722 798 hominum.
738 745 798 800 Non
815 746 885 798 enim
902 745 1046 806 vincimur,
1066 744 1174 814 quando
1192 743 1340 812 offeruntur
1352 744 1427 799 nobis
1447 744 1570 806 meliora,
1587 744 1634 799 sed
1654 745 1825 806 instruimur,
1849 744 1880 796 ut

199 834 294 888 verbis
307 832 424 889 utamur
435 832 537 903 magni
552 832 687 904 Cypriani
701 848 735 887 ex
749 833 872 904 epistola
886 830 924 885 ad
938 830 1087 896 Quintum.
1327 832 1333 839 “

197 1058 1877 1076 —fflffl—

396 1246 521 1394 DE
589 1245 1064 1394 LITURGIA
1126 1246 1682 1395 GALLICANA

775 1492 985 1603 maun
1024 1494 1301 1600 ruinius,

463 1791 575 1848 CAPUT
600 1786 740 1846 PltlhlUll.
1020 1782 1141 1859 Aptata
1153 1787 1291 1844 accedant.
1305 1787 1387 1853 Quod
1400 1803 1458 1844 non
1472 1787 1565 1843 solum
1580 1785 1615 1841 de
1625 1786 1681 1841 flde
1692 1784 1838 1841 Trinitatis
1849 1789 1878 1841 et

193 1889 381 1958 liturgiarum
393 1886 571 1941 remuneratio
590 1901 672 1955 quam
690 1885 767 1959 utitis
779 1883 817 1938 ad
828 1883 908 1952 fidem
919 1883 1009 1938 Eccle-
1060 1882 1279 1950 incarnationis,
1296 1882 1346 1937 sed
1362 1881 1450 1936 etiam
1467 1880 1502 1936 de
1521 1879 1578 1935 ilde
1592 1878 1777 1935 Eucharistiae
1792 1879 1877 1934 intel-

264 1963 312 2016 Μ
327 1959 464 2014 tamti&
483 1957 516 2012 de
528 1957 702 2012 Eucharssifa
715 1954 937 2024 mirmandam·
1060 1973 1210 2047 ligendum
1229 1979 1281 2043 est,
1296 1975 1454 2031 secundum
1473 1974 1545 2029 illud
1562 1973 1639 2045 quod
1653 1973 1683 2027 in
1698 1973 1802 2029 ldissali
1821 1973 1876 2028 Go-

230 2076 256 2150 1
278 2076 384 2131 l.Cum
394 2073 473 2128 varia
485 2072 543 2126 sint
552 2076 725 2143 argumenta
735 2089 799 2144 quae
809 2087 907 2126 veram
917 2069 947 2125 in
959 2070 1010 2125 Eu·
1059 2068 1137 2124 thico
1158 2069 1300 2141 gallicano
1322 2069 1438 2141 legitur,
1460 2067 1598 2122 nimirum
1622 2066 1652 2122 in
1675 2066 1763 2121 missa
1784 2070 1828 2121 75.
1846 2069 1880 2122 Ut

194 2169 330 2226 charistia
346 2167 451 2224 Christi
468 2166 595 2237 corporis
608 2165 813 2237 sanguinisque
826 2163 1009 2236 praesentiam
1058 2163 1172 2218 solemne
1194 2164 1241 2219 boe
1257 2166 1418 2233 saemfimam
1437 2165 1583 2232 sanctificet
1599 2162 1680 2217 eorda
1692 2165 1796 2224 nostra,
1812 2160 1879 2215 dum

192 2262 336 2338 probant;
348 2259 585 2316 noninferiorem
596 2259 625 2313 in
636 2258 785 2313 bisiacum
798 2261 899 2313 tenent
909 2273 1010 2328 augus
1058 2257 1187 2319 ereditur,
1202 2257 1290 2312 deleat
1302 2261 1421 2327 peccatu,
1435 2257 1500 2312 dum
1512 2257 1638 2311 sumitur.

193 2356 298 2411 tissimi
318 2355 389 2408 ritus
403 2370 436 2408 ac
455 2354 599 2408 solemnes
612 2352 668 2406 illae
681 2368 780 2422 preces
796 2351 900 2423 quibus
912 2350 1009 2406 Chris·
1096 2347 1161 2422 33.
1171 2351 1275 2404 Verum
1286 2351 1310 2404 si
1321 2351 1357 2405 ad
1367 2349 1548 2422 precationes
1557 2349 1587 2404 in
1598 2347 1732 2420 Litargiis
1743 2346 1879 2402 adbiberi

193 2449 281 2505 tianae
291 2448 383 2502 ubivis
393 2447 523 2518 gentium
534 2445 671 2517 legitimae
681 2445 831 2500 societates
842 2443 877 2499 ab
888 2443 970 2498 initio
980 2443 1009 2496 in
1060 2442 1157 2496 solitas
1178 2443 1376 2511 attendamus;
1391 2445 1474 2515 plura
1487 2443 1595 2513 utique,
1613 2457 1704 2512 eaque
1720 2441 1814 2513 magis
1828 2457 1876 2496 ex-

193 2560 225 2600 re
239 2558 318 2598 sacra
334 2558 392 2596 usa
406 2542 481 2594 sunt.
496 2539 527 2593 ld
540 2538 618 2593 enim
628 2538 723 2593 modis
735 2537 869 2593 omnibus
879 2536 939 2609 agit
950 2535 1010 2607 Spi-
1058 2551 1166 2607 pressa,
1181 2536 1248 2592 huic
1262 2537 1305 2592 rei
1322 2535 1528 2592 confirmandae
1546 2534 1713 2590 testimonia
1727 2534 1811 2589 nobis
1827 2551 1875 2590 oc-

193 2637 251 2692 ritu
263 2640 361 2691 sancto
374 2633 503 2690 animata
515 2631 649 2699 Ecclesia,
665 2634 696 2685 ut
707 2647 847 2703 magnum
858 2629 1009 2701 aliquidue
1058 2633 1182 2684 current.
1194 2633 1226 2685 ln
1240 2631 1285 2685 bis
1295 2631 1471 2685 luculentum
1483 2632 1526 2684 est
1537 2627 1616 2695 illud,
1628 2627 1705 2699 quod
1717 2628 1800 2683 nobis
1813 2644 1879 2699 sup

192 2730 278 2802 plane
293 2726 421 2783 divinum
432 2728 485 2780 hoc
495 2724 633 2779 sacrificio
643 2724 786 2779 contineri
795 2724 891 2795 palam
902 2725 1009 2794 protes·
1058 2725 1170 2796 peditat
1192 2725 1276 2779 Liber
1295 2725 1548 2798 sacramentorum
1568 2720 1699 2792 Gregorii
1721 2721 1823 2792 magni
1845 2721 1877 2776 in

192 2826 278 2877 tetur.
299 2823 357 2876 llue
373 2822 504 2891 spectant
515 2817 628 2889 praevise
643 2834 676 2872 er
691 2821 812 2890 utroque
825 2817 1008 2871 Testamenta
1058 2818 1208 2872 [lominica
1227 2817 1328 2889 quinta
1350 2820 1414 2888 post
1436 2814 1637 2887 Epiphaniam,
1653 2814 1701 2868 ubi
1718 2813 1749 2868 in
1767 2815 1877 2869 Praela-

192 2915 340 2980 lectiones,
357 2927 479 2982 quaram
501 2910 691 2964 meditatione
711 2909 840 2964 fidelium
862 2908 952 2963 animi
972 2907 1009 2962 ad
1057 2910 1136 2965 tione
1156 2911 1217 2964 hnc
1236 2911 1389 2981 leguntur:
1404 2909 1512 2979 Singuli
1525 2911 1660 2978 accipiunt
1674 2908 1808 2966 Christum
1822 2911 1876 2963 Dc·

193 3010 306 3062 tantum
325 3004 495 3075 mysterium
518 3002 709 3073 disponantur
723 3019 729 3056 :
743 3002 799 3055 huo
821 3002 904 3072 panis
920 3001 1009 3056 studio
1056 3007 1171 3068 minum,
1190 3008 1216 3059 et
1232 3007 1263 3059 tn
1280 3003 1394 3073 ungulis
1413 3003 1582 3074 portionibus
1603 3006 1672 3057 totns
1693 3005 1750 3068 est;
1768 3016 1816 3055 nec
1827 3017 1879 3071 per

189 3102 373 3173 praeparatus,
385 3095 572 3167 ejusdemque
588 3111 653 3149 cum
668 3094 735 3148 vino
745 3095 803 3149 [leo
815 3094 890 3149 facta
901 3094 1008 3149 oblatio
1057 3098 1177 3167 stropulos
1188 3099 1332 3161 minuitur,
1346 3097 1393 3152 sed
1407 3099 1542 3166 integrum
1554 3111 1581 3151 se
1590 3095 1692 3166 prabet
1705 3096 1735 3148 in
1749 3094 1876 3163 siugulis.

192 3193 287 3249 verbis
299 3190 411 3248 arcanis
424 3206 489 3244 cum
502 3187 532 3261 2
546 3203 626 3243 sacro
640 3187 752 3256 suffitu;
765 3187 821 3241 huc
835 3187 871 3241 ad
886 3187 1007 3242 circum·
1059 3188 1141 3256 Quod
1160 3190 1359 3246 testimonium
1380 3189 1555 3246 Guitmundo
1576 3187 1649 3243 tanti
1667 3186 1758 3241 visum
1774 3191 1828 3254 est,
1846 3190 1877 3241 ut

193 3290 302 3343 stantes
313 3300 450 3341 conversa
462 3283 553 3338 aratio
567 3281 746 3336 Prasstionis
756 3279 856 3349 instar,
866 3283 897 3334 ut
907 3295 1007 3335 eorum
1057 3283 1128 3339 illud
1142 3284 1273 3339 retulerit
1292 3283 1321 3337 in
1338 3283 1444 3338 librum
1466 3298 1549 3336 suum
1568 3281 1603 3336 de
1622 3297 1742 3352 corpore
1763 3284 1792 3334 et
1808 3296 1875 3335 san-

193 3398 277 3437 aures
292 3383 320 3434 et
340 3377 427 3434 corda
438 3376 467 3430 in
482 3374 608 3431 coelestia
622 3374 789 3446 erigantur:
801 3375 856 3429 huc
872 3373 946 3428 aetio
962 3390 1005 3428 sa·
1058 3377 1145 3449 guina
1164 3376 1296 3442 Domini3
1312 3375 1470 3447 itidemque
1482 3376 1603 3446 Algerus
1616 3375 1646 3428 in
1660 3373 1708 3427 lib.
1726 3391 1735 3427 1
1748 3389 1812 3444 cap.
1831 3377 1875 3440 ts,

192 3490 250 3544 cra,
271 3477 300 3528 et
319 3470 496 3528 consecratio
518 3468 645 3540 mysticis
666 3467 770 3523 Christi
794 3467 887 3523 verbis
908 3466 1008 3539 peragi
1058 3486 1092 3525 ex
1104 3470 1265 3538 Ambrosio,
1279 3469 1308 3524 id
1322 3473 1365 3523 est
1377 3486 1410 3524 ex
1421 3468 1549 3539 liturgia
1560 3466 1761 3534 Ambrosiana,
1772 3466 1803 3520 in
1818 3481 1876 3537 qua

193 3568 291 3634 solita;
307 3571 370 3622 tum
388 3564 491 3620 hostiae
511 3561 663 3632 calicisque
684 3560 805 3616 elevatio
823 3577 888 3616 cum
901 3559 1008 3631 insigni
1057 3563 1119 3619 haec
1138 3564 1274 3635 leguntur
1288 3562 1364 3634 apud
1382 3561 1540 3617 anelium
1554 3560 1704 3616 [lominica
1720 3559 1831 3631 quinta,
1846 3559 1877 3613 et

192 3657 355 3718 reverentia
375 3654 532 3712 sacerdotis
553 3658 582 3709 et
603 3653 701 3726 populi
720 3653 949 3726 procumbentis;
971 3651 1008 3706 ad
1058 3657 1089 3711 in
1115 3656 1256 3713 hodierno
1277 3655 1381 3712 [dissali
1405 3654 1595 3711 ambrosiano
1620 3653 1769 3710 [lominica
1795 3655 1876 3708 sexta

193 3754 255 3809 hsce
269 3751 399 3806 vivorum
414 3749 672 3819 defunctorumque
687 3745 843 3814 memoria,
860 3747 915 3802 huc
930 3745 1009 3800 deni·
1057 3754 1122 3822 post
1134 3734 1342 3822 Epiphaniam]

194 3863 250 3918 quc
272 3842 438 3899 communio
461 3857 526 3895 eum
549 3838 585 3894 iis
603 3839 751 3911 religionis
766 3841 795 3894 et
814 3838 1008 3894 venerationis
1093 3844 1120 3898 4.
1135 3842 1218 3907 Quod
1235 3842 1259 3898 si
1280 3844 1410 3897 auctores
1427 3840 1469 3896 illi
1488 3840 1559 3896 alias
1572 3839 1661 3895 etiam
1673 3838 1825 3911 liturgias,
1842 3838 1873 3895 in

194 3939 293 4011 signis,
304 3954 370 3993 cum
386 3953 420 3990 ea
433 3934 592 4006 gratiarum
605 3933 728 4000 actione,
745 3931 838 3988 nullus
850 3934 881 3987 ut
897 3932 1008 3987 intuen-
1057 3935 1158 4007 primis
1173 3938 1301 3990 veterem
1315 3934 1502 4005 Gallicanam,
1519 3935 1549 3990 in
1563 3938 1679 4007 promtu
1693 3934 1872 4003 habuissent,

193 4034 269 4088 tibus
283 4028 436 4088 dubitandi
449 4028 528 4083 locus
548 4026 737 4098 relinquatur,
754 4027 828 4081 bane
843 4043 914 4095 csse,
932 4042 1007 4081 sem·
1057 4029 1135 4084 haud
1160 4029 1245 4084 dubie
1269 4029 1374 4084 multas
1397 4028 1465 4083 inde
1488 4029 1633 4100 suppetias
1652 4028 1813 4082 hausissent
1834 4027 1874 4082 ad

194 4142 303 4201 perque
328 4124 414 4179 luisse
442 4120 573 4176 aeclesia
603 4120 691 4174 sidem
720 4136 752 4175 ae
779 4120 1005 4191 persuasionem,
1058 4122 1243 4177 asserendam
1268 4123 1437 4178 catholicam
1458 4123 1555 4177 fidem.
1573 4123 1640 4177 Tres
1663 4125 1774 4176 tantum
1795 4122 1874 4176 locos

193 4221 338 4279 Christum
354 4233 420 4272 vere
433 4216 463 4270 in
477 4215 532 4270 hoc
546 4213 685 4268 sacrificia
701 4213 838 4268 exhiberi.
1057 4217 1112 4272 huc
1127 4216 1270 4272 adducere
1278 4217 1360 4288 juvat
1374 4232 1407 4270 ex
1418 4215 1648 4272 blissaliGothicc
1664 4231 1714 4269 seu
1726 4214 1873 4270 Gallicano

228 4320 255 4372 2.
272 4317 307 4370 Et
327 4314 389 4368 haec
405 4309 523 4382 quidem
541 4308 571 4364 in
592 4324 746 4364 commune
760 4304 894 4378 biturgiae
907 4321 1007 4361 omnes
1056 4310 1239 4383 perantiquo,
1256 4309 1358 4381 quihus
1377 4309 1447 4365 loeis
1466 4309 1537 4364 nihil
1556 4307 1717 4380 signantius
1730 4311 1780 4363 aut
1791 4308 1873 4363 lucu·

193 4408 412 4482 repraesentant.
422 4404 452 4461 Si
460 4419 526 4458 vcro
535 4402 695 4474 singulares
705 4400 926 4472 uniuscujusque
936 4399 1007 4454 ritus
1057 4405 1162 4459 lentius
1178 4403 1274 4459 afferri
1288 4406 1391 4474 potest.
1406 4404 1483 4457 Unus
1499 4404 1591 4456 exstat
1609 4401 1639 4456 in
1653 4401 1741 4456 missa
1756 4400 1791 4455 de
1804 4401 1873 4473 Epi-

193 4502 377 4560 considerare
386 4514 461 4553 nunc
469 4499 593 4563 vacaret,
602 4497 695 4551 nullos
704 4496 734 4550 in
746 4493 880 4550 eumdem
888 4509 1006 4564 scopum
1017 4520 1045 4595 C
1058 4498 1174 4570 phania,
1189 4497 1238 4552 ubi
1257 4496 1352 4551 statim
1373 4496 1409 4550 ab
1426 4496 1509 4550 initio
1527 4496 1587 4551 haec
1606 4494 1773 4551 solemnitas
1784 4510 1873 4548 vene-

194 4612 253 4652 non
267 4593 413 4649 collimat&
428 4589 511 4643 facile
525 4589 762 4661 intelligeremus·
774 4589 837 4653 011⁰
851 4588 882 4643 in
900 4603 1007 4659 genere
1057 4591 1149 4647 randa
1163 4590 1343 4662 proponitur,
1359 4589 1536 4645 exhortando
1550 4590 1649 4645 fideles
1663 4588 1874 4643 adservantem

192 4687 365 4762 praclarum
386 4684 428 4737 est
448 4682 479 4736 in
496 4680 584 4735 missa
602 4682 777 4737 [lozarabica
789 4682 962 4748 institutum,
977 4683 1008 4733 ul
1057 4685 1230 4752 orationem,
1242 4700 1347 4754 nempe
1359 4687 1390 4738 ut
1402 4685 1451 4754 qui
1464 4688 1525 4738 tunc
1536 4685 1659 4754 aquasr'n
1669 4685 1733 4737 vina
1743 4684 1872 4745 mutavit,

193 4779 436 4838 recitatoCanone
445 4772 577 4829 sacerdos
585 4773 709 4829 hostiam
717 4778 913 4829 consecratam
922 4789 1008 4845 super
1056 4794 1127 4833 nune
1148 4771 1352 4847 insonantium
1368 4792 1446 4831 suum
1469 4777 1634 4831 oblationum
1646 4778 1710 4831 vinc
1723 4780 1871 4831 concertat.

194 4875 312 4932 calicem
323 4876 435 4937 terem,
447 4866 616 4940 Symbolum
628 4867 680 4922 CP.
695 4867 833 4939 praecinat
845 4885 879 4922 ex
891 4866 1006 4923 decreto
1057 4870 1106 4925 llic
1122 4886 1236 4926 necesse
1250 4872 1293 4924 est
1307 4885 1463 4941 agnuscere
1478 4886 1575 4925 veram
1590 4885 1622 4924 ac
1642 4869 1793 4935 sinceram,
1811 4885 1873 4924 non

193 4967 306 5026 concilii
322 4982 352 5023 ιιι
362 4963 501 5030 Toletani,
513 4962 705 5032 subsequente
715 4959 784 5015 cleri
794 4964 823 5016 et
833 4963 932 5034 populi
941 4978 1007 5017 con·
1056 4965 1210 5036 figuratam
1228 4962 1367 5018 duntaxat
1378 4963 1437 5017 vini
1449 4964 1640 5018 mutationem
1654 4961 1684 5017 in
1700 4960 1875 5033 sanguinem

193 5066 288 5118 centu.
305 5062 362 5115 llae
375 5057 454 5113 enim
467 5054 646 5112 confessione
663 5070 764 5109 omnes
778 5057 807 5109 et
819 5054 924 5127 singuli
937 5072 1005 5111 eon·
1056 5056 1174 5124 Christi3
1190 5056 1226 5112 ad
1240 5071 1327 5127 quam
1341 5057 1448 5112 scilicet
1468 5057 1653 5112 efficiendam
1666 5057 1737 5112 coelo
1751 5054 1874 5112 devoca-

192 5153 293 5211 testari
304 5153 447 5219 uidentur,
464 5166 493 5205 se
509 5167 543 5205 ea
557 5148 615 5203 tide
627 5164 727 5203 verum
742 5147 846 5203 Christi
862 5163 965 5219 corpus
977 5151 1007 5202 ct
1055 5155 1103 5206 tur
1117 5150 1329 5221 omnipotentia
1343 5151 1404 5217 llei,
1424 5166 1459 5206 ea
1474 5148 1591 5221 quidem
1611 5150 1682 5221 ipsa,
1698 5166 1762 5221 quae
1782 5165 1875 5222 aquas

192 5247 365 5320 sanguinem
376 5245 407 5300 in
417 5242 594 5300 Eucharistia
603 5242 731 5310 credere,
744 5257 800 5312 qua
809 5240 866 5295 fide
877 5241 1007 5313 omnipo·
1056 5244 1085 5299 in
1099 5245 1198 5299 vinum
1211 5243 1367 5315 aliquando
1380 5245 1530 5299 convertit.

191 5344 302 5399 tentem
315 5342 406 5395 lleum
416 5353 506 5393 unum
519 5340 605 5408 atque
619 5336 738 5402 trinum,
755 5352 787 5390 ac
800 5334 902 5389 Filium
916 5334 1006 5389 incar·
1092 5341 1117 5392 5.
1130 5337 1186 5393 Sed
1199 5336 1342 5408 insignior
1355 5336 1427 5392 alter
1438 5337 1517 5393 locus
1527 5340 1570 5393 est
1580 5337 1631 5392 sub
1642 5337 1731 5393 tinem
1741 5335 1874 5409 ejusdem

192 5439 293 5492 natum
317 5431 532 5489 eredtmt.1deo
555 5429 660 5502 quippe
681 5428 810 5485 Toletani
830 5429 928 5483 Patres
951 5429 1006 5483 hoc
1054 5430 1172 5486 [lissalis
1191 5430 1221 5485 in
1238 5430 1326 5485 missa
1345 5429 1522 5486 dominicali.
1539 5431 1585 5487 Sic
1601 5431 1678 5487 enim
1697 5429 1822 5486 hahetur
1844 5430 1876 5485 in

192 5529 370 5605 Symbolum,
384 5529 544 5598 priusquam
556 5527 694 5581 [lominica
706 5523 815 5579 dicotur
824 5518 1006 5586 cratiactara
1056 5524 1186 5581 oratione
1198 5529 1308 5581 secreta
1322 5542 1328 5581 :
1341 5529 1485 5583 Precamur
1496 5531 1583 5581 mente
1595 5526 1691 5582 deuota
1702 5529 1736 5587 te,
1745 5524 1878 5594 Maiestas

189 5641 250 5682 voce
264 5642 281 5680 a
295 5622 398 5696 populo
411 5621 553 5676 decantari
563 5617 741 5691 precipiunt,
758 5633 810 5689 quo
823 5622 849 5673 et
864 5617 929 5687 tides
941 5632 1006 5672 cera
1055 5619 1206 5692 atenac}
1221 5624 1252 5676 ut
1259 5625 1386 5692 operante
1398 5623 1507 5681 uirtute,
1520 5634 1619 5690 panem
1630 5621 1803 5674 mutatumin
1812 5632 1876 5675 ear-

189 5721 364 5790 manitestum
377 5716 556 5773 testimonium
567 5714 673 5778 tabeat,
684 5712 756 5768 etad
767 5713 970 5784 Cicutieorpus
980 5714 1006 5768 et
1054 5728 1126 5779 nem,
1138 5714 1265 5786 poculum
1285 5730 1390 5772 uersum
1409 5717 1439 5771 in
1459 5717 1628 5786 sanquinem,
1644 5714 1723 5770 illum
1735 5727 1878 5772 sumamus

186 5817 346 5893 permutarem
357 5809 557 5893 ptatibandum
567 5811 678 5887 pectora
688 5807 850 5881 populorum
860 5805 913 5878 tide
925 5807 1005 5879 purt-
1055 5809 1085 5868 tn
1097 5808 1187 5876 cotue,
1198 5811 1246 5885 qui
1258 5809 1291 5866 de
1301 5814 1325 5865 te
1336 5810 1417 5880 tacit
1428 5811 1459 5870 in
1471 5825 1545 5868 nuce
1554 5825 1587 5867 ec
1598 5809 1690 5868 tatere.
1703 5807 1772 5878 Quis
1782 5806 1873 5873 hodie
