3878 6150
107 293 174 345 ,187
679 289 755 345 Vle
774 288 911 344 SANCTAE
928 289 1072 345 aulolum
1092 287 1245 358 VIRGINIS,
1753 290 1804 349 788

123 404 244 475 partem.
260 404 295 458 Et
307 419 372 458 cum
385 401 433 457 illa
446 416 510 473 pars
528 399 654 456 fluminis
672 401 846 468 difficillima,
857 406 885 457 et
897 401 936 456 la·
945 409 975 483 Α
985 401 1027 453 161
1037 398 1124 455 dixit:
1141 401 1323 470 Nequaquam
1340 399 1393 454 hoc
1417 399 1457 456 ita
1469 398 1534 472 fist;
1548 400 1597 458 sed
1617 400 1696 458 hunc
1714 401 1806 461 levate

122 498 236 555 boriosa
249 499 279 554 in
299 502 372 553 sorte
384 495 503 566 alicujus
524 512 559 550 cx
573 495 640 566 ipsis
654 495 814 550 nationibus
827 496 936 551 evenis·
986 493 1103 548 viriliter
1128 494 1276 559 molarem,
1292 496 1321 548 et
1335 494 1491 551 submittite
1511 495 1541 550 in
1560 496 1755 570 praecipitium
1769 499 1806 555 de

122 597 176 660 set,
197 593 259 664 ipsa
276 592 354 647 natio
375 590 560 645 durissimum
584 589 710 644 devitans
731 590 867 660 laborem,
886 606 938 661 per
986 586 1121 642 altissimo
1133 586 1186 642 isto
1198 587 1303 642 montis
1312 588 1468 658 cacumine,
1481 589 1511 644 in
1526 591 1643 646 nomine
1656 593 1806 648 etvirtute

123 703 206 742 suam
216 685 409 741 fortitudinem
423 686 528 738 sanctae
541 678 663 754 Brigidm
676 682 863 738 infirmiorem
877 699 937 739 eoe-
986 680 1220 737 reverentissimae
1235 686 1339 736 sancta
1351 681 1483 753 Brigidae.
1496 684 1567 749 Quia
1578 701 1630 740 nos
1637 685 1725 740 nullis
1737 687 1807 741 arti·

123 779 167 850 git
179 779 331 846 nationem,
347 781 379 832 ut
394 777 468 831 hauc
481 780 646 848 operaretur
668 776 814 831 difficilem
832 777 938 848 pariter
986 772 1056 829 ficiis
1070 779 1099 830 et
1112 775 1217 829 viribus
1238 791 1289 846 per
1301 775 1353 829 ista
1365 776 1425 830 loca
1442 781 1555 846 petrosa
1568 779 1645 833 11666
1663 780 1803 835 molarem

122 873 154 929 in
166 875 307 927 structura
316 871 368 925 rim
382 888 390 939 ;
404 873 437 924 ut
448 886 529 924 suam
542 885 628 940 quam
644 869 801 924 faciliorem
816 870 937 926 habebat
987 852 1109 939 lapidem
1121 884 1271 939 possumus
1283 872 1406 939 portare,
1417 869 1472 924 nisi
1480 871 1602 942 Brigida,
1614 873 1661 927 cui
1669 873 1744 927 nihil
1752 872 1805 928 im·

123 970 232 1037 partem
256 965 372 1035 eligens,
388 963 449 1034 ipsa
469 961 590 1017 crudelis
610 962 689 1018 natio
712 963 865 1020 aedificaret
876 963 938 1019 sine
986 961 1117 1034 possibile
1140 965 1190 1029 est,
1205 961 1361 1016 secundnm
1374 962 1445 1017 illud
1458 964 1534 1034 quod
1548 966 1643 1020 omnia
1655 966 1804 1038 possibilie

124 1059 182 1116 ulla
193 1057 319 1114 fluminis
332 1055 555 1129 perturbatione.
935 1060 937 1064 '
987 1058 1053 1111 sunt
1073 1055 1207 1122 credenti,
1230 1055 1312 1110 illum
1334 1057 1488 1126 portaverit
1510 1057 1546 1112 ad
1564 1058 1669 1127 locum,
1692 1075 1805 1132 exque

159 1156 249 1224 Atque
263 1168 329 1207 cum
348 1151 384 1206 ad
401 1155 528 1206 sanctam
550 1150 692 1222 Brigidam
710 1151 755 1205 sui
780 1150 937 1205 secundum
987 1148 1059 1202 vires
1071 1148 1158 1202 boum
1173 1148 1285 1203 trahere
1303 1149 1398 1220 ipsum
1417 1149 1535 1220 possint.
1549 1151 1583 1206 Et
1597 1151 1636 1206 sic
1650 1151 1706 1208 tide
1718 1152 1805 1208 firma

123 1262 237 1302 carnem
249 1244 363 1316 cognati
375 1243 494 1299 fuissent
507 1243 639 1315 religiose
652 1243 794 1315 prostrati,
809 1243 869 1314 ipsa
882 1243 938 1298 illis
987 1240 1170 1312 praecipitans
1185 1241 1266 1295 illum
1279 1241 1308 1296 in
1331 1243 1443 1311 vallem,
1459 1248 1487 1297 61
1498 1243 1634 1314 paulatim
1651 1245 1687 1300 de
1705 1251 1805 1302 monte

121 1339 306 1413 probabiliter
318 1336 421 1391 dixisse
435 1336 542 1391 fertur:
558 1337 650 1405 Abite,
661 1336 816 1392 voluntatis
832 1337 882 1391 uei
895 1339 938 1391 est
988 1334 1151 1401 ascendens,
1177 1334 1328 1405 aliquando
1353 1339 1447 1406 petras
1472 1337 1619 1406 devitans,
1648 1338 1803 1410 aliquando

124 1436 154 1489 et
175 1431 320 1503 potestatis
342 1445 375 1485 ut
396 1431 442 1485 1116
455 1429 558 1484 fluvius
571 1433 694 1485 transeat
715 1429 750 1484 de
765 1429 826 1484 loco
839 1429 938 1499 inquo
987 1443 1073 1498 super
1084 1443 1130 1481 eas
1145 1426 1256 1494 saliens,
1272 1426 1342 1484 etin
1355 1428 1425 1484 locis
1437 1445 1553 1485 currens
1568 1429 1696 1487 humidis
1708 1432 1741 1487 iu
1756 1450 1803 1488 ra-

123 1529 176 1592 est,
186 1529 214 1580 et
227 1524 276 1579 ubi
287 1540 336 1579 vos
351 1525 421 1578 dura
433 1523 598 1594 opprimunt
611 1538 706 1593 opera,
718 1523 748 1576 iu
761 1522 837 1577 illam
852 1539 938 1593 quam
988 1520 1047 1575 dice
1057 1521 1161 1576 montis
1173 1520 1280 1595 positis,
1295 1522 1325 1575 in
1337 1522 1440 1593 quibus
1455 1539 1506 1578 nec
1515 1524 1647 1579 homines
1658 1541 1710 1580 nec
1720 1525 1806 1582 boves

123 1619 179 1690 ipsi
192 1617 339 1690 elegerunt
351 1622 471 1688 partem.
491 1618 524 1671 Et
538 1632 603 1670 cum
622 1615 657 1670 de
678 1632 761 1670 mane
784 1616 870 1686 ipsius
883 1615 939 1671 diet
987 1618 1060 1668 61616
1071 1618 1211 1683 poterant,
1225 1630 1278 1685 pro
1290 1613 1405 1670 illorum
1418 1616 1566 1684 funditate,
1579 1618 1705 1675 mirabili
1720 1620 1806 1676 comi-

124 1728 223 1767 omnes
232 1710 552 1780 surrexissentadopera
559 1708 840 1780 populi,tluviusille,
850 1724 937 1780 quem
987 1709 1076 1765 tatus
1096 1707 1236 1777 usquead
1257 1707 1318 1762 loca
1335 1708 1419 1778 plana
1432 1709 1492 1764 sine
1513 1710 1572 1765 ulla
1591 1711 1741 1782 fractione,
1755 1713 1804 1769 ubi

123 1806 324 1877 querebantur,
338 1803 414 1859 visus
437 1806 477 1858 est
489 1802 638 1874 reliquisse
652 1818 736 1856 auum
756 1803 849 1857 locum
863 1803 936 1858 anti·
948 1773 975 1844 B
987 1798 1103 1854 illorum
1123 1803 1204 1854 erant
1226 1800 1320 1868 boves,
1339 1817 1404 1856 cum
1429 1802 1470 1856 eis
1496 1820 1665 1874 progressus
1690 1809 1744 1859 est.
1771 1808 1804 1863 lit

124 1915 213 1970 quum
223 1902 250 1953 et
272 1896 438 1966 convallem,
453 1895 528 1951 inter
547 1896 643 1950 ambas
655 1912 769 1950 currere
777 1895 883 1950 solebat
896 1896 936 1951 ri·
987 1892 1088 1947 exinde
1097 1908 1162 1947 cum
1172 1893 1274 1960 bubus,
1282 1910 1372 1965 usqua
1385 1895 1421 1949 ad
1434 1896 1631 1952 molendinum
1644 1903 1743 1954 vectus
1751 1904 1801 1970 est,

123 2008 182 2063 pas,
202 1996 231 2046 et
249 1994 449 2045 transmutasse
469 1989 503 2044 de
523 1993 613 2060 parte,
626 1988 676 2043 ubi
698 1992 803 2044 sanctae
816 1989 937 2060 Brigidae
986 1985 1133 2041 artificiose
1146 2002 1212 2041 eum
1224 1987 1438 2058 alterojunctus
1452 1990 1607 2061 estlapide.

122 2084 199 2140 natio
212 2084 360 2155 compulsa
385 2082 566 2154 operabatur,
580 2081 611 2135 in
634 2081 748 2136 illorum
771 2081 888 2136 fortium
910 2085 938 2137 61
1023 2080 1056 2135 Et
1070 2083 1101 2134 ut
1114 2080 1177 2149 plus
1190 2079 1243 2135 iste
1256 2080 1369 2136 molaris
1381 2080 1463 2153 lapis,
1476 2083 1527 2154 qui
1540 2083 1571 2138 in
1583 2085 1702 2141 nomine
1715 2086 1802 2143 beate

122 2177 310 2249 superborum
325 2180 447 2248 partem,
464 2174 513 2246 qui
526 2175 594 2229 alios
604 2175 749 2245 pauciores
763 2179 791 2230 et
804 2175 938 2229 1611111116-
987 2172 1110 2227 (11166166
1124 2177 1167 2228 661
1188 2173 1320 2244 urigine,
1340 2174 1471 2230 omnibus
1490 2177 1583 2231 adhuc
1605 2178 1800 2250 innotesceret,

122 2287 168 2326 res
180 2286 209 2325 se
224 2271 328 2340 injuste
341 2269 453 2340 operari
471 2268 679 2340 compellebant
695 2285 703 2336 ;
718 2274 747 2322 et
765 2267 795 2321 in
808 2269 936 2324 testimo·
986 2264 1065 2320 addit
1083 2267 1112 2320 et
1121 2265 1174 2321 hoc
1188 2266 1349 2322 inauditum
1362 2273 1445 2323 antea
1457 2272 1486 2323 61
1498 2271 1668 2340 praeclarum
1680 2273 1799 2328 miracu·

122 2364 204 2419 nium
216 2362 328 2417 virtutis
346 2362 464 2433 vestigia
483 2361 622 2428 fluminis,
645 2365 673 2415 et
685 2360 764 2416 vallis
778 2377 874 2431 vacua,
888 2361 938 2416 ubi
986 2358 1057 2414 lum.
1073 2360 1144 2413 Nam
1164 2375 1229 2413 cum
1241 2360 1359 2431 quidam
1371 2377 1501 2432 paganus
1514 2379 1545 2417 ac
1559 2364 1726 2420 molendino
1741 2367 1799 2421 vici·

123 2454 266 2510 inundans
278 2458 306 2509 et
319 2471 454 2510 emanans
466 2455 584 2526 antiquo
597 2455 727 2509 currebat
745 2453 848 2508 fluvius
863 2459 937 2509 tem·
987 2468 1041 2506 nus
1048 2468 1098 2506 suo
1108 2452 1269 2507 habitaculo
1279 2453 1372 2509 dolose
1378 2455 1522 2525 peralium
1533 2456 1693 2528 simplicem
1700 2459 1795 2529 virum,

123 2547 740 2620 66161666616116161611616166166616616
754 2547 865 2616 locum3
879 2548 938 2619 ipse
987 2545 1137 2616 ignorante
1155 2546 1370 2617 molendinario,
1384 2547 1434 2618 qui
1449 2565 1520 2618 opus
1532 2550 1676 2605 moliturae
1692 2567 1795 2608 exerce·

122 2643 200 2698 loeus
214 2641 331 2696 siccatus
338 2641 399 2696 sine
412 2641 477 2696 ullis
491 2645 609 2712 apparet
621 2640 798 2696 fluitantibus
811 2641 900 2712 aquis.
987 2638 1045 2706 bat,
1057 2655 1141 2693 suum
1160 2655 1282 2709 granum
1295 2640 1330 2694 ad
1347 2641 1400 2695 1166
1422 2642 1580 2698 transmisit
1591 2644 1793 2701 molendinum.

157 2736 219 2790 Non
239 2735 331 2789 solum
353 2739 448 2789 autem
465 2735 495 2789 in
507 2751 558 2789 sua
572 2735 630 2789 vita
649 2735 765 2804 carnali,
785 2739 938 2806 antequam
988 2732 1022 2786 Et
1034 2747 1100 2785 cum
1107 2732 1181 2786 inter
1192 2731 1245 2787 hos
1258 2733 1377 2787 molares
1384 2734 1571 2805 transjectum
1583 2740 1613 2791 et
1627 2737 1723 2793 fusum
1736 2739 1795 2794 fuis·

123 2829 262 2883 sarcinam
288 2829 442 2899 deponeret
467 2828 559 2882 earnis
572 2848 594 2895 ι,
616 2828 734 2882 11116166
755 2833 872 2899 operata
897 2831 940 2883 est
988 2829 1031 2879 set
1042 2824 1159 2896 lapides,
1171 2825 1451 2896 illumsupradictum
1462 2827 1585 2898 lapidem
1594 2830 1794 2887 molaremnul·

124 2922 271 2992 plurimas,
286 2923 333 2977 scd
347 2923 462 2993 largitas
475 2921 562 2976 divini
577 2921 706 2976 muneris
720 2921 750 2976 in
763 2938 813 2976 suo
827 2938 939 2977 monas·
987 2919 1031 2973 lus
1045 2918 1170 2989 impetus
1182 2918 1263 2972 fortis
1277 2919 1402 2974 fluminis
1414 2925 1442 2975 et
1454 2921 1532 2976 nulla
1541 2939 1682 2994 aquarum
1697 2926 1793 2981 violen-

124 3015 195 3069 terio
208 3015 256 3068 ubi
270 3015 331 3085 ejus
350 3015 511 3070 venerabile
530 3015 682 3086 requiescit
694 3031 807 3085 corpus,
827 3031 939 3087 semper
988 3012 1036 3081 tia,
1054 3010 1133 3066 nulla
1145 3011 1286 3066 artificum
1300 3013 1449 3067 conamina
1462 3030 1577 3070 1661616
1589 3020 1755 3087 potueruut.
1768 3019 1794 3072 Et

125 3103 236 3175 operari
258 3103 377 3158 virtutes
395 3119 453 3158 non
476 3109 574 3169 cessat,
595 3120 664 3174 quas
685 3119 736 3157 nos
750 3103 867 3158 virtutes
881 3121 938 3159 nou
989 3105 1057 3158 dum
1070 3103 1110 3158 illi
1123 3104 1172 3177 qui
1185 3104 1238 3160 hoc
1251 3105 1382 3160 viderunt
1392 3106 1486 3161 dehac
1499 3124 1529 3163 re
1538 3109 1708 3180 cogitarent,
1717 3111 1793 3166 nimio

124 3199 214 3251 solum
229 3196 398 3264 audivimus,
413 3197 461 3251 sed
486 3197 570 3251 etiarn
588 3196 676 3250 oculis
694 3197 796 3251 uostris
806 3197 937 3253 vidimus.
988 3197 1110 3268 perculsi
1124 3202 1248 3269 stupore,
1263 3215 1385 3270 granum
1397 3199 1466 3255 illud
1480 3201 1557 3272 magi
1567 3219 1791 3275 essecognosceu

160 3291 231 3345 Nam
246 3291 412 3362 praepositus
434 3289 549 3344 maximi
575 3294 604 3345 et
615 3289 763 3345 clarissimi
777 3291 940 3346 monasterii
989 3295 1039 3359 tes,
1054 3291 1134 3347 nullo
1148 3293 1233 3347 modo
1246 3292 1421 3361 dubitabant,
1437 3294 1513 3364 quod
1527 3294 1574 3350 ille
1596 3298 1713 3352 molaris
1733 3297 1791 3369 lapis

125 3388 228 3439 sancta·
249 3384 383 3455 Brigidae,
399 3382 434 3439 dc
447 3400 503 3455 quo
524 3383 553 3437 in
574 3383 635 3454 ejus
655 3382 784 3454 opusculi
801 3383 940 3456 principio
988 3383 1018 3438 in
1031 3400 1086 3455 quo
1099 3389 1193 3439 sancta
1205 3384 1319 3455 Brigida
1332 3385 1465 3441 virtutem
1478 3391 1653 3458 operataest
1669 3390 1789 3458 divinam,

41 3531 43 3535 .
125 3477 240 3532 brevem
255 3477 375 3532 fecimus
396 3477 583 3545 mentionem,
607 3476 749 3547 operarios
764 3481 791 3531 et
814 3476 941 3547 lapidum
991 3493 1112 3548 granum
1126 3477 1237 3548 gentilis
1248 3477 1372 3532 hominis
1385 3478 1415 3532 in
1425 3479 1548 3534 farinam
1561 3483 1789 3554 comprimerem·

126 3587 244 3625 caesores
266 3586 393 3642 quaerere
412 3570 535 3642 lapidem
549 3573 577 3624 ct
588 3569 713 3625 incidere
726 3569 873 3638 molarem,
889 3587 942 3642 per
990 3569 1118 3640 spuisset.
1145 3571 1179 3624 Et
1198 3570 1292 3625 statim
1314 3571 1445 3627 tollentes
1463 3573 1539 3627 foras
1563 3590 1689 3645 granum
1716 3577 1789 3649 ipsius

126 3663 186 3717 loca
199 3679 386 3735 quacumque
400 3664 439 3718 ibi
452 3667 566 3734 possent
578 3662 714 3732 invenire,
728 3664 891 3719 transmisit.
908 3665 945 3723 Et
992 3662 1104 3734 pagani,
1119 3665 1147 3717 61
1159 3679 1241 3717 suum
1258 3679 1380 3734 granum
1391 3665 1592 3722 monasteriale
1606 3669 1705 3724 subter
1715 3670 1788 3724 mola-

128 3756 169 3811 illi
179 3757 238 3811 sine
249 3756 306 3811 ulla
318 3756 494 3828 providentia
506 3757 615 3810 viarum
630 3757 747 3811 arduam
761 3758 943 3812 ascendeutes
990 3771 1052 3810 rem
1064 3756 1144 3809 illum
1156 3754 1279 3827 lapidem
1292 3761 1438 3827 ponentes,
1454 3774 1552 3813 cursus
1571 3762 1681 3831 solitus,
1694 3766 1721 3818 et
1733 3778 1788 3834 quo·

128 3849 256 3914 viam‚ad
270 3864 405 3903 cacumen
415 3848 520 3919 petrosi
530 3850 634 3904 montis
643 3853 838 3921 perrexeruut,
847 3855 875 3906 61
884 3850 940 3906 ele·
992 3847 1114 3902 tidianus
1123 3848 1183 3903 sine
1197 3848 1262 3902 ullis
1274 3848 1485 3920 impedimentis
1495 3858 1644 3923 reparatus
1657 3859 1700 3910 est
1710 3856 1788 3910 mole.

130 3945 234 4013 gerunt
246 3939 369 4011 lapidem
381 3941 517 4012 grandem
530 3941 560 3994 iu
574 3941 634 4012 ipso
644 3941 749 3996 montis
759 3942 888 3997 altissimi
899 3959 943 3998 ca·
1028 3943 1061 3995 Et
1074 3944 1139 4012 post
1150 3941 1333 3997 intervallum
1345 3945 1480 4014 temporis
1499 3945 1600 4000 accidit
1612 3952 1645 4001 ut
1665 3947 1787 4002 molendi·

130 4033 252 4089 cumine.
268 4035 301 4087 lit
318 4033 456 4088 cudentes
471 4049 537 4088 eum
558 4034 594 4089 (16
615 4035 692 4089 61661
704 4038 784 4105 parte
798 4034 827 4089 in
843 4040 941 4090 rotun·
992 4050 1062 4088 num
1075 4036 1167 4105 ipsum
1180 4034 1246 4106 igne
1265 4036 1489 4092 combureretur.
1503 4039 1558 4093 Nec
1573 4044 1603 4094 et
1615 4038 1669 4095 hoc
1688 4056 1788 4109 parvum

130 4127 209 4195 dum,
219 4130 247 4181 61
253 4126 426 4197 perforatum
436 4126 571 4180 malorem
583 4125 808 4200 {Lepmolarem}
820 4127 943 4199 lapidem
992 4126 1045 4180 fuit
1056 4126 1237 4198 miraculum,
1256 4144 1320 4183 cum
1333 4129 1409 4199 ignis
1422 4132 1508 4184 totam
1524 4130 1642 4187 domum
1656 4134 1786 4188 combure·

128 4220 332 4275 formaverunt.
354 4219 426 4274 Cum
449 4234 516 4274 vero
536 4219 703 4291 praepositus
725 4220 760 4274 de
774 4220 944 4276 monasterio
993 4222 1046 4289 ret,
1061 4224 1089 4274 ct
1100 4220 1222 4275 alterum
1242 4220 1375 4292 lapidem,
1389 4222 1438 4292 qui
1447 4222 1564 4292 junctus
1578 4241 1666 4296 supra
1677 4228 1745 4281 dicto
1754 4226 1784 4280 la·

128 4312 263 4367 invitatus
275 4313 310 4366 ab
330 4312 370 4367 eis
383 4311 505 4368 venisset
527 4328 593 4367 cum
606 4312 698 4367 bubus
710 4312 745 4367 ad
759 4312 841 4368 illum
860 4331 942 4368 mon·
993 4313 1051 4384 pidi
1063 4313 1126 4382 fuit,
1139 4313 1216 4368 hunc
1231 4316 1343 4368 tantum
1356 4315 1504 4386 specialem
1518 4323 1622 4373 sanctae
1637 4318 1785 4390 Brigidela

129 4411 198 4473 tem,
214 4406 244 4461 in
257 4422 313 4477 quo
326 4405 396 4477 lapis
411 4405 551 4460 formatus
573 4405 627 4461 fuit
642 4406 767 4475 molaris,
781 4410 866 4478 utque
879 4424 944 4462 cum
992 4405 1089 4476 pidem
1104 4407 1181 4461 nullo
1203 4408 1286 4462 modo
1298 4411 1415 4479 tangere
1434 4411 1476 4462 cst
1487 4425 1572 4464 ausus
1587 4415 1617 4466 et
1628 4413 1782 4467 comburere.

128 4500 214 4553 boves
229 4515 325 4553 secum
348 4503 465 4570 propter
489 4498 607 4554 arduam
628 4498 731 4554 montis
752 4500 982 4575 ascensionemD
993 4499 1058 4554 Siue
1070 4500 1128 4554 ulla
1143 4500 1270 4555 molestia
1282 4501 1356 4573 ignis
1368 4502 1398 4556 in
1412 4518 1516 4574 magno
1530 4504 1690 4561 molendini
1709 4507 1783 4560 16666·

130 4593 244 4647 11611616
256 4596 284 4646 61
296 4607 397 4663 cogere
409 4609 467 4647 non
489 4597 591 4665 posset,
607 4593 789 4648 durissimum
804 4593 857 4648 iter
879 4611 945 4649 cum
994 4591 1041 4646 dio
1053 4593 1208 4663 permansit
1219 4594 1377 4649 incolumis.

130 4685 227 4757 paucis
239 4684 320 4740 illum
330 4685 512 4757 sequentibus
523 4684 570 4740 vix
583 4685 733 4741 ascendere
744 4685 853 4758 potuitr
1030 4686 1126 4740 Postea
1138 4687 1192 4741 hoc
1205 4687 1262 4742 viso
1281 4687 1417 4743 miraculo
1437 4688 1472 4743 ad
1494 4691 1701 4746 monasterinm
1716 4689 1783 4762 perte

166 4779 213 4836 1116
222 4794 287 4833 vero
297 4794 363 4832 curn
375 4778 506 4833 omnibus
519 4778 577 4833 suis
591 4779 738 4850 operariis,
753 4779 822 4835 dum
834 4779 943 4852 cogita·
994 4783 1040 4834 tus
1051 4781 1102 4848 est,
1117 4784 1145 4834 et
1152 4779 1235 4850 juxta
1243 4784 1353 4851 portam
1367 4780 1509 4837 interioris
1520 4783 1637 4853 castelli,
1648 4801 1704 4856 quo
1715 4782 1780 4839 eccle-

132 4875 175 4927 ret
195 4872 336 4944 quomodo
355 4871 437 4925 illum
451 4871 588 4926 molarem
604 4871 764 4944 deportaret
776 4872 898 4944 lapidem
911 4874 945 4929 de
994 4872 1033 4927 sia
1048 4872 1182 4942 ambitur,
1197 4873 1246 4927 ubi
1260 4873 1342 4929 multi
1356 4875 1528 4929 conveniunt
1546 4875 1583 4929 ob
1595 4878 1779 4932 venerationem

128 4965 199 5034 jugo
214 4963 340 5019 altissimi
356 4964 469 5034 montis,
490 4980 556 5019 cum
576 4964 661 5019 boves
680 4964 711 5018 in
733 4964 781 5020 1116
801 4969 946 5037 praerupto
995 4967 1099 5021 sauctae
1113 4965 1233 5037 Brigidae
1252 4967 1281 5021 in
1293 4966 1354 5038 ipsa
1365 4970 1447 5037 porta
1459 4967 1614 5024 honorifice
1631 4969 1778 5041 6661166661

132 5057 237 5111 6166116
252 5057 303 5111 sub
316 5057 447 5113 oneribus
458 5063 486 5113 et
502 5057 606 5130 jugum
619 5073 678 5113 esse
696 5058 777 5114 nullo
797 5060 880 5114 modo
893 5076 944 5131 po·
995 5062 1023 5114 et
1037 5059 1071 5114 (16
1083 5058 1212 5113 fidelibus
1229 5060 1306 5115 huuc
1325 5059 1448 5131 lapidem
1470 5063 1653 5132 tangentibus
1674 5061 1778 5117 morbum

132 5149 248 5205 tuerint.
261 5151 338 5205 Tunc
352 5151 425 5206 facta
437 5151 642 5223 desperatione,
656 5151 719 5207 aliis
732 5168 765 5207 ex
780 5152 820 5206 eis
833 5152 946 5208 descen·
995 5152 1120 5224 expellit.

133 5243 274 5313 dentibus,
294 5242 374 5299 illum
395 5245 523 5300 deserere
540 5244 673 5317 lapidem,
695 5248 724 5300 et
735 5261 782 5300 eos
794 5245 824 5300 iu
840 5261 946 5301 vanum
1030 5247 1084 5301 Nec
1097 5249 1127 5300 61
1135 5245 1169 5300 (16
1178 5245 1314 5300 miraculo
1326 5246 1357 5301 in
1370 5246 1548 5318 reparatione
1570 5249 1693 5305 ecclesiae
1707 5253 1778 5303 uun-

132 5337 292 5404 laborassc,
315 5336 364 5408 qui
385 5337 465 5391 illum
478 5338 682 5394 formavemnt.
707 5339 755 5395 1116
777 5340 947 5410 praepositus
995 5338 1063 5394 dum
1078 5342 1130 5407 est,
1146 5340 1177 5394 16
1196 5355 1254 5411 qua
1279 5339 1398 5410 gloriosa
1421 5340 1584 5412 amborum,
1604 5343 1658 5397 hoc
1681 5346 1719 5398 est
1734 5335 1778 5408 epi·

132 5428 645 5502 616166111166666611666,6166661116
654 5432 710 5488 suis
719 5432 946 5504 operariisfideli·
995 5431 1070 5503 scopi
1091 5430 1290 5487 Conleathcet
1319 5432 1406 5503 hujus
1423 5432 1542 5504 virginis
1562 5440 1666 5491 6666166
1685 5428 1779 5503 nunde

170 5543 444 5601 11161161166866166
465 5546 504 5601 ait
517 5546 617 5602 obiisse
635 5548 687 5602 sub
698 5548 806 5603 tustino
830 5548 945 5605 Seniore
995 5546 1095 5602 usitata
1115 5563 1167 5603 nec
1187 5544 1322 5602 mutabilis
1335 5547 1361 5602 ei
1380 5549 1519 5615 convenit,
1544 5548 1608 5604 ideo
1629 5549 1699 5606 nihil
1718 5544 1781 5603 lebet

133 5616 304 5686 imperatore
317 5631 392 5671 anno
405 5621 466 5682 511,
481 5633 566 5688 quem
586 5618 678 5688 potius
697 5635 799 5689 sequor
813 5635 878 5674 cum
892 5620 944 5673 116-
995 5618 1150 5673 immutari.
1165 5619 1248 5673 Basra.

134 5687 215 5740 ronin
228 5692 288 5741 tom
302 5688 356 5758 vlt,
371 5704 417 5744 an.
432 5691 584 5756 5116616.
601 5689 646 5755 ll,
657 5705 742 5760 quam
755 5689 944 5760 Sigebertum.
1030 5690 1113 5743 ctam
1123 5692 1204 5744 antea
1216 5687 1296 5743 citavi
1310 5704 1343 5742 ex
1357 5688 1467 5745 Giraldo
1482 5689 1535 5746 hos
1548 5706 1665 5748 versus:

134 5757 188 5812 NB.
205 5757 271 5813 Cau.
1089 5779 1116 5826 ln
1126 5777 1211 5838 Burgo
1221 5777 1294 5826 Dnno
1311 5775 1411 5826 tumulo
1422 5777 1583 5829 tumulantur
1595 5778 1623 5830 in
1636 5792 1697 5840 6116,

168 5827 335 5888 »coctura
360 5829 502 5890 Hauckius
520 5831 553 5891 n'.
576 5845 629 5889 ms.
647 5828 700 5887 Sed
720 5844 754 5887 ea
773 5845 826 5887 vox
843 5845 946 5905 parum
1119 5837 1231 5908 erigite,
1247 5837 1376 5905 renites,
1389 5838 1682 5912 uquecotunoapus
