3884 6150
141 248 209 301 tior
719 241 846 299 SAECULI
866 242 963 298 saxu
982 243 1260 302 sueetuueuwlt.
1758 255 1844 309 true·

134 357 194 408 tem
209 368 270 408 esse
285 350 512 417 ordinationem,
530 350 736 405 confirmemus
749 367 833 418 eam;
847 351 891 407 sin
903 369 952 407 eu·
962 361 991 436 Α
1002 354 1157 409 necessitas
1170 354 1331 422 emerserit,
1345 354 1398 410 viri
1414 354 1584 428 spectabiles
1597 357 1685 413 duces
1699 358 1823 417 invicem

134 446 195 497 tem
211 440 420 513 perspeximus,
436 443 464 493 et
479 438 588 510 aliquid
605 440 728 511 amptius
746 440 818 507 fleri,
840 443 871 495 ut
884 457 950 499 eam
1004 447 1067 516 sibi,
1090 447 1206 520 quarmo
1224 465 1292 504 usus
1307 449 1443 521 exegerit,
1461 449 1597 505 auxilium
1614 453 1778 523 prebeant,
1794 460 1823 511 ut

135 530 431 607 augmentemus-t
444 532 553 597 tenid
562 535 660 588 autem
673 532 729 588 dux
741 533 952 605 stipendiorum
1004 541 1169 615 provincie,
1191 559 1241 596 seu
1262 541 1367 598 limites
1388 560 1487 599 eorum
1502 543 1606 616 vigiliis
1627 549 1656 600 et
1677 546 1821 604 laboribus

105 646 109 654 “
135 629 255 684 uumtuu
270 643 321 700 Pf⁰
334 643 363 681 ὅθ
374 625 488 696 suisque
499 625 676 694 huminibus,
687 630 716 681 ui
726 626 794 698 quid
808 628 870 698 ejus
887 629 949 684 otu-
1003 634 1072 706 (Deo
1081 635 1208 706 juvante)
1225 613 1526 692 itlaesi'custodiantur.
1537 668 1571 677 -
1586 637 1601 709 ᾗ
1616 641 1659 693 tl.
1677 638 1759 695 Sicut
1772 658 1819 696 au·

135 721 211 778 cium
221 722 421 791 consequetur,
434 719 488 774 hoc
498 718 528 773 in
539 719 653 774 subdita
665 719 827 775 declaratur
840 722 950 778 notitia.
1002 732 1063 783 tem
1073 727 1209 799 jubemus
1221 729 1345 784 audaces
1359 732 1388 784 et
1400 730 1511 785 feroces
1519 733 1619 786 contra
1633 732 1769 788 inimicos
1778 735 1820 806 ju-

135 815 191 888 »ξ
203 815 313 869 7.Sicut
323 829 393 884 ergo
404 813 573 884 pradictum
584 815 636 880 est,
651 813 767 867 interim
778 831 853 870 nunc
865 815 952 872 duces
1004 822 1081 878 dices
1095 839 1128 879 ac
1142 822 1249 878 milites
1262 827 1375 878 nostros
1388 840 1459 890 esse,
1474 825 1514 879 sic
1526 826 1657 881 volumus
1671 842 1723 881 eos
1737 829 1821 884 mites

134 926 166 965 ³⁰
191 907 296 962 miliisss
312 907 471 962 mudum
496 914 623 962 ¹¹⁰⁵ts³ffl
643 906 859 979 dispositionem
872 910 950 980 locis,
1002 921 1031 973 et
1044 916 1284 972 benevoloscirca
1298 918 1447 973 collatores
1459 921 1574 973 nostros
1584 919 1820 987 existere,etnut·

135 1020 184 1057 seu
197 1001 368 1072 civitatibus,
391 1001 539 1073 inquibus
554 1000 703 1072 jussimus,
719 1001 846 1071 sedeant,
860 1002 952 1059 donec
1001 1012 1061 1066 tum
1077 1011 1226 1078 damnum,
1243 1011 1411 1082 nullamque
1426 1011 1571 1066 lesionem
1585 1012 1615 1068 in
1629 1029 1679 1068 eos
1695 1014 1817 1071 efficere.

133 1097 193 1151 Deo
204 1095 357 1150 auxitiante
373 1095 455 1150 nobis
471 1112 504 1149 ac
518 1094 681 1165 reipublicae
689 1097 795 1150 nostrie
810 1112 862 1167 per
875 1096 951 1153 tabo·
1002 1104 1052 1161 sin
1063 1109 1161 1159 entem
1172 1103 1325 1176 qnisquam
1337 1103 1372 1158 de
1383 1103 1612 1160 militibnsausns
1624 1106 1713 1162 fuerit
1721 1125 1819 1179 quam.

133 1207 178 1245 res
192 1192 305 1244 nostros
320 1189 349 1244 in
364 1188 419 1243 illis
433 1189 502 1244 locis
517 1187 649 1243 constitui
663 1187 784 1259 possint,
802 1189 951 1260 inquibus
1001 1215 1114 1270 ennqne
1124 1197 1551 1254 lesionemtributariisnestris
1562 1198 1681 1267 inferre,
1691 1201 1817 1272 periculo

131 1283 356 1355 uniuscujusque
371 1282 524 1354 provincie
535 1282 669 1353 antiquus
682 1281 765 1337 limes
779 1283 950 1339 constitutus
1000 1293 1052 1347 viri
1074 1290 1236 1365 spectabilis
1254 1291 1332 1346 (ineis
1346 1307 1396 1346 seu
1411 1290 1517 1346 tribuni
1532 1297 1561 1347 et
1574 1293 1714 1365 principis
1731 1295 1817 1366 digna

133 1381 204 1445 arat,
219 1377 335 1449 quando
347 1376 468 1431 tlorente
483 1377 615 1430 Romana
624 1374 770 1447 republica
783 1381 950 1433 memorata
1000 1385 1125 1440 vindicta
1140 1384 1292 1453 afficietur,
1305 1390 1337 1441 ut
1348 1384 1499 1440 indemnes
1510 1385 1652 1440 tributarii
1668 1388 1758 1442 nostri
1773 1406 1818 1443 cu-

134 1470 289 1543 provinciae
302 1470 422 1541 integrae
430 1469 613 1524 tenebantur.
624 1501 657 1509 -
668 1468 683 1541 ξ
695 1471 721 1526 8.
733 1471 786 1524 Pro
794 1471 950 1527 limitaneis
1000 1479 1172 1534 stedientnr.
1188 1510 1222 1519 -
1238 1478 1253 1551 ς
1276 1481 1318 1533 te,
1336 1478 1447 1534 sivero
1462 1495 1513 1550 pro
1533 1478 1709 1550 quibusdem
1726 1483 1817 1537 sensis

133 1582 201 1619 vero
215 1563 380 1618 ordinandis
396 1563 589 1617 necessarium
607 1561 689 1617 nobis
704 1580 766 1618 esse
781 1563 903 1632 videtur,
919 1570 950 1621 ut
999 1571 1193 1644 interpellatio
1209 1571 1286 1644 apud
1295 1576 1406 1626 nostros
1414 1571 1527 1643 jndices
1540 1572 1616 1627 seete
1630 1574 1728 1641 fuerit,
1736 1575 1818 1644 jube.

133 1661 212 1714 extra
225 1656 429 1712 comitatenses
443 1656 558 1725 milites,
572 1656 621 1727 qui
635 1673 688 1727 per
700 1661 792 1712 castra
808 1663 882 1727 sunt,
897 1659 949 1714 mi-
999 1682 1064 1720 mus
1077 1682 1135 1720 non
1146 1664 1270 1737 amplius
1282 1665 1473 1736 sportularum
1489 1664 1604 1720 nomine
1614 1682 1704 1737 quam
1714 1669 1818 1722 nostris

131 1751 197 1806 lites
205 1751 345 1805 limitanei
358 1749 578 1816 constituantur,
589 1750 638 1821 qui
650 1749 761 1821 possint
769 1754 798 1805 ct
810 1756 911 1820 castra,
920 1731 986 1808 etB
999 1759 1110 1831 tegibus
1127 1758 1278 1814 definitum
1296 1762 1339 1814 est
1351 1762 1529 1814 exsecutores
1544 1758 1687 1831 recipere,
1702 1778 1817 1832 pinnam

132 1843 250 1901 civitatis
263 1844 368 1898 limites
378 1842 546 1912 defendere,
558 1847 587 1897 et
596 1846 685 1898 terras
699 1845 804 1915 colere,
816 1849 845 1900 et
858 1849 889 1900 ut
898 1847 948 1901 alii
999 1853 1107 1909 eisdem
1124 1853 1237 1926 legibus
1261 1852 1400 1907 insertam
1419 1868 1452 1906 er
1466 1853 1695 1925 transgressione
1715 1855 1815 1911 tormi-

131 1936 319 2010 provinciales
333 1936 463 1991 videntes
476 1952 525 1991 eos
539 1942 711 2010 perperus,
729 1937 765 1992 ad
780 1938 829 1993 illa
841 1939 902 1994 loca
917 1956 947 1995 se
997 1948 1111 2003 dentes,

132 2032 291 2087 conterant.
300 2032 333 2086 ut
345 2030 509 2100 exemptum
519 2029 640 2085 fecimus
650 2030 734 2085 unius
747 2032 862 2087 numeri
874 2031 948 2087 limi·
1033 2041 1048 2113 ξ
1063 2044 1105 2097 13,
1120 2042 1192 2098 cirin
1211 2042 1307 2095 autern
1321 2040 1379 2095 Deo
1396 2045 1541 2095 annuente
1553 2042 1700 2097 Africanas
1713 2050 1817 2100 nostre,

130 2129 294 2190 tensorum,
308 2127 339 2178 ui
354 2122 512 2177 secuudum
525 2123 690 2195 elemplum
707 2124 785 2196 (1¹¹0d
797 2141 850 2181 ¹1⁰⁵
865 2125 946 2180 ului-
997 2134 1151 2207 provincias
1167 2150 1219 2205 per
1231 2137 1311 2188 tuam
1328 2132 1570 2204 magnitudinem,
1586 2136 1749 2192 secundum
1764 2156 1815 2193 no-

133 2216 753 2288 ¹11u⁸l¹0l⁰u⁸ilu&¹⁰⁰³‘lllffllll'Olideritiua
764 2218 945 2290 maguitudu
997 2234 1086 2285 stram
1092 2226 1310 2300 dispositionem
1318 2226 1468 2294 ordinatae,
1476 2231 1504 2282 et
1516 2228 1816 2303 timitesinentiquum

131 2328 181 2366 eos
194 2311 231 2366 ad
243 2309 462 2366 similitudinem
474 2310 564 2364 nostri
577 2310 700 2382 exempti
714 2310 842 2380 ordinet,
854 2312 893 2367 sic
907 2316 947 2369 ta·
997 2325 1103 2378 statum
1127 2321 1247 2388 reducti,
1265 2324 1294 2375 et
1309 2321 1403 2376 omnis
1425 2321 1521 2376 Atrine
1535 2320 1576 2376 sie
1589 2323 1709 2379 detenta
1732 2325 1817 2383 fuerit

129 2420 207 2470 men,
222 2409 255 2459 ut
267 2404 291 2458 si
305 2403 448 2458 inveneris
461 2403 498 2458 de
521 2403 673 2475 provinciis
690 2394 798 2459 idonee
814 2421 945 2478 corpora,
997 2417 1153 2482 sterteret,
1169 2431 1234 2470 enm
1247 2431 1317 2486 ergo
1333 2415 1394 2470 haee
1403 2416 1502 2471 emnia
1516 2415 1585 2488 (Deo
1594 2418 1728 2489 jurante)
1741 2437 1814 2492 pm.

130 2504 179 2554 aut
191 2498 227 2553 dc
240 2496 294 2552 iltis
308 2514 380 2569 quos
393 2501 479 2551 antea
493 2496 598 2552 milites
612 2497 766 2566 habebant,
781 2498 944 2555 limitanea·
998 2514 1076 2567 sente
1091 2514 1141 2565 tna
1154 2507 1354 2582 magnitudine
1362 2508 1500 2581 disposita
1509 2514 1537 2565 et
1551 2511 1683 2582 perfecta
1697 2512 1814 2584 tuerint,

131 2609 195 2647 rum
209 2591 366 2647 constituas
378 2589 407 2645 in
423 2591 594 2658 numero,in
608 2607 783 2664 unoquoque
798 2592 898 2663 limite,
916 2599 948 2650 ut
997 2608 1026 2660 et
1036 2621 1089 2676 per
1101 2605 1214 2660 labores
1227 2609 1289 2659 tuos
1305 2603 1455 2678 [antiquos]
1471 2604 1542 2659 fines
1553 2621 1660 2660 omnes
1669 2606 1767 2662 Africa
1775 2626 1816 2662 re

131 2691 153 2743 si
164 2687 386 2762 aliquatorsitan
394 2688 551 2743 commotio
562 2689 658 2756 tuerit,
669 2688 837 2763 possintipsi
845 2691 947 2747 limita·
996 2698 1114 2771 ceperit,
1131 2703 1160 2754 et
1174 2698 1305 2754 docuerit
1319 2715 1371 2754 nos
1385 2698 1420 2753 de
1437 2698 1517 2753 omni
1531 2698 1716 2755 ordinatione
1730 2702 1815 2756 totius

130 2784 179 2839 nci
191 2784 253 2838 sine
265 2781 498 2838 comitatensibus
514 2781 663 2849 militibus,
679 2799 737 2838 una
749 2800 814 2839 cum
828 2785 946 2842 ducibus
995 2791 1137 2848 Africanae
1149 2792 1314 2860 dioeceseos,
1328 2792 1358 2848 id
1373 2798 1424 2859 est,
1435 2792 1535 2864 quami
1550 2795 1579 2847 et
1590 2793 1643 2864 qui
1657 2793 1777 2861 milites,
1788 2796 1814 2850 in

130 2881 187 2936 srvis
207 2881 341 2952 adjuvare
359 2880 431 2948 loce,
446 2880 494 2935 ubi
511 2879 640 2952 dispositi
654 2881 772 2948 tuerint,
788 2899 846 2938 non
859 2883 946 2955 longe
997 2885 1185 2957 quibuslocis,
1200 2887 1243 2940 vol
1257 2885 1417 2941 civitatibus
1430 2885 1574 2941 constituti
1586 2890 1704 2955 suntet
1717 2890 1814 2958 quanli

129 2979 253 3034 limitem
266 2983 412 3047 exeuntes,
427 2995 480 3033 nec
494 2979 548 3050 ipsi
562 2977 716 3046 limitanei,
729 2997 782 3035 nec
796 2980 882 3036 duces
895 2999 944 3038 εο-
996 2979 1147 3049 limitanei,
1163 2983 1192 3035 et
1206 2980 1236 3035 in
1246 2979 1349 3052 quibus
1361 2979 1430 3035 locis
1440 2984 1468 3034 et
1478 2978 1585 3034 militiis
1596 2979 1736 3035 collocati
1742 2985 1813 3048 sunt,

129 3088 206 3142 rum,
224 3076 252 3126 et
272 3072 382 3124 nullum
406 3070 494 3125 etiam
519 3070 699 3142 dispendium
716 3090 733 3128 a
755 3073 883 3142 ducibus,
901 3075 945 3130 vel
997 3075 1064 3128 tune
1073 3072 1210 3144 jubemus
1223 3077 1302 3128 tumn
1317 3073 1547 3145 magnitudinem
1563 3072 1600 3127 ad
1615 3079 1750 3129 nostram
1761 3076 1813 3130 cle-

130 3168 259 3226 ducianis
273 3168 401 3241 praedicti
422 3167 565 3224 limitanei
584 3169 751 3239 sustineant,
767 3188 820 3226 nce
836 3171 945 3243 aliquas
996 3161 1136 3217 mantiam
1151 3178 1292 3217 remeare·
1308 3195 1342 3203 -
1357 3162 1373 3234 ξ
1390 3162 1431 3217 ¹4·
1449 3164 1645 3217 intereavero
1664 3163 1688 3217 si
1706 3165 1813 3237 aliquas

130 3263 182 3318 sibi
194 3261 459 3318 consuetudinesde
470 3278 571 3317 eorum
585 3261 733 3334 stipendiis
745 3281 797 3335 per
812 3265 945 3321 fraudem
995 3255 1120 3311 civitates
1128 3272 1179 3311 seu
1190 3256 1305 3312 castella
1314 3273 1367 3328 per
1376 3255 1480 3312 limites
1493 3256 1649 3312 constituta
1656 3258 1813 3329 providerit

129 3359 257 3414 adsuum
270 3358 569 3412 tucrumconvertant.
585 3357 649 3412 llaec
663 3362 761 3413 eutem
777 3374 835 3414 non
852 3360 944 3414 sotum
994 3352 1045 3404 tua
1060 3349 1230 3421 magnitudo
1240 3349 1338 3405 nimiae
1351 3367 1412 3405 esse
1424 3349 1644 3421 magnitudinis,
1656 3355 1688 3407 et
1697 3358 1814 3424 propter

128 3453 158 3507 in
169 3451 332 3507 limitaneos
342 3449 472 3505 volumus
486 3449 700 3519 observari,sed
716 3450 803 3506 etiam
820 3451 946 3508 incomi·
994 3443 1048 3499 11⁰0
1060 3461 1119 3499 u⁰u
1133 3460 1217 3516 POSSO
1230 3443 1305 3499 huuu
1320 3443 1467 3511 custodiri,
1485 3444 1520 3499 ud
1536 3445 1625 3500 iulum
1641 3445 1767 3501 modum
1781 3464 1812 3502 uu

128 3550 254 3601 tatenses
268 3543 383 3599 milites.
393 3575 427 3584 —
439 3543 454 3616 ξ
467 3546 494 3598 9.
506 3545 540 3599 Et
556 3560 791 3615 unumquemque
802 3545 946 3601 decernet
994 3537 1120 3594 construi
1132 3537 1275 3609 disponat,
1283 3538 1430 3610 utpossint
1439 3555 1491 3610 per
1499 3538 1810 3609 paucosbeneserrari.

128 3639 258 3694 tribunos
282 3637 452 3693 eorumdem
471 3636 596 3692 militum
615 3636 761 3707 jubemus,
778 3641 810 3692 ut
830 3656 945 3711 semper
994 3630 1056 3704 -ἓ
1072 3634 1113 3686 ¹5·
1126 3632 1196 3688 Cum
1210 3635 1306 3687 autem
1317 3631 1485 3704 magnitudo
1499 3635 1558 3700 tua,
1571 3633 1709 3689 omnibus
1723 3634 1812 3707 dispo·

128 3732 233 3788 milites
246 3732 281 3786 ad
297 3730 530 3786 exercitationem
542 3745 690 3785 armorum
704 3733 832 3797 teneant,
844 3736 873 3787 et
885 3749 944 3789 non
994 3725 1064 3793 sitis,
1073 3724 1109 3779 ud
1120 3742 1173 3781 11⁰³
1185 3726 1403 3796 remearejtlssu
1413 3724 1509 3795 fuerit,
1525 3728 1593 3781 tunc
1609 3726 1699 3782 duces
1715 3729 1809 3784 unius

129 3824 289 3879 concedant
302 3841 349 3878 eos
359 3823 496 3894 divagari,
506 3826 540 3878 ut
549 3823 571 3877 si
580 3823 697 3894 quando
712 3824 866 3880 necessitas
874 3842 942 3881 con·
994 3819 1131 3890 citiusque
1146 3819 1244 3874 limitis
1252 3837 1260 3889 ;
1279 3819 1390 3890 quoties
1404 3836 1457 3891 pro
1471 3821 1683 3892 componendis
1695 3822 1811 3878 civitati·

128 3915 353 3987 tigerit,possint
365 3915 488 3969 inimicis
497 3914 641 3984 resistere,
655 3919 683 3970 et
696 3917 807 3972 nullum
819 3919 946 3975 audeant
993 3912 1056 3981 bus,
1074 3916 1124 3968 aut
1137 3913 1245 3982 castris,
1260 3916 1290 3968 et
1306 3930 1358 3984 pro
1372 3913 1528 3985 dispendiis
1540 3913 1608 3983 suis,
1625 3918 1678 3970 aut
1690 3933 1743 3989 pro
1760 3933 1808 3972 en-

130 4009 215 4064 duces
228 4013 279 4064 aut
296 4007 406 4063 tribuni
418 4008 639 4063 commeatalem
655 4010 690 4063 de
707 4009 776 4082 ipsis
788 4011 943 4080 dimittere,
994 4007 1079 4062 nonis
1100 4005 1217 4078 aliquod
1240 4022 1312 4079 opus
1335 4007 1500 4077 habuerint,
1515 4007 1637 4064 celerius
1659 4009 1698 4064 ad
1719 4011 1809 4065 virum

129 4121 175 4172 ne,
193 4103 261 4159 dum
272 4102 327 4158 sibi
339 4103 449 4157 tucrum
465 4100 582 4156 student
596 4102 748 4169 conficere,
757 4102 944 4161 incustoditas
993 4099 1181 4173 magnificum
1201 4100 1370 4172 praetectum
1384 4117 1436 4172 per
1449 4101 1576 4157 Africam
1592 4101 1768 4174 significent,
1781 4110 1811 4160 ut

128 4201 240 4253 nostras
256 4197 420 4268 relinquant
437 4195 607 4268 provincias.
622 4195 693 4250 Nam
707 4195 730 4251 si
745 4198 944 4270 usurpaverint
992 4194 1130 4267 ipseque
1140 4194 1300 4250 necessaria
1311 4194 1659 4264 tuerintiestinetiacere,
1670 4214 1707 4253 ne
1717 4199 1810 4270 aliqua

128 4291 283 4347 memorati
294 4291 390 4357 duces,
399 4290 443 4345 vel
452 4289 547 4345 officia
559 4305 730 4359 eorum,seu
742 4291 944 4361 tribuni,eom-
993 4288 1147 4360 protractio
1162 4287 1314 4361 provinciis
1329 4295 1441 4344 noceat.

126 4384 944 4456 mentalemdemititibusrelinquere,autaliquodlucrum
1029 4382 1044 4454 ἓ
1064 4386 1105 4438 td.
1126 4383 1166 4437 Ea
1181 4398 1259 4450 vero,
1278 4398 1342 4453 quea
1360 4382 1421 4453 ipse
1438 4382 1546 4450 iecerit,
1562 4383 1605 4438 vat
1628 4399 1696 4455 quae
1719 4384 1811 4439 adbuc

128 4480 164 4535 de
178 4496 279 4535 eorum
286 4477 549 4534 emolumentissibi
555 4478 713 4549 acquirere,
721 4479 775 4534 hoc
784 4496 842 4535 non
851 4481 942 4536 sotum
952 4473 982 4548 D
993 4476 1153 4531 necessario
1163 4476 1345 4548 procuranda
1357 4478 1811 4547 suntpostca,etmemoratusvir

126 4573 354 4645 inquadruplum
359 4571 612 4644 jubemuspublico
620 4573 789 4643 rependere,
799 4574 849 4628 sed
857 4575 944 4630 etiam
994 4569 1164 4642 magnificus
1179 4570 1330 4642 preelectus
1344 4570 1498 4640 [pretorio]
1510 4569 1620 4639 Africa,
1636 4574 1667 4626 et
1679 4571 1733 4626 viri
1748 4589 1809 4644 spe·

128 4667 269 4739 dignitate
283 4682 332 4721 eos
344 4664 460 4737 privari.
471 4664 559 4736 Magis
573 4664 651 4720 enim
665 4664 772 4722 debent
783 4666 904 4722 etduces
915 4672 944 4723 et
993 4664 1108 4720 stabiles
1121 4663 1216 4733 duces,
1231 4663 1307 4718 etde
1323 4663 1386 4719 aliis
1401 4663 1535 4720 omnibus
1550 4679 1616 4735 quae
1629 4663 1671 4719 ibi
1685 4669 1810 4737 aguntur

124 4761 232 4817 tribuni
248 4776 335 4832 supra
348 4760 484 4830 deputata
500 4757 551 4813 sibi
574 4759 771 4815 emolumenta
786 4760 943 4816 secundum
993 4758 1160 4830 frequenter
1174 4757 1210 4813 ad
1225 4773 1278 4813 nos
1291 4758 1429 4825 referant,
1445 4761 1479 4812 ut
1491 4757 1644 4814 benefecta
1659 4760 1810 4815 confirme

124 4856 235 4911 labores
260 4871 327 4910 suos
346 4853 382 4908 de
403 4855 501 4908 nostra
523 4852 656 4923 largitate
676 4853 942 4910 remunerationem
992 4870 1067 4921 mus,
1082 4856 1112 4909 et
1124 4869 1187 4925 que
1200 4851 1389 4924 opportunius
1403 4851 1510 4907 debent
1521 4851 1595 4919 fieri,
1607 4867 1642 4907 ex
1652 4857 1753 4909 nostra
1768 4854 1807 4909 di·

14 5010 17 5014 Δ
125 4965 251 5019 sperare,
270 4951 299 5003 et
315 4965 373 5003 non
392 4946 427 5001 de
442 4946 612 5001 commeatis
631 4945 755 5001 militum
777 4951 828 5003 aut
841 4965 941 5004 eorum
992 4947 1149 5019 spositione
1164 4950 1349 5017 peragantur.
1366 4977 1400 4985 -
1416 4944 1431 5016 ξ
1448 4945 1557 5001 t7.ttoc
1572 4944 1663 5002 etiam
1676 4947 1808 5003 decerni·

124 5040 273 5113 stipendiis
287 5043 397 5097 lucrum
412 5040 465 5096 sibi
480 5039 639 5112 acquirere,
656 5041 794 5112 quoniam
810 5042 875 5098 ideo
893 5059 940 5098 or·
991 5058 1066 5108 mus,
1078 5043 1110 5096 ut
1120 5039 1232 5111 judices
1245 5038 1293 5112 qui
1305 5037 1458 5096 ordinandi
1472 5043 1538 5094 sunt
1551 5056 1603 5111 per
1614 5040 1768 5097 Africanos
1778 5041 1807 5097 li·

125 5133 215 5189 dinati
226 5135 417 5203 summittes,
435 5138 465 5190 ut
476 5152 528 5208 per
541 5134 618 5206 ipsos
631 5134 785 5206 provincia
798 5135 941 5192 vindicen-
991 5136 1085 5203 mites,
1099 5134 1170 5190 nihil
1186 5133 1308 5204 amptius
1323 5133 1352 5189 in
1365 5131 1555 5190 sacratissimo
1570 5133 1678 5205 palatio
1691 5135 1806 5190 cuilibet

123 5230 180 5296 tur,
199 5227 342 5299 praecipue
361 5245 426 5283 cum
447 5228 624 5284 sufficienter
635 5232 664 5284 et
682 5229 751 5301 ipsis
767 5229 896 5299 ducibus,
912 5234 942 5287 et
989 5245 1121 5302 persone
1142 5232 1191 5283 aut
1204 5226 1347 5298 dignitati,
1361 5228 1404 5281 vel
1419 5227 1448 5281 in
1467 5226 1601 5298 pretorio
1616 5229 1806 5299 pertineam

124 5338 225 5378 eorum
239 5320 339 5377 oiticiis
354 5322 549 5378 emolumenta
562 5323 756 5394 prestitimus,
773 5329 802 5379 et
824 5341 940 5396 semper
990 5323 1168 5396 praefectura
1187 5324 1216 5376 ct
1236 5320 1410 5392 magisteriae
1428 5320 1562 5394 potestati
1578 5322 1739 5393 prebeant,
1754 5323 1805 5378 nisi

121 5416 301 5487 providimus
314 5430 552 5487 unumquemque
571 5417 730 5472 secundum
745 5416 860 5473 labores
874 5435 940 5474 suos
990 5421 1131 5490 quantum
1141 5416 1361 5471 subterannexa
1372 5414 1606 5471 declaretnotitia
1617 5432 1624 5482 ;
1636 5417 1736 5472 namsi
1747 5417 1805 5489 quis

123 5510 160 5569 ed
168 5511 301 5567 meliores
315 5509 431 5582 gradus,
446 5512 474 5563 et
489 5508 524 5562 ad
537 5511 663 5581 majores
671 5511 825 5583 dignitates
838 5512 940 5584 perdo·
989 5513 1110 5584 amplius
1123 5526 1209 5584 quam
1222 5510 1253 5564 in
1264 5508 1378 5565 subdita
1388 5509 1625 5565 notitiataxatum
1636 5515 1680 5565 est
1689 5528 1804 5584 usurpe-

121 5619 196 5659 cere,
214 5636 248 5646 -
268 5604 283 5677 ξ
300 5608 342 5661 to.
357 5605 512 5675 Postquam
528 5617 596 5657 vero
610 5606 667 5660 Deo
679 5605 828 5677 placuerit,
844 5609 873 5661 et
886 5623 939 5678 per
988 5605 1069 5674 verit,
1084 5622 1135 5661 seu
1154 5602 1305 5676 acceperit,
1319 5602 1438 5674 triginta
1457 5602 1543 5659 libras
1556 5602 1621 5659 auri
1636 5605 1741 5662 multae
1754 5605 1799 5661 de-

121 5699 201 5752 tuam
208 5697 529 5768 magnitudinemlimes
536 5696 629 5751 omnis
637 5697 666 5751 in
674 5699 824 5770 antiquum
832 5702 937 5756 statum
987 5699 1096 5772 pendat
1112 5699 1238 5767 nomine,
1251 5714 1317 5755 cum
1332 5714 1388 5770 quo
1410 5697 1576 5770 elpericuto
1591 5697 1802 5772 indignationis

119 5789 760 5859 pervenerit,etbeneordinatnstuerinttunc
773 5791 936 5867 ubicunque
989 5797 1095 5852 nostre
1114 5792 1291 5866 [serenitatis]
1315 5791 1481 5865 subjacebit,
1501 5791 1581 5849 nulla
1596 5792 1656 5850 alia
1677 5793 1802 5867 qualibet
