3878 6150
102 292 155 353 res
394 341 396 344 .
744 296 943 357 semiraso
961 294 1150 357 monstrt.
1444 276 1451 285 ’
1733 298 1799 365 iso.

100 398 272 477 evangelicae
285 401 360 461 rocis
372 403 463 476 docet,
479 407 589 462 montes
601 410 762 475 moventur,
776 407 815 463 sic
827 409 915 481 possi·
926 409 1066 493 Aeadem
1075 408 1167 463 torma
1185 407 1305 464 vitulum
1319 421 1386 464 cum
1400 424 1449 464 sua
1466 404 1575 468 invenit
1589 424 1680 483 vacca,
1695 427 1782 486 quem

100 499 170 555 bilia
191 503 258 554 sunt
272 500 402 554 omnibus
422 500 600 556 credentibus
621 499 729 570 (111111.
751 503 827 574 xvir),
853 519 917 559 eam
965 507 999 557 ut
1010 502 1135 573 priorem
1150 502 1210 574 ipsa
1223 503 1368 558 dilexerat.
1385 504 1418 558 Et
1440 504 1540 559 telaria
1559 505 1637 578 ligna
1650 506 1781 566 similiter

102 592 299 664 gravissimam
312 592 442 648 arborem
450 594 620 665 evangelicae
630 594 753 662 virtutis,
763 613 815 667 per
823 596 918 652 divina
967 596 1020 650 sibi
1034 612 1092 667 prae
1106 597 1214 651 crateris
1227 601 1366 667 reparata,
1382 596 1412 651 in
1426 598 1474 652 tali
1488 598 1579 656 forma
1587 605 1615 656 et
1623 602 1780 672 quantitate

100 687 245 757 mysteria,
262 687 339 741 nullo
352 687 515 742 mortalium
525 688 631 743 auxilio
644 687 770 743 levantes
785 689 845 745 sine
860 690 917 746 ulla
966 689 1061 760 inqua
1074 690 1168 760 priora
1179 690 1302 757 fuerant,
1316 692 1506 762 contemplata
1518 698 1570 748 est.

100 785 266 841 difficultate
280 785 316 840 ad
338 784 442 855 locum,
456 802 543 857 quern
565 785 654 842 voluit
675 790 772 841 sancta
794 787 915 859 Brigida,
1001 783 1035 838 Et
1049 783 1087 837 sic
1102 787 1196 838 sancta
1214 784 1329 854 Brigida
1342 784 1416 839 felici
1429 802 1592 857 progressu,
1607 792 1636 842 at
1657 789 1781 847 mirabili

100 879 273 946 detulerunt,
288 896 320 933 ac
338 895 389 950 per
410 896 509 934 omnes
532 879 690 950 provincias
711 884 789 935 tanta
815 881 917 937 diune
965 875 1038 930 facta
1050 876 1163 944 virtute,
1177 879 1206 930 et
1218 877 1598 950 habitatoribusraledicens,
1609 881 1780 950 pontitlcein

99 973 212 1028 virtutis
225 973 392 1027 excellentia
404 972 547 1044 divulgata
563 977 615 1028 est.
965 985 1046 1024 suam
1062 970 1138 1024 riam
1151 969 1285 1040 perrexit.

136 1067 170 1122 Et
182 1071 277 1121 nostro
300 1066 421 1121 occurrit
434 1067 539 1136 animo,
555 1083 611 1121 uon
632 1067 782 1122 excludere
798 1071 829 1123 et
841 1067 916 1124 hanc
1001 1063 1034 1117 Et
1059 1078 1122 1117 ecce
1143 1062 1172 1116 in
1192 1067 1268 1118 tanta
1286 1062 1491 1121 miraculorum
1516 1065 1712 1137 magnitudine
1726 1068 1780 1126 hoo

99 1161 233 1216 virtutem
249 1159 360 1214 silentio
373 1163 480 1214 nostro.
966 1155 1093 1225 ejusdem
1120 1172 1192 1226 opus
1218 1157 1384 1226 praclarum
1410 1157 1546 1213 admirari
1569 1161 1650 1216 solet.
1677 1162 1778 1217 Tribus

136 1253 255 1318 Quidam
276 1254 354 1307 enim
374 1253 417 1307 vir
435 1254 586 1321 secularis,
601 1257 630 1309 et
652 1259 736 1326 gente
758 1255 869 1322 nobilis,
887 1259 917 1312 et
965 1248 1170 1319 euimleprosis
1178 1250 1386 1320 postulantibus
1395 1267 1499 1305 mrruus
1510 1252 1778 1326 aliquodcunqueab

99 1347 211 1402 dolosus
230 1346 356 1401 moribus
372 1347 556 1401 exardescens
578 1347 608 1401 in
630 1346 776 1418 cujusdam
801 1347 916 1403 feminae
965 1341 1209 1412 1111011111,111
1233 1343 1335 1413 largita
1347 1349 1389 1398 est
1409 1348 1588 1414 argenteum.
1617 1348 1651 1401 Et
1668 1365 1706 1403 ne
1722 1348 1779 1404 illis

97 1439 367 1510 concupiscentiam,
385 1443 414 1494 et
432 1440 588 1511 quomodo
607 1440 668 1511 ejus
691 1440 842 1495 concubitu
857 1441 913 1496 frui
964 1438 1037 1489 esset
1048 1451 1130 1489 causa
1142 1435 1291 1490 discordiae
1305 1441 1334 1492 et
1348 1437 1545 1507 contentionis,
1561 1439 1581 1492 si
1597 1440 1637 1494 illi
1660 1442 1734 1496 iuter
1748 1458 1778 1496 se

97 1538 192 1605 posset
201 1533 299 1588 callide
312 1533 449 1604 cogitans,
463 1549 496 1586 ac
509 1537 617 1587 sentem
630 1538 796 1605 argenteam
807 1535 913 1604 pretio.
964 1527 1129 1594 dividerent,
1159 1528 1270 1584 cuidam
1293 1529 1329 1613 iu¹
1347 1531 1519 1600 ponderibus
1542 1532 1604 1585 auri
1623 1539 1651 1588 et
1664 1535 1776 1605 argenti

98 1643 160 1682 satu
172 1627 202 1680 in
223 1627 383 1697 depositum
404 1611 457 1680 sibi·
480 1626 694 1694 commendans,
709 1643 797 1699 quam
819 1626 914 1683 doloso
963 1625 1106 1691 comperto
1118 1621 1189 1674 dixit
1204 1626 1235 1675 ut
1256 1621 1331 1676 inter
1350 1622 1413 1677 illos
1427 1622 1480 1678 hoc
1493 1625 1666 1695 ponderaret
1687 1627 1778 1683 tribus

98 1720 217 1775 retraxit
228 1719 277 1774 illa
290 1720 448 1790 ignorante,
464 1724 492 1773 et
508 1719 578 1789 jecit
589 1720 620 1773 in
632 1736 722 1788 mare,
737 1725 766 1775 ct
777 1736 842 1774 cum
854 1720 913 1792 ipsa
964 1712 1119 1784 aequalibus
1141 1712 1278 1784 partibus.
1302 1715 1428 1786 Cumque
1449 1733 1584 1773 excusare
1602 1734 1631 1774 se
1650 1721 1779 1791 coepisset

95 1829 155 1868 non
169 1817 263 1884 posset
275 1813 403 1881 reddere,
419 1811 472 1866 sibi
487 1817 559 1868 esset
574 1813 685 1881 ancille,
703 1817 732 1868 et
745 1812 805 1884 ejus
816 1818 913 1885 postea
923 1787 950 1858 B
962 1806 1066 1872 11101111,
1080 1807 1236 1876 ponderare
1249 1824 1278 1862 111
1299 1808 1620 1881 01111111111011110110,
1636 1812 1695 1883 ipsa
1713 1813 1775 1869 feli-

97 1910 234 1975 uteretur,
251 1909 284 1960 ut
298 1905 392 1974 vellet,
406 1905 593 1976 amplexibus,
606 1906 785 1962 machinatus
798 1912 838 1962 est
859 1906 913 1962 hoc
963 1899 1074 1954 1111111111
1095 1899 1219 1970 31181111,
1243 1901 1420 1970 apprehenso
1438 1918 1501 1956 vase
1523 1909 1667 1974 argentee,
1687 1906 1777 1962 allidit

95 1999 233 2072 perficere
247 1999 365 2068 malum,
389 1999 467 2054 nulla
484 1999 538 2053 alia
551 2015 580 2053 re
594 2016 625 2053 ae
639 2000 832 2070 redemptione
850 1999 912 2070 ple·
962 1995 1060 2046 contra
1072 1992 1204 2063 lapidem,
1220 1998 1247 2047 et
1259 1993 1397 2065 confregit
1408 1995 1438 2048 in
1452 1998 1518 2064 tres,
1532 2000 1561 2049 111
1575 1998 1673 2064 voluit,
1684 2015 1776 2071 aequa·

95 2097 176 2148 catus
189 2092 250 2148 tieri
271 2109 352 2164 posse
366 2093 472 2160 dicens,
485 2093 540 2146 uisi
554 2095 603 2147 aut
625 2093 738 2164 propria
761 2092 814 2147 sibi
833 2095 912 2149 sente
960 2085 1001 2139 111
1021 2091 1122 2156 parles·
1144 2086 1245 2141 Mirum
1259 2087 1290 2141 in
1304 2087 1433 2154 modum,
1456 2105 1522 2143 011111
1537 2095 1632 2160 postea
1646 2091 1705 2146 islffl
1719 2097 1775 2148 tres

94 2191 230 2257 argentea
243 2186 425 2256 reddita,aut
443 2186 621 2257 ipsaiemina
634 2187 664 2241 in
679 2186 843 2241 servitutem
858 2186 912 2241 sibi
960 2186 1054 2253 partes
1074 2182 1104 2237 in
1116 2184 1240 2254 pondere
1262 2188 1356 2240 essent
1377 2201 1509 2255 emensae,
1534 2187 1613 2241 nulla
1633 2205 1699 2259 pars
1719 2190 1774 2245 alia

94 2279 207 2334 redacta
219 2296 271 2350 pro
283 2296 366 2334 causa
388 2279 521 2350 culpabili
541 2279 649 2350 fragilis
675 2279 909 2349 concupiscentiae
960 2275 1054 2330 minor
1066 2277 1109 2332 vel
1122 2276 1178 2331 alia
1188 2294 1252 2349 quae
1265 2278 1350 2332 uliam
1365 2282 1522 2349 superaret,
1533 2281 1598 2335 licet
1610 2298 1667 2335 uuo
1680 2282 1772 2351 obolo,

95 2377 233 2428 uteretur.
247 2375 281 2428 Et
294 2372 356 2427 haec
368 2373 473 2427 timens
486 2373 589 2443 pudica
601 2372 709 2426 femina
723 2373 802 2444 quasi
819 2372 855 2427 ad
869 2372 908 2427 ci·
961 2368 994 2423 de
1009 2369 1054 2423 his
1064 2369 1178 2425 inventa
1192 2374 1234 2424 est
1246 2371 1337 2425 tribus
1350 2372 1487 2442 partibus.
1501 2374 1535 2427 Et
1546 2373 1586 2427 sic
1598 2374 1651 2444 ipsi
1665 2392 1772 2446 paupe-

94 2465 553 2537 ritatemrefugiitutissimarn,ad
562 2469 688 2520 sanctam
695 2465 910 2537 Brigidamcon-
960 2478 1004 2517 res
1017 2462 1077 2518 sine
1089 2463 1147 2518 ulla
1161 2463 1273 2534 injuria
1286 2464 1433 2520 etinvidiae
1442 2466 1588 2521 causalaeti
1597 2475 1773 2533 recesserunt

93 2559 178 2630 fugit.
194 2560 261 2623 Quoe
272 2575 337 2614 cum
350 2560 436 2614 talem
449 2558 633 2630 comperisset
645 2575 770 2625 causam,
783 2559 827 2614 vel
840 2559 908 2630 quid
959 2571 1024 2609 cum
1041 2556 1097 2611 suis
1116 2556 1207 2612 donis.

93 2669 146 2724 pro
160 2653 213 2706 hac
226 2669 256 2709 re
265 2657 362 2724 egeret
371 2653 517 2724 cogitaret,
529 2668 652 2707 cumnec
659 2651 728 2706 dum
740 2652 826 2706 verba
833 2669 909 2707 com·
994 2648 1152 2703 Secundum
1176 2650 1253 2705 enim
1275 2650 1429 2706 beatissimi
1446 2652 1496 2707 lob
1513 2655 1676 2724 exemplum
1696 2673 1768 2711 nun·

92 2744 208 2816 plesset,
222 2746 385 2817 supervenit
398 2746 434 2800 ad
446 2762 475 2799 se
486 2745 601 2816 quidam
608 2761 673 2798 curn
686 2744 809 2815 piscibus
817 2744 909 2799 (11111-
956 2757 1042 2812 quam
1064 2742 1164 2813 inopes
1185 2760 1202 2797 a
1218 2760 1248 2798 se
1263 2745 1392 2799 recedere
1417 2745 1481 2798 sinu
1503 2762 1591 2800 vactro
1617 2765 1696 2818 passa
1717 2758 1768 2806 est.

93 2838 171 2893 mine
187 2838 292 2893 tractis.
299 2839 425 2910 Cumque
432 2839 547 2893 illorum
554 2838 661 2892 viscera
670 2836 763 2892 excisa
772 2841 801 2891 et
811 2841 908 2909 aperte
955 2835 1025 2888 Nam
1047 2835 1219 2906 vestimenta
1234 2838 1424 2892 transmarina
1436 2843 1465 2894 et
1477 2839 1627 2912 peregrina
1646 2842 1770 2914 episcopi

93 2938 197 3005 essent,
213 2935 300 2991 sentis
317 2936 363 2991 illa
376 2940 521 3008 argentea,
539 2951 625 3007 quam
640 2934 686 2989 ille
707 2934 829 2989 crudelis
838 2935 907 3005 jecit
955 2927 1091 2983 Conleath
1105 2929 1228 2985 decorati
1243 2931 1368 2999 luminis,
1383 2931 1485 3003 quibus
1498 2933 1529 2987 in
1542 2933 1769 2991 solemnitatibus

92 3029 122 3083 in
135 3044 226 3097 mare,
237 3029 266 3083 in
276 3028 369 3084 medio
378 3029 462 3084 unius
471 3029 554 3100 piscis
567 3032 678 3099 reperta
684 3031 734 3083 est.
746 3030 780 3083 Et
787 3027 825 3082 sic
832 3032 907 3099 post·
954 3021 1065 3075 Doniini
1077 3027 1106 3077 et
1117 3021 1220 3093 vigiliis
1232 3024 1425 3095 apostolorum
1431 3041 1509 3079 sacra
1517 3025 1547 3082 in
1558 3027 1693 3083 altaribus
1702 3028 1770 3085 otle-

93 3138 125 3176 13
145 3138 244 3176 secura
257 3124 353 3177 mente
379 3122 509 3177 eamdem
529 3126 638 3177 sentem
654 3137 749 3176 seeum
770 3126 903 3192 portens3
955 3130 1020 3169 rens
1044 3116 1178 3186 mysteria
1197 3116 1339 3184 utebatur,
1363 3118 1535 3189 pauperihus
1552 3119 1655 3191 largita
1667 3127 1717 3176 est.
1734 3124 1768 3178 Et

92 3221 120 3270 et
134 3214 171 3269 ad
183 3218 354 3270 conventum
367 3215 613 3286 multitudinispro
626 3215 679 3269 hac
692 3214 773 3285 eulpa
788 3231 852 3269 eum
866 3219 907 3286 ty·
956 3224 1021 3261 cum
1031 3210 1143 3280 tempus
1156 3208 1340 3265 solemnitatis
1351 3210 1474 3280 advenit,
1485 3213 1640 3267 secundum
1648 3231 1765 3270 consue-

90 3324 183 3362 ranno
202 3308 302 3363 infami
326 3308 521 3378 progrediens,
536 3313 564 3362 ct
586 3312 747 3362 monstrans
761 3307 813 3361 sibi
826 3323 905 3362 eam·
954 3300 1093 3370 tudinem,
1107 3308 1139 3356 ut
1153 3301 1212 3373 ipse
1225 3319 1354 3357 summus
1377 3304 1550 3375 populorum
1570 3307 1697 3376 pontifex
1709 3308 1767 3364 suis

91 3401 156 3455 dem
172 3406 290 3470 sentem,
304 3401 402 3455 multis
414 3400 591 3470 testantibus,
606 3401 656 3473 qui
672 3417 737 3455 eam
753 3415 906 3471 agnoscere
954 3392 1071 3448 indutus
1080 3398 1152 3449 essct
1163 3395 1321 3450 mutatoriis
1330 3396 1463 3466 restibus,
1474 3403 1570 3452 sancta
1580 3399 1693 3467 Brigida
1702 3418 1766 3471 quas

92 3497 232 3563 poterant,
246 3510 305 3549 non
318 3493 403 3549 aliam
417 3509 486 3561 esse,
502 3493 695 3565 sedipsamde
708 3509 764 3563 qua
777 3492 905 3548 talisser·
954 3486 1051 3557 priora
1076 3486 1242 3542 vestimenta
1267 3488 1341 3543 illius
1359 3489 1482 3561 episcopi
1501 3491 1610 3546 Christo
1627 3492 1658 3547 iu
1674 3493 1767 3549 forma

91 3602 137 3641 mo
149 3585 302 3652 serebatur,
315 3586 509 3641 adhaerentem
519 3586 573 3640 sihi
586 3586 723 3641 feminam
731 3585 864 3656 pudicam
871 3585 905 3641 11
954 3595 1112 3650 pauperum
1125 3581 1214 3651 posito
1228 3580 1358 3653 donabat,
1366 3583 1419 3637 alia
1430 3583 1531 3638 similia
1539 3600 1590 3655 per
1600 3587 1695 3641 omnia
1703 3604 1765 3643 vcs-

90 3677 222 3733 manibus
235 3680 348 3750 tyranni
361 3677 547 3734 crudelissimi
555 3677 692 3733 1111111111.
703 3678 751 3733 llle
766 3694 833 3733 vcro
842 3694 907 3749 pos·
955 3672 1072 3728 timente
1082 3673 1225 3744 prioribus
1238 3679 1296 3729 tum
1308 3675 1437 3746 texturis,
1446 3693 1532 3748 quam
1541 3678 1690 3750 coloribus,
1700 3698 1765 3753 quaa

90 3775 134 3825 tea
146 3770 284 3826 confitens
298 3788 378 3826 suam
392 3772 517 3843 culpam,
533 3775 638 3826 sanctae
652 3771 773 3842 Brigidae
787 3770 903 3826 humili·
954 3765 984 3820 in
997 3767 1045 3821 illa
1058 3768 1151 3821 horaa
1164 3767 1285 3838 Christo,
1299 3785 1443 3841 quemper
1452 3787 1608 3843 pauperem
1619 3773 1763 3843 induebat,

90 3868 133 3919 ter
145 3880 197 3919 sua
205 3864 330 3919 subdidit
344 3865 423 3920 colla·
436 3866 513 3918 Tunc
526 3863 575 3919 illa
588 3864 623 3918 ab
639 3864 771 3918 omnibus
783 3863 905 3936 gloriosa
953 3860 1059 3931 perlata
1071 3860 1100 3914 in
1113 3877 1199 3916 curru
1209 3862 1329 3917 duarum
1343 3869 1490 3936 acceperat
1499 3868 1635 3935 rotarum,
1649 3869 1766 3925 tradidit

88 3961 202 4028 peracto
222 3956 275 4012 hoc
288 3957 399 4028 ingenti
417 3957 553 4012 miraculo
569 3956 673 4028 gratias
694 3973 782 4028 agens
796 3957 861 4027 ileo,
876 3962 905 4014 11
953 3970 1004 4025 pro
1013 3953 1083 4009 aliis.
1097 3953 1342 4011 Voluntarieeuim
1355 3957 1408 4011 alia
1421 3959 1590 4030 pauperibus
1597 3961 1765 4018 vestimenta

90 4049 230 4105 omniain
243 4050 304 4121 ejus
332 4049 453 4121 gloriam
477 4050 592 4117 iaciens,
606 4048 725 4106 domum
739 4049 823 4105 rediit
837 4065 901 4121 pro·
952 4047 1064 4117 obtulit,
1079 4052 1107 4103 et
1121 4047 1182 4103 haec
1195 4065 1247 4121 pro
1260 4050 1300 4104 eis
1313 4055 1470 4122 opportune
1483 4052 1598 4122 recepit.
1616 4054 1686 4108 Nam
1698 4071 1763 4110 cum

88 4143 192 4214 priam.
952 4140 1011 4212 ipsa
1024 4144 1097 4196 esset
1110 4141 1205 4196 virum
1215 4142 1443 4199 ettelicissimum
1453 4145 1558 4199 summi
1568 4145 1666 4216 capitis
1675 4164 1765 4203 mem·

123 4238 157 4292 Et
169 4235 368 4291 bis‘miraculis
392 4236 550 4307 gloriosum
566 4236 627 4306 ejus
640 4252 705 4291 cum
720 4236 814 4307 aliqua
827 4235 902 4291 fideli
951 4233 1045 4304 brum,
1059 4237 1303 4306 potenteromnia,
1314 4253 1378 4308 quoe
1391 4237 1574 4307 desiderabat,
1583 4239 1761 4309 operabatur.

89 4329 196 4385 femina
209 4328 365 4400 hospitium
381 4329 467 4400 jungi
482 4328 575 4385 debet.
589 4329 649 4393 Quo
668 4344 837 4400 prosperum
849 4329 904 4384 iter
988 4329 1057 4382 ltem
1071 4333 1100 4383 et
1119 4328 1174 4383 hoc
1187 4333 1284 4383 sancta
1305 4328 1384 4383 fulsit
1398 4329 1512 4400 Brigida
1531 4329 1677 4386 miraculo.
1693 4334 1763 4398 Quia

88 4421 192 4478 faciens
201 4425 297 4476 sancta
305 4422 418 4493 brigida
431 4423 460 4477 in
474 4421 525 4477 Dei
536 4421 716 4477 voluntatein
729 4421 902 4492 amplissimo
951 4435 1016 4474 cum
1029 4420 1104 4490 regis
1114 4421 1188 4474 illius
1200 4421 1299 4493 patria
1310 4421 1340 4476 in
1351 4438 1408 4493 qua
1425 4421 1487 4492 ipse
1497 4422 1553 4478 fuit
1561 4439 1613 4494 per
1626 4425 1721 4496 plebes
1733 4433 1762 4483 et

89 4531 187 4587 campo
202 4515 284 4586 Breg,
301 4531 366 4569 cum
386 4515 539 4570 declinaret
552 4515 588 4570 ad
608 4496 758 4586 vesperum
784 4513 852 4584 dies,
866 4515 940 4588 adD
951 4513 1176 4585 provinciasque
1186 4514 1237 4568 sub
1250 4513 1311 4584 ejus
1321 4517 1402 4569 erant
1414 4515 1519 4570 ditione
1531 4523 1708 4590 pracceptum
1721 4521 1762 4575 in·

89 4606 282 4663 babitaculum
294 4607 354 4678 ejus
368 4606 483 4663 veniens
500 4624 566 4663 cum
580 4624 613 4663 ea
631 4607 814 4679 pernoctavit.
832 4607 899 4671 Quas
948 4607 1107 4676 valesceret,
1123 4611 1156 4662 ut
1165 4606 1199 4661 de
1212 4607 1345 4663 omnibus
1359 4609 1419 4679 ejus
1428 4608 1591 4680 regionibus
1604 4616 1632 4667 et
1644 4613 1761 4684 provin·

90 4701 176 4756 obviis
197 4700 328 4755 manibus
349 4705 378 4756 et
402 4701 577 4771 gratulanter
601 4700 765 4771 suscipiens,
795 4700 900 4772 gratias
949 4699 998 4754 ciis
1019 4698 1202 4755 convenirent
1224 4701 1320 4772 populi
1346 4717 1456 4771 omncs,
1482 4707 1567 4775 atque
1588 4705 1761 4762 edificarent

89 4792 283 4865 omnipotenti
300 4809 386 4864 agens
399 4793 433 4849 de
444 4793 518 4849 felici
532 4794 654 4850 adventu
668 4792 900 4849 reverentissimae
948 4793 1023 4847 riam
1035 4792 1129 4862 laum,
1144 4798 1172 4848 et
1183 4793 1296 4849 tlrmam
1307 4796 1396 4849 ramis
1407 4796 1550 4865 arborum,
1558 4798 1646 4868 petris
1656 4799 1685 4852 in
1696 4800 1761 4854 fun-

59 4935 62 4938 ,
89 4881 207 4953 Brigidae
220 4881 338 4953 virginis
348 4882 464 4938 Christi.
949 4886 1080 4940 dumento
1092 4885 1200 4957 positis,
1214 4889 1242 4942 et
1254 4888 1460 4943 munitionibus
1472 4889 1642 4960 quibusdam
1652 4892 1758 4947 tinnis-

119 4976 251 5046 Cumqne
260 4991 320 5029 non
334 4974 461 5045 haberet,
470 4975 900 5047 proptersuaminopiam,unde
948 4978 1027 5033 simis
1039 4979 1069 5034 in
1080 4995 1191 5052 monna
1200 4979 1341 5051 profunda
1355 4986 1383 5036 et
1397 4982 1469 5036 bene
1484 4981 1717 5053 intransmeabili,
1732 4991 1761 5041 ct

88 5067 156 5124 tales
176 5067 309 5132 nutriret,
324 5073 352 5124 et
367 5069 462 5124 cibum
474 5068 548 5123 unde
561 5069 631 5123 tales
643 5068 768 5140 hospites
782 5069 897 5136 cibaret,
948 5072 979 5126 in
989 5072 1056 5127 locis
1077 5072 1270 5142 humentibus,
1286 5078 1370 5145 atque
1385 5074 1415 5128 in
1435 5074 1595 5145 paludibus,
1613 5077 1760 5150 inquibus

90 5160 213 5217 incidens
222 5161 301 5231 ligna
308 5162 415 5229 telaria,
426 5162 456 5216 in
466 5161 569 5234 quibus
581 5165 693 5217 textura
705 5162 826 5217 telarum
836 5177 900 5232 ope-
949 5166 1062 5237 grandis
1076 5166 1207 5221 currebat
1218 5166 1331 5234 fluvius,
1348 5182 1411 5237 quae
1423 5171 1584 5224 constructa
1595 5172 1756 5245 quadrigas,

89 5254 202 5309 rebatur
215 5254 245 5309 in
258 5259 340 5325 pastu
351 5253 436 5326 ignis,
445 5255 566 5310 vitulum
582 5270 676 5323 suurn,
688 5270 773 5326 quem
786 5254 898 5322 occidit,
948 5263 976 5314 et
989 5259 1108 5331 equites,
1121 5263 1151 5314 et
1163 5276 1272 5329 currus,
1286 5264 1315 5316 et
1327 5260 1519 5331 plaustrorum
1532 5267 1615 5334 rotas,
1630 5271 1657 5320 et
1667 5266 1759 5337 impe·

89 5350 287 5419 superstruem
300 5346 444 5418 lignorum
457 5348 586 5419 ipsorum
598 5347 785 5419 ponens,igni
797 5347 900 5403 asserit
947 5356 1008 5407 turn
1032 5352 1204 5424 populorum
1219 5358 1304 5424 atque
1320 5353 1467 5409 incursum
1491 5356 1614 5429 undique
1634 5357 1759 5412 hostium

88 5459 150 5499 cum
165 5442 239 5499 bona
254 5444 406 5499 voluntate.
421 5445 454 5499 Et
466 5461 545 5499 corna
558 5443 642 5512 saeta,
658 5448 685 5499 et
706 5446 897 5510 1011111111-ι
948 5449 1103 5500 sustentare
1117 5450 1220 5516 posset.

87 5537 119 5592 tis
130 5541 274 5592 transacta
288 5536 402 5609 vigiliis,
411 5537 621 5609 expergiscente
631 5540 694 5608 post
704 5536 822 5591 illamde
836 5552 897 5590 ma·
983 5533 1319 5590 Convenientibusautem
1333 5536 1458 5609 undique
1467 5537 1577 5609 populis
1588 5550 1640 5608 per
1653 5552 1757 5607 cogna-

88 5646 122 5685 ne
136 5631 416 5697 noctem,utnullum
426 5630 460 5685 de
469 5630 630 5702 receptione
641 5634 670 5684 et
681 5629 897 5685 refectionesan·
946 5624 1037 5681 tiones
1051 5631 1079 5681 et
1091 5626 1209 5683 familias
1229 5628 1384 5685 diviserunt
1396 5631 1471 5685 viam
1485 5630 1571 5698 illam,
1587 5645 1672 5699 quarn
1687 5630 1757 5686 aedi-

88 5727 138 5778 ctce
152 5722 277 5794 Brigidse
291 5723 377 5778 ullius
391 5723 431 5778 rei
444 5723 596 5779 sustineret
609 5723 744 5777 damnum
759 5722 818 5794 ipse
830 5722 897 5777 hos·
946 5718 1029 5774 ficare
1049 5719 1213 5788 debuerant,
1227 5721 1257 5775 in
1272 5727 1365 5792 partes
1378 5722 1515 5793 proprias,
1528 5723 1561 5775 ut
1578 5736 1759 5792 unaquaeque

87 5815 192 5891 pitalis,
208 5809 401 5890 quae'vitulum
412 5816 546 5875 emiserat
557 5832 615 5874 suae
624 5831 724 5888 vacca,
738 5815 898 5875 alterumin
947 5813 1076 5888 cognatio
1089 5816 1119 5872 et
1131 5813 1241 5872 familia
1252 5831 1339 5871 suam
1350 5814 1411 5869 sibi
1420 5811 1792 5869 caementatam&
