3884 6150
128 258 178 310 967
699 248 824 306 SAECULl
844 249 939 306 sexu
959 249 1246 307 supremarum..
1752 255 1801 306 9118

124 365 264 418 numenta
280 359 421 417 conficere
437 354 513 428 apud
534 356 705 429 semetipsos
718 374 770 429 per
785 358 884 413 omnia
898 359 939 413 eis
949 371 978 444 Α
988 358 1065 430 apud
1083 359 1248 414 defensores
1270 357 1451 413 insinuentur
1466 359 1650 426 testamenta,
1667 356 1799 411 donatio-

124 454 282 512 serrieutes
292 453 467 518 defensores,
483 453 512 505 et
523 449 638 505 illorum
652 450 768 506 nutibus
781 452 935 506 intenden-
988 469 1049 521 nes,
1062 456 1090 507 et
1105 469 1191 506 omne
1207 451 1331 523 denique
1355 451 1433 522 quod
1453 451 1568 523 proprie
1586 450 1680 521 adjus
1696 465 1799 504 monu-

126 551 169 603 tcs
180 547 255 604 solis.
271 546 300 601 Si
315 561 381 599 vero
396 543 528 615 quedam
544 543 709 612 conficiunt,
730 545 857 616 primum
873 545 935 616 qui·
986 549 1150 600 mentorum
1171 544 1305 615 pertinet,
1321 547 1486 615 nequeunte
1500 543 1659 599 clarissimo
1680 543 1801 614 preside

127 641 193 696 dem
204 643 233 694 et
245 638 293 693 illa
303 637 441 691 vendunt.
455 636 563 691 Deinde
577 653 643 692 cum
660 638 770 692 nullum
780 638 818 692 ad
828 638 881 692 hoc
891 654 938 709 pa·
986 637 1139 709 provincie
1148 639 1192 691 vel
1200 637 1278 708 quod
1287 638 1388 692 confici
1399 638 1495 704 debet,
1509 636 1663 707 impedire,
1676 635 1722 689 vel
1731 651 1799 707 pre-

126 737 221 788 ratum
231 729 378 784 archivum
393 729 530 796 habeant,
542 730 572 783 in
589 746 646 800 quo
660 734 803 801 reponant
816 730 892 801 apud
907 746 937 784 se
987 730 1119 799 scribere,
1134 730 1280 801 quomodo
1295 729 1395 785 confici
1407 730 1483 797 velit,
1503 731 1546 784 vel
1560 729 1731 784 confectum
1743 713 1798 781 'non

126 827 215 896 gesta,
224 821 336 893 deperit
346 822 423 892 quod
434 825 547 893 gestum
558 825 610 888 est,
618 838 712 893 neque
723 823 801 895 apud
811 823 888 894 ipsos
899 823 938 876 ul-
987 821 1082 876 edere.
1093 823 1190 892 Neque
1206 822 1284 876 euim
1297 821 1416 876 omuino
1430 822 1455 875 ei
1465 821 1612 876 licentiam
1625 821 1661 876 ad
1678 820 1798 890 ejusmo-

124 917 184 971 lum
194 914 277 969 facile
288 914 406 970 omnino
420 914 500 985 longi
512 914 649 985 temporis
659 919 881 970 monumentum
891 932 936 970 re·
988 913 1016 968 di
1029 914 1199 985 prebemus,
1215 914 1453 969 absurdissimum
1472 916 1609 984 putantes
1623 916 1654 967 ut
1672 929 1799 967 necessa·

125 1008 228 1079 perias,
238 1007 289 1061 sed
300 1008 350 1078 qui
358 1006 428 1061 actis
437 1006 579 1077 indigent,
593 1007 654 1078 ipsa
666 1008 742 1078 apud
753 1008 883 1062 heredes
893 1024 938 1063 eo·
987 1006 1030 1060 ria
1043 1011 1104 1061 acta
1119 1006 1282 1062 hominibus
1291 1011 1409 1079 propter
1419 1007 1573 1078 presidum
1589 1007 1667 1060 forte
1682 1005 1800 1060 allectio

126 1115 190 1154 rum
202 1101 231 1153 et
243 1099 311 1153 alias
324 1098 517 1153 successiones
529 1103 670 1170 querunt,
684 1099 732 1153 ubi
742 1100 847 1171 partim
862 1100 937 1155 indi·
988 1115 1039 1152 nes
1051 1099 1313 1171 preceptionesque
1330 1100 1409 1154 nulla
1425 1099 1536 1155 ratione
1560 1098 1702 1154 subnixas
1717 1098 1799 1152 iuter-

126 1191 386 1263 gnaiuveniuntur,
395 1192 497 1262 quibus
505 1192 645 1246 habeatur
652 1192 842 1264 fides,partim
851 1193 938 1248 etiam
988 1190 1094 1246 ridant.
1109 1192 1165 1247 Sed
1178 1196 1207 1246 et
1221 1193 1251 1246 iu
1264 1196 1328 1247 acta
1342 1193 1471 1247 referant
1483 1208 1666 1264 quecunque
1678 1192 1742 1263 quiq
1754 1207 1799 1245 ro·

123 1285 281 1357 depereunt
291 1289 321 1340 et
330 1284 515 1351 intercidunt,
524 1285 706 1355 usqueadeo,
720 1286 877 1357 utperinde
887 1303 940 1357 pu·
988 1284 1083 1351 luerit,
1093 1284 1247 1356 edantque,
1256 1286 1369 1340 tametsi
1384 1285 1463 1357 quod
1474 1285 1504 1339 in
1513 1290 1579 1340 acta
1592 1285 1731 1352 refertur,
1739 1300 1799 1355 per-

125 1380 232 1445 tentur,
251 1395 283 1432 ac
297 1378 319 1432 si
329 1379 405 1433 lacta
426 1394 483 1432 non
505 1380 610 1431 essent.
628 1379 685 1432 Nos
698 1377 786 1449 igitur
800 1379 938 1449 quoniam
988 1377 1111 1448 stringat
1122 1377 1218 1449 ipsum
1231 1378 1382 1449 provincie
1392 1378 1556 1449 presidem,
1565 1377 1611 1431 rel
1617 1377 1744 1448 aliquem
1758 1393 1801 1447 pe

124 1470 280 1542 presidum
294 1474 390 1542 partes
412 1470 486 1524 hene
510 1469 710 1541 disposuimus,
735 1471 885 1542 majorque
908 1474 940 1526 ut
989 1469 1321 1542 tentiorum,nequehoc
1337 1471 1490 1542 quisquam
1503 1469 1671 1541 prohibeat.
1689 1469 1801 1539 Oportet

126 1565 194 1637 ipsis
204 1565 280 1619 inter
288 1567 388 1634 gentes
399 1566 474 1617 esset
486 1562 616 1634 potentia
626 1562 781 1631 effecimus,
790 1563 939 1634 etlongius
989 1561 1066 1616 enim
1075 1579 1123 1617 eos
1138 1563 1187 1634 qui
1199 1564 1244 1617 vel
1254 1563 1283 1617 in
1295 1563 1407 1630 officiis,
1415 1564 1458 1618 rel
1472 1580 1539 1618 cum
1547 1565 1698 1633 potestate
1712 1562 1799 1633 aliqua

128 1658 233 1712 absunt
245 1672 332 1727 quam
342 1659 375 1711 ut
384 1655 532 1710 civitatum
543 1656 697 1711 commoda
710 1672 825 1728 semper
834 1656 864 1710 in
874 1673 940 1711 con·
989 1659 1064 1721 sunt,
1079 1655 1117 1711 ita
1129 1672 1158 1710 se
1175 1672 1286 1727 gerere,
1303 1659 1335 1709 ut
1355 1656 1455 1712 confici
1471 1656 1607 1711 adversus
1622 1671 1655 1709 se
1669 1659 1733 1709 acta
1747 1672 1799 1709 non

31 1739 38 1750 ”
127 1753 225 1822 spectu
250 1749 356 1803 habere
382 1748 507 1819 possint,
536 1752 689 1819 propterea
717 1738 1171 1818 existimavimusBprohibeant,
1185 1748 1294 1803 imoita
1307 1766 1336 1803 se
1352 1749 1481 1804 moribus
1493 1749 1656 1820 inculpatos
1666 1747 1797 1818 prebere,

119 1843 218 1914 ,ipsam
233 1857 345 1912 quoque
357 1841 543 1895 defensorum
563 1841 784 1896 sollicitudinem
798 1842 835 1896 ad
845 1843 939 1913 pristi·
989 1843 1021 1894 ut
1029 1840 1137 1895 nemini
1147 1840 1231 1895 detur
1245 1841 1442 1912 opportunitas
1452 1840 1601 1896 morende
1610 1840 1734 1910 alicujus
1742 1856 1800 1894 con·

127 1951 198 1990 uum
214 1934 381 2005 erigendam
407 1950 468 1988 esse
493 1936 610 1988 statum.
634 1934 739 1989 Existet
762 1934 840 1989 enim
865 1935 941 1990 bella
990 1935 1034 1986 tra
1047 1932 1123 2003 ipsos
1135 1933 1269 2005 querele.
1289 1934 1377 1989 Nemo
1391 1934 1510 2007 insuper
1522 1934 1717 2005 prohibeatur
1731 1933 1799 2004 apud

128 2031 259 2104 quedam
273 2031 327 2086 hoc
341 2030 428 2085 modo
441 2030 630 2086 consonantia
646 2034 674 2084 at
686 2031 847 2097 harmonia,
863 2032 886 2085 si
901 2032 938 2087 ci·
991 2024 1156 2081 defensores
1165 2026 1195 2081 iu
1205 2030 1267 2082 acta
1279 2027 1397 2095 referre,
1410 2027 1512 2099 quibus
1524 2027 1561 2081 de
1571 2027 1660 2081 rebus
1672 2027 1740 2094 vult,
1749 2025 1799 2080 sire

54 2177 55 2180 ,
126 2125 247 2179 vitatum
263 2123 430 2178 defensores
441 2122 572 2193 judicum
595 2122 728 2177 ordinem
744 2127 893 2194 occupent,
913 2129 942 2179 et
990 2134 1095 2189 praeses
1110 2118 1139 2173 iu
1154 2119 1313 2174 civitatibus
1325 2123 1430 2191 presto
1444 2120 1489 2187 sit,
1504 2119 1563 2174 sive
1573 2136 1635 2174 non
1646 2120 1693 2187 sit,
1707 2118 1750 2173 his
1764 2135 1800 2173 sc

126 2216 280 2289 provincie
295 2216 463 2271 moderator
476 2215 571 2286 potius
582 2214 714 2286 judicum
727 2215 824 2286 judex,
842 2220 871 2270 et
889 2232 941 2286 per
990 2209 1024 2264 lis
1049 2211 1174 2281 exceptis
1193 2228 1257 2283 que
1276 2212 1508 2282 jurisdictionem
1532 2212 1698 2284 requirunt,
1720 2216 1749 2266 et
1772 2228 1800 2265 ex

125 2308 179 2364 hoc
206 2309 403 2364 decessoribus
432 2308 489 2363 suis
516 2308 685 2362 honoratior
712 2324 772 2362 esse
799 2308 939 2364 rideatur.
991 2302 1218 2374 ipsupraesidum
1233 2305 1401 2360 auctoritate
1416 2304 1554 2376 pendent.

128 2403 238 2466 Quanto
248 2401 326 2456 enirn
336 2400 455 2473 quisque
469 2400 714 2472 prestantiorihus
723 2401 941 2472 imperet,tanto
1026 2395 1134 2449 Deinde
1150 2396 1333 2451 uteivitatum
1347 2397 1512 2453 defensores
1520 2397 1555 2452 iis
1567 2398 1618 2469 qui
1628 2396 1800 2467 publicarum

59 2498 62 2504 '
127 2493 187 2567 ipse
203 2498 232 2550 et
243 2495 336 2565 major
349 2497 378 2548 et
390 2493 558 2549 honoratior
572 2496 624 2548 est.
641 2496 753 2549 lutorea
767 2493 855 2565 igitur
871 2493 942 2549 illud
992 2488 1172 2543 exactionum
1183 2490 1333 2560 negotium
1343 2489 1451 2544 habent
1463 2491 1559 2544 modis
1573 2490 1714 2545 omnibus
1727 2490 1799 2543 auxi-

127 2587 221 2659 primo
236 2586 423 2641 sanciendum
441 2589 493 2653 cst,
511 2590 541 2640 ut
556 2603 591 2641 ne
607 2586 742 2657 cuiquam
755 2587 884 2641 omnium
897 2587 939 2641 fa·
991 2580 1029 2634 lio
1038 2580 1104 2650 sint,
1116 2581 1209 2636 etsive
1220 2587 1338 2654 propter
1350 2582 1552 2638 indevotorum
1561 2583 1736 2638 collatorum
1744 2598 1802 2636 coe

128 2681 218 2734 cultas
233 2680 312 2734 sitad
327 2678 484 2733 defensoris
494 2679 706 2733 ordinationem
720 2679 940 2750 repudiandam,
991 2673 1146 2728 tumacium
1159 2678 1358 2730 momumento
1370 2675 1520 2742 conficere,
1537 2676 1596 2730 sive
1618 2676 1758 2730 interesse
1778 2678 1801 2728 et

128 2773 178 2828 sed
197 2790 249 2844 per
260 2772 335 2826 vices
349 2771 455 2844 quique
470 2771 684 2826 honoratissimi
702 2772 802 2826 incole
816 2772 873 2826 suis
887 2773 942 2827 hoc
991 2765 1149 2837 flagitiosos
1162 2768 1349 2838 presentibus
1365 2769 1453 2824 oculis
1465 2769 1592 2840 aspicere
1604 2786 1614 2838 3
1630 2768 1688 2823 sive
1712 2767 1800 2839 publi-

128 2882 234 2920 munus
262 2864 421 2920 civitatibus
446 2864 586 2935 impleant
611 2864 674 2934 (hoc
693 2864 769 2920 enim
790 2869 819 2918 et
841 2864 942 2935 clapsis
992 2874 1057 2912 cum
1068 2859 1168 2914 sedare
1177 2861 1333 2915 tumultum
1342 2861 1466 2932 opossit,
1478 2861 1614 2916 alacriter
1622 2861 1679 2916 hoc
1690 2860 1800 2925 faciant,

127 2953 306 3023 temporibus
327 2952 482 3007 obtinuisse
505 2953 591 3023 inque
613 2970 665 3006 usu
681 2953 767 3007 fuisse
782 2951 941 3022 didicimus)
992 2967 1049 3005 uno
1065 2951 1190 3023 denique
1202 2953 1301 3021 verbo,
1313 2969 1365 3025 per
1378 2953 1476 3008 omnia
1491 2953 1623 3025 presidis
1633 2952 1802 3008 locumobti

129 3045 237 3098 nemini
264 3044 407 3114 patefacta
430 3044 512 3114 copia
535 3044 590 3098 hoc
612 3044 793 3115 repudiandi,
810 3062 903 3116 neque
920 3045 942 3099 si
992 3048 1090 3111 neant,
1105 3049 1134 3099 et
1144 3046 1270 3101 maxime
1283 3062 1348 3100 cum
1357 3045 1469 3101 absunt.
1483 3048 1517 3101 Et
1528 3051 1559 3101 ut
1569 3047 1802 3116 cohortalesque

129 3135 482 3207 magnificentissimorum
504 3136 656 3191 illustrium
670 3137 810 3208 dignitate
824 3138 940 3193 decora·
992 3152 1047 3208 que
1063 3137 1088 3191 ei
1101 3138 1214 3208 regioni
1229 3138 1345 3207 addicti,
1367 3141 1415 3211 qui
1428 3156 1480 3210 per
1493 3139 1571 3194 illam
1593 3139 1757 3194 consistunt
1768 3138 1801 3192 ci·

128 3228 229 3296 tussit,
246 3245 339 3299 neque
354 3229 377 3282 si
393 3228 671 3300 insignemaliquam
686 3229 819 3284 militiam
830 3230 942 3299 habeat,
991 3229 1118 3299 vitatem,
1132 3230 1162 3284 in
1177 3248 1233 3302 qua
1248 3232 1385 3287 defensor
1399 3237 1450 3301 est,
1473 3233 1514 3286 illi
1526 3231 1669 3287 obediant
1683 3235 1712 3286 et
1724 3247 1801 3302 opem

128 3339 223 3393 neque
239 3321 262 3375 si
287 3320 365 3392 quod
384 3320 565 3392 privilegium
586 3338 620 3376 ex
644 3321 711 3392 ipsis
728 3322 816 3377 sacris
843 3323 943 3378 formis
992 3322 1097 3390 ferant,
1113 3326 1144 3376 ut
1156 3324 1323 3379 absentibus
1336 3325 1547 3395 provinciarum
1571 3323 1802 3380 moderatoribus

128 3415 298 3486 pretendat,
313 3418 342 3468 et
359 3413 382 3467 si
396 3430 538 3469 concesse
558 3415 860 3486 formepragmatice
875 3416 941 3484 sint,
993 3414 1064 3468 nihil
1079 3415 1236 3471 civitatibus
1251 3417 1347 3472 deesse
1366 3434 1419 3488 per
1435 3418 1549 3472 illorum
1570 3416 1802 3488 presentiamri

129 3508 180 3563 sed
204 3509 326 3563 omnibus
341 3506 461 3562 civitatis
485 3503 595 3574 incolis,
611 3507 659 3578 qui
682 3508 789 3563 scilicet
803 3508 831 3562 in
846 3509 943 3580 aliqua
993 3506 1104 3562 deatur.
1122 3508 1250 3564 Habeant
1267 3514 1364 3564 autem
1377 3514 1450 3565 etex
1463 3510 1582 3566 cohorte
1596 3510 1638 3564 illi
1654 3509 1802 3582 provincie

130 3605 197 3656 sunt
211 3600 403 3672 reputatione,
425 3600 499 3654 hanc
519 3600 741 3655 sollicitudinem
762 3601 791 3655 iu
807 3601 942 3656 circulum
993 3598 1135 3655 destinata
1150 3604 1332 3673 exceptorem
1345 3605 1473 3658 futurum
1487 3603 1542 3657 illis
1552 3602 1584 3657 in
1598 3602 1771 3669 ministerio,
1780 3607 1803 3656 et

129 3691 326 3764 implentibus,
341 3694 370 3746 et
384 3707 450 3746 cum
462 3691 583 3746 circulus
593 3692 706 3761 desinit,
718 3693 822 3748 iterum
832 3694 942 3748 adeam
992 3691 1065 3747 duos
1079 3693 1247 3762 cohortales,
1264 3697 1314 3766 qui
1325 3696 1360 3750 ab
1373 3695 1441 3773 ipsis
1451 3696 1583 3767 judicata
1604 3699 1801 3767 exsequentur.

130 3785 348 3850 revertentibus,
365 3787 395 3838 et
405 3783 574 3855 predictum
590 3802 695 3840 munus
713 3786 894 3855 obeuntibus,
911 3790 944 3842 ut
1028 3785 1274 3858 Dicantquejusin
1285 3788 1419 3844 omuibus
1435 3789 1601 3860 pecuniaria
1615 3790 1712 3846 causis
1722 3803 1801 3860 usque

131 3878 265 3933 defensor
276 3876 364 3946 juder
379 3877 482 3946 potius,
502 3893 590 3948 quam
612 3877 747 3933 defensor
769 3896 829 3934 esse
846 3879 941 3934 videa·
993 3876 1027 3931 ad
1043 3883 1184 3934 trecentos
1198 3896 1311 3950 aureos,
1326 3882 1537 3953 nequeuntibus
1552 3882 1743 3938 collatoribus
1757 3897 1800 3935 ne

130 3968 186 4023 tur.
201 3966 320 4022 Decreto
334 3967 431 4038 utique
442 3985 507 4022 curn
520 3970 648 4024 omnium
661 3972 851 4026 communiter
862 3972 942 4042 jure·
992 3968 1043 4024 tris
1059 3987 1107 4026 eos
1127 3988 1197 4043 quos
1219 3973 1272 4028 sibi
1286 3974 1427 4045 obligatos
1448 3977 1561 4046 putant,
1577 3976 1751 4046 protrahere
1769 3972 1801 4027 ad

127 4060 254 4133 jurando
268 4061 354 4129 facto,
371 4058 419 4132 qui
440 4060 517 4115 illius
532 4061 654 4118 civitatis
667 4062 770 4118 incole
785 4069 860 4132 sunt,
884 4081 943 4120 uon
992 4063 1164 4119 clarissimos
1179 4066 1390 4136 provinciarum
1403 4067 1551 4139 presides,
1569 4068 1593 4122 si
1608 4067 1691 4123 intra
1703 4068 1798 4122 dictam

131 4159 228 4210 autem
244 4171 344 4210 eorum
359 4150 407 4225 qui
421 4154 460 4209 ibi
474 4157 587 4210 tantum
602 4161 826 4212 commorantur.
848 4164 854 4173 '
992 4158 1184 4211 trecentorum
1198 4158 1356 4214 solidorum
1365 4160 1558 4233 quantitatem
1564 4160 1797 4216 causaconsistat

164 4247 370 4320 Jusjurandum
391 4264 458 4302 vero
481 4245 607 4319 prestet,
631 4248 730 4303 omnia
743 4266 772 4304 se
785 4249 942 4305 secundum
993 4246 1050 4303 Sed
1064 4265 1157 4321 neque
1173 4253 1282 4307 actores
1304 4268 1339 4307 ea
1356 4252 1417 4325 ipsa
1430 4253 1465 4308 de
1481 4269 1511 4307 re
1524 4252 1609 4308 litem
1633 4254 1727 4326 pluris
1745 4251 1798 4307 esti

130 4341 209 4414 leges
225 4343 255 4395 et
267 4340 316 4411 jus
336 4346 476 4408 acturum,
497 4343 525 4395 et
540 4342 726 4396 confirmetur
740 4342 941 4413 (quemadmo-
993 4344 1083 4408 ment,
1098 4345 1129 4396 ut
1139 4347 1371 4412 reosconterant,
1386 4361 1445 4400 non
1458 4344 1495 4400 ad
1510 4344 1704 4400 defensorem
1717 4344 1798 4400 cirita·

129 4434 199 4489 dum
222 4431 310 4488 modo
330 4432 460 4502 dicimus)
471 4432 601 4504 jussione
615 4432 884 4504 gloriosissimorum
895 4451 981 4531 nel)
992 4432 1038 4500 tis,
1054 4435 1103 4489 sed
1116 4435 1151 4490 ad
1166 4435 1220 4491 loci
1233 4437 1385 4508 presidem
1400 4437 1549 4492 deductos.
1562 4439 1626 4493 lmo
1638 4439 1664 4493 si
1675 4437 1741 4510 quid
1750 4436 1796 4490 tela

130 4530 255 4582 strorum
268 4523 481 4597 prefectorum,
493 4529 523 4580 et
530 4525 737 4597 perbiennium
745 4527 883 4583 duntaxat
895 4528 942 4582 ad·
992 4527 1121 4596 fecerint,
1147 4532 1174 4584 et
1196 4530 1338 4585 sententia
1359 4530 1492 4586 ostendat
1517 4546 1638 4586 cauum
1667 4532 1795 4587 minorem

17 4631 21 4640 ’
130 4618 282 4685 ministret,
294 4618 674 4691 posteaqueasollicitudiue
684 4623 875 4688 removeatur,
884 4637 942 4676 non
993 4637 1054 4676 esse
1064 4621 1198 4677 trecentis
1210 4622 1318 4691 solidis,
1326 4622 1478 4696 deditaque
1488 4624 1795 4696 operaestimaliouen

130 4711 256 4767 habente
271 4711 413 4767 licentiam
426 4711 584 4767 clarissimo
599 4711 720 4783 preside
736 4712 889 4783 provincie
901 4730 943 4768 re·
993 4714 1170 4785 ampliatam,
1185 4718 1216 4770 ut
1228 4715 1305 4786 apud
1317 4716 1470 4787 presidem
1482 4712 1796 4788 provincie,uon1apud

130 4804 268 4861 movendi
297 4821 375 4872 eum,
398 4804 449 4858 sed
475 4807 588 4859 tantum
610 4805 718 4876 siquid
737 4822 841 4877 parum
867 4810 943 4861 recte
993 4806 1112 4861 civitatis
1130 4806 1311 4864 defensorem
1325 4809 1546 4878 examinaretur,
1572 4812 1654 4867 solus
1669 4815 1745 4866 actor
1760 4813 1795 4862 fo·

131 4915 218 4970 agere
231 4895 370 4965 videatur,
385 4897 530 4953 referendi
542 4896 577 4951 ad
589 4897 810 4968 gloriosissimos
825 4900 941 4970 prefec·
993 4899 1049 4954 tius
1073 4900 1129 4955 litis
1144 4900 1308 4972 subjiciatur
1323 4902 1484 4974 dispendio.
1504 4902 1664 4960 Enimvero
1685 4901 1795 4975 appella·

130 4994 185 5057 tos,
197 4994 227 5045 ut
239 4992 275 5045 ab
286 5007 320 5046 eo
329 4990 478 5063 contingat
490 4989 688 5045 sellicitudinis
697 4991 848 5060 absolutio,
860 5008 943 5063 aquo
992 4992 1086 5047 tiones
1102 5010 1118 5047 a
1133 4994 1331 5050 defensoribus
1342 4995 1379 5050 ad
1391 4996 1468 5067 ipsos
1478 4994 1653 5052 deferantur
1665 4994 1795 5069 presides.

131 5081 219 5137 etiam
234 5082 328 5138 datur.
350 5084 432 5138 Nulla
447 5084 582 5138 facultate
596 5083 734 5138 existente
750 5085 794 5138 vel
810 5084 942 5139 modera·
994 5086 1023 5141 Si
1039 5086 1109 5157 quid
1118 5103 1185 5142 vero
1193 5088 1353 5143 cohortales
1367 5093 1466 5144 contra
1480 5089 1653 5146 defensores
1662 5093 1795 5146 coutume-

132 5175 243 5229 tionem
256 5174 409 5246 provincie
417 5176 597 5244 habenti,rel
610 5175 678 5247 ipsis
688 5177 897 5246 defensoribus,
913 5183 945 5233 ut
992 5179 1062 5235 liose
1076 5180 1253 5248 admiserint,
1270 5184 1338 5237 tunc
1353 5182 1568 5254 provinciarum
1578 5188 1711 5240 rectores
1721 5181 1798 5237 vindi·

133 5268 317 5323 defensorum
330 5269 450 5324 vicarios
463 5268 648 5337 constituant,
665 5269 715 5323 sed
736 5270 797 5324 hec
812 5270 865 5324 illis
881 5288 943 5326 om·
994 5276 1070 5326 ctam
1080 5276 1221 5345 repetant,
1233 5275 1448 5348 cohortalesque
1458 5274 1612 5347 castigent.
1620 5275 1798 5333 Damusenin

132 5361 217 5415 nibus
230 5360 417 5432 prohibemus
426 5362 528 5416 modis.
541 5362 615 5426 Quin
629 5362 722 5433 potius
740 5378 832 5434 neque
847 5364 943 5418 claris·
995 5365 1190 5421 defensoribus
1204 5367 1361 5436 licentiam,
1373 5368 1394 5423 si
1404 5368 1458 5423 hoc
1469 5368 1603 5440 gentium
1614 5369 1753 5443 presides
1762 5382 1799 5423 ne

133 5456 222 5510 simos
236 5453 372 5527 presides
384 5470 435 5524 pro
444 5455 599 5510 sericarios
612 5455 641 5509 in
652 5455 776 5510 civitates
789 5455 943 5525 dimittent,
995 5457 1115 5530 gligant,
1131 5475 1165 5514 ea
1179 5460 1287 5515 referre
1301 5460 1337 5516 ad
1351 5461 1488 5517 thronum
1508 5462 1690 5520 excellentie
1700 5468 1763 5529 tue,
1775 5462 1800 5514 ul

133 5548 258 5620 exceptis
281 5546 349 5618 ipsis
367 5546 575 5613 defensoribus,
592 5564 664 5618 quos
680 5548 835 5620 presidum
850 5550 945 5605 locum
995 5550 1049 5605 illis
1063 5551 1131 5607 inde
1143 5553 1281 5608 auxilium
1301 5553 1483 5626 impertiatur
1501 5558 1530 5610 et
1554 5562 1728 5629 competens
1747 5556 1799 5609 ria·

133 5640 164 5696 in
183 5641 343 5696 civitatibus
358 5639 491 5711 supplere
502 5638 643 5708 volumus,
658 5641 791 5712 ipsosque
805 5642 836 5696 in
852 5641 943 5698 omni·
995 5639 1080 5712 dicta,
1095 5650 1123 5700 et
1144 5645 1310 5702 defensores
1331 5664 1431 5703 revera
1447 5646 1575 5704 habeant
1599 5653 1705 5706 contra
1721 5648 1800 5705 delin-

127 5732 183 5790 bus
197 5734 343 5792 erutarum
356 5733 386 5789 in
404 5731 507 5808 quibus
519 5734 586 5786 sunt
599 5749 696 5788 curam
708 5749 819 5811 gerere.
829 5736 898 5789 ltem
915 5738 947 5790 ut
995 5742 1116 5808 quentcs
1129 5740 1448 5811 quamdamjudiciarie
1459 5741 1609 5811 gravitatis
1619 5743 1802 5800 imitationem
