3884 6150
192 306 225 363 83
695 303 810 358 Stb'CTl
830 303 979 358 GERMANI
998 303 1202 359 PAltlSlENSlS
1221 303 1377 359 EPlSGOPl.
1842 304 1876 363 84

190 393 304 494 tegrum
326 417 429 475 habeat
449 416 522 488 volo,
544 431 624 489 rogo,
646 413 773 486 conjuro.
789 413 903 471 Decrevi
923 413 1008 470 etiam
1019 430 1049 505 Α
1059 413 1147 469 cetius
1159 412 1354 486 Lugdunensis
1366 411 1513 486 episeopus
1528 411 1557 470 in
1570 414 1672 472 Christi
1688 414 1814 487 nomine,
1828 433 1877 490 pe·

190 531 242 588 par
261 515 334 570 hanc
354 513 490 569 cartulam
508 508 695 566 immunitatis
709 511 738 564 et
757 507 898 578 cessionis,
912 524 1008 564 meam
1059 510 1135 566 tenta
1155 508 1307 580 apostolico
1320 508 1427 564 domno
1442 512 1470 563 et
1490 509 1576 565 fratre
1588 526 1653 566 meo
1666 511 1806 566 Germano
1818 510 1877 583 epi·

190 607 334 665 basilicam
349 607 477 679 superins
492 606 680 658 memoratam
700 601 760 658 sine
775 604 920 674 gestorum
935 600 1007 657 obli·
1058 617 1144 672 scopo
1166 604 1195 657 ot
1212 600 1318 656 domna
1336 601 1523 672 Ulthrogothe
1543 603 1653 674 regina,
1667 607 1751 676 atque
1769 604 1876 660 domna

191 703 303 774 gatione
325 716 450 755 manere.
466 700 498 752 Et
519 697 585 768 quia
608 696 636 751 id
657 699 741 751 antea
760 695 933 751 consuetudo
950 711 1008 751 non
1057 693 1243 750 Chredcsintu
1256 710 1287 748 ac
1297 694 1469 766 chroberga,
1482 695 1716 751 constitutionem
1729 697 1813 766 hanc,
1824 698 1876 753 sei-

189 795 253 862 luit,
270 797 297 850 et
310 793 393 849 medo
406 809 422 846 a
434 790 548 862 regibus
560 791 589 846 et
606 789 782 862 principibus
795 788 867 845 mihi
884 792 926 845 est
939 805 1007 844 cen·
1057 786 1147 842 lieeta
1164 786 1289 859 presenti
1309 789 1437 859 tempore
1449 803 1466 841 a
1478 789 1685 844 suecessoribus
1699 790 1796 845 domni
1811 791 1876 846 Ger

191 905 310 957 cessum,
329 887 503 941 voluntatem
523 883 636 957 pietatis
658 887 758 938 vestrm
778 883 807 938 in
828 884 882 938 hoc
904 880 1008 954 scripio
1058 880 1135 935 mani
1148 879 1271 952 episcopi
1285 880 1424 952 perpetuo
1439 881 1653 937 custodiendam
1665 883 1762 955 relegi,
1777 888 1805 940 et
1818 901 1877 938 rna-

189 955 397 1054 p'retermitteie
416 977 504 1046 nolui,
523 977 572 1032 sed
595 976 624 1032 in
642 976 775 1032 omnibus
793 992 845 1048 per
856 992 904 1031 vos
923 976 1007 1031 robo·
1058 990 1112 1030 nus
1125 989 1188 1029 nree
1204 973 1410 1046 subscriptione
1423 976 1600 1053 corroboravi
1613 977 1764 1033 notatodie
1779 977 1876 1052 ltPre·

187 1073 254 1144 rari,
271 1076 300 1128 et
319 1072 489 1128 conformari
503 1087 633 1143 exposco,
649 1074 680 1126 ut
695 1070 828 1141 deinceps
841 1074 935 1125 ratum
946 1086 1008 1141 per·
1058 1070 1181 1124 teximus
1192 1067 1393 1124 cabillonensis
1406 1068 1563 1141 episcopus,
1579 1069 1810 1126 deliberationem
1826 1089 1875 1126 su-

188 1169 311 1223 maneat.
326 1168 360 1222 lit
375 1167 398 1221 si
420 1165 482 1239 quis
501 1181 625 1238 unquam
643 1164 739 1234 fuerit,
753 1164 801 1236 qui
821 1166 919 1218 contra
934 1163 1008 1218 hanc
1058 1161 1153 1234 parius
1174 1161 1418 1233 comprehensam,
1434 1165 1554 1234 rogante
1571 1167 1600 1218 et
1615 1167 1746 1235 presente
1767 1165 1874 1221 domno

188 1259 420 1316 deliberationem
442 1274 547 1325 meam,
564 1274 650 1330 quarn
668 1273 721 1329 ego
734 1273 785 1328 pro
798 1256 939 1311 firmitatis
953 1258 1010 1311 stu·
1059 1256 1197 1311 Germano
1208 1256 1350 1328 episcopo,
1360 1256 1517 1327 gaudenter
1526 1256 1635 1329 suscepi
1649 1258 1833 1330 relegendam
1847 1262 1877 1314 et

187 1353 234 1409 dio
253 1370 319 1409 eum
338 1351 549 1425 metropolitani
569 1354 597 1406 et
618 1350 791 1422 reliquorum
811 1349 1008 1422 episcoporum
1059 1349 1210 1421 subscripsi
1227 1351 1327 1404 notato
1346 1350 1401 1406 die.
1416 1349 1494 1405 Felix
1507 1350 1714 1407 Aurelianensis
1726 1352 1876 1424 episcopus

188 1446 304 1502 consilio
329 1463 361 1503 ac
387 1445 514 1502 suasione
540 1444 649 1499 decrevi
676 1442 869 1511 conscribere,
896 1459 1009 1514 quoquo
1055 1442 1138 1514 juxta
1156 1457 1326 1498 consensum
1341 1445 1369 1498 et
1382 1443 1616 1499 delibemtionem
1632 1445 1728 1500 domni
1742 1446 1876 1501 Germani

187 1542 315 1612 tempore
330 1539 425 1595 venire
439 1537 631 1611 temptaverit,
646 1538 695 1592 aut
710 1536 836 1593 fortassis
852 1536 948 1591 locum
967 1553 1009 1592 re·
1060 1536 1239 1609 inperpetuo
1252 1553 1425 1607 mansuram,
1440 1536 1592 1610 subscripsi
1605 1542 1701 1594 notato
1714 1539 1770 1595 die.
1779 1541 1877 1596 Eutro-

186 1633 317 1707 lragandi
337 1631 482 1707 quesierit,
496 1632 526 1688 in
539 1631 639 1704 primis
652 1648 668 1686 a
680 1630 827 1685 liminibus
847 1633 1008 1685 sanctarum
1058 1629 1123 1684 nius
1142 1629 1319 1686 Nirernensis
1339 1629 1497 1703 episeopus,
1512 1635 1630 1704 rogante
1646 1633 1752 1688 dornno
1767 1638 1877 1705 aposto

188 1724 736 1798 ecclesiarumabomnihusepiscopiset
747 1723 938 1779 sacerdotibus
949 1723 1007 1792 Dei,
1058 1723 1111 1778 lico
1125 1724 1265 1779 Germano
1285 1723 1426 1796 episeopo,
1444 1725 1517 1780 hanc
1534 1725 1766 1781 deliberationem
1786 1728 1875 1800 relegi

187 1824 246 1877 tam
269 1821 408 1893 presentis
432 1820 567 1893 temporis
592 1835 679 1891 quam
704 1816 809 1884 futuri,
836 1817 872 1871 sit
896 1808 1086 1880 excom-Bet
1109 1817 1270 1889 subscripsi,
1291 1820 1389 1873 notato
1416 1818 1471 1873 die.
1492 1818 1673 1874 Domiciauus
1695 1821 1876 1877 Garnotensis

186 1915 357 1984 manicatus,
381 1917 410 1970 et
428 1914 536 1969 alienus
554 1929 571 1966 a
589 1928 667 1984 pace,
687 1915 715 1966 et
734 1911 763 1966 in
784 1911 879 1965 futuro
895 1909 1003 1981 judicio
1054 1910 1212 1985 episcopus,
1220 1910 1303 1981 juxta
1315 1927 1485 1969 consensum
1498 1916 1526 1967 et
1535 1912 1768 1968 deliberationem
1779 1915 1875 1970 fratris

186 2025 250 2064 curn
274 2007 376 2064 sanctis
395 2010 424 2063 et
442 2007 540 2062 amicis
559 2005 618 2073 Dei,
633 2005 661 2059 in
682 2020 805 2076 quorum
825 2004 932 2059 honore
950 2003 1004 2058 hec
1054 2003 1111 2059 mei
1125 2004 1257 2059 Germani
1279 2005 1403 2076 episcopi
1422 2006 1550 2060 consensi
1568 2009 1596 2061 et
1610 2007 1763 2079 subscripsi
1777 2012 1874 2063 notato

185 2101 352 2175 conscriptio
366 2101 440 2156 iacta
456 2103 508 2170 est,
523 2115 621 2155 meum
634 2115 665 2153 ac
680 2097 861 2153 dominorum
873 2113 1004 2152 meorum
1054 2097 1107 2152 die.
1123 2098 1264 2152 Dennolus
1283 2098 1502 2154 Cenomanensis
1521 2100 1684 2172 episcopus,
1701 2102 1830 2156 consensi
1844 2106 1873 2156 et

185 2195 522 2268 metropolitanorumseu
532 2190 910 2265 episcoporunrpresentium
920 2206 1004 2262 super
1053 2191 1206 2263 subscripsi
1214 2194 1312 2246 notato
1325 2191 1381 2248 die.
1396 2192 1547 2248 Caletricus
1559 2196 1701 2265 peccator,
1711 2195 1795 2265 juxta
1808 2212 1873 2250 con-

185 2305 215 2345 se
227 2289 323 2345 adesse
335 2287 438 2344 sentiat
447 2286 597 2358 judicium,
613 2290 642 2341 et
655 2284 691 2339 sit
707 2284 858 2339 anathema
870 2299 1002 2338 marana·
1053 2300 1167 2338 sensum
1181 2287 1209 2339 et
1222 2283 1455 2340 deliberationem
1471 2285 1569 2340 domni
1583 2286 1716 2340 Germani
1737 2288 1871 2360 episcopi,

185 2383 245 2438 tha.
261 2383 296 2437 At
310 2381 425 2453 insuper
438 2384 468 2435 ut
480 2381 532 2435 hec
547 2378 653 2434 cartula
667 2377 821 2433 firmiorem
839 2377 926 2449 pessit
941 2375 1002 2432 adi-
1053 2377 1182 2433 consensi
1201 2379 1229 2432 et
1252 2377 1402 2449 subscripsi
1420 2381 1518 2433 notato
1538 2377 1593 2434 die.
1616 2380 1757 2435 victurius
1775 2398 1873 2453 pccca-

183 2475 255 2550 pisci
272 2474 495 2547 plenitudinem,
519 2471 798 2545 compmvincialium
820 2470 1003 2526 dominorum
1054 2474 1109 2541 tor,
1126 2471 1209 2542 juxta
1222 2471 1457 2527 deliberationem
1481 2472 1565 2542 hauc,
1580 2473 1719 2528 Germano
1739 2480 1872 2545 presente

182 2569 379 2642 episcoporum
389 2570 417 2622 et
432 2567 552 2621 fratrum
566 2581 695 2621 meorum
709 2564 940 2635 presbyterorum
953 2579 1003 2620 seu
1052 2564 1140 2620 fratre
1154 2579 1218 2620 meo
1231 2568 1260 2619 et
1271 2569 1408 2637 regante,
1422 2565 1553 2620 consensi
1565 2569 1594 2621 et
1608 2567 1759 2638 subscripsi
1771 2573 1871 2623 notuto

183 2663 365 2719 diaconorum
388 2659 640 2731 conscriptionibus
666 2658 756 2730 ipsam
775 2656 850 2711 volui
874 2656 1003 2711 corrobe
1053 2658 1108 2714 die.
1134 2658 1334 2715 Leodebaudus
1360 2662 1491 2731 peccator
1512 2661 1640 2716 consensi
1668 2664 1696 2716 et
1718 2661 1873 2734 subscripsi

183 2772 256 2811 rare.
279 2757 380 2810 Actum
401 2752 521 2808 Parisius
542 2751 663 2818 civitate,
686 2751 737 2805 sub
761 2750 806 2805 die
826 2766 863 2804 ru
884 2750 1001 2804 Kalend.
1052 2752 1150 2807 notate
1161 2751 1217 2807 die.

184 2846 362 2920 septembris,
388 2862 462 2901 anno
490 2850 505 2901 5
530 2843 687 2900 Chariberti
711 2843 786 2915 regis
799 2842 822 2897 ⁸.
846 2842 1002 2898 Germanus
1086 2845 1273 2901 amanuensis
1285 2845 1420 2916 notanus,
1434 2846 1485 2901 sub
1491 2846 1618 2917 jussione
1628 2846 1725 2901 donini
1736 2848 1872 2903 Germani

184 2945 314 3013 peccator
338 2941 412 2995 hauc
438 2938 573 2993 cartulam
596 2936 726 2992 cessionis
751 2939 779 2990 ct
799 2935 962 2990 emunitatis
986 2952 1003 2989 a
1053 2938 1186 3011 episcopi,
1210 2938 1263 2993 hoc
1279 2938 1460 3011 privilegium
1482 2938 1615 2995 cessionis
1640 2940 1739 3013 scripsi
1758 2945 1787 2996 et
1806 2943 1872 2998 sub-

185 3051 231 3091 me
243 3035 346 3091 iactam
356 3032 445 3104 relegi
457 3035 485 3087 et
494 3030 656 3102 subscripsi,
667 3029 719 3084 sub
730 3028 775 3084 die
785 3044 841 3101 quo
851 3044 947 3100 supra.
958 3028 1003 3083 Ni·
1052 3032 1160 3104 scripsi.

221 3200 310 3260 ¹¹Cum
322 3199 490 3268 Glrlotarius,
504 3198 661 3254 Chariberti
674 3201 764 3270 pater,
773 3198 809 3253 ad
822 3214 929 3253 annum
941 3201 989 3280 ddi
996 3240 1003 3267 ,
1015 3177 1042 3252 C
1055 3199 1193 3271 signatur.
1203 3202 1390 3255 pretextatus
1399 3198 1476 3256 enim
1488 3203 1554 3256 tunc
1563 3205 1623 3256 erat
1632 3201 1777 3273 episeopus
1788 3204 1872 3258 iloto

186 3275 261 3330 ultra
282 3274 357 3329 diem
383 3271 523 3327 decimam
544 3270 705 3325 novembris
724 3270 811 3324 vitam
839 3268 1005 3341 produxerit
1054 3272 1207 3343 magensis,
1223 3271 1299 3326 Felix
1312 3272 1509 3341 Nannetensis,
1526 3272 1675 3327 Euironius
1687 3275 1868 3344 limenensis,

185 3345 400 3428 (Mopueruene,
412 3359 442 3413 p.
460 3343 520 3411 ibt,
535 3341 594 3396 dies
607 3341 644 3412 xij
659 3342 797 3423 kal.sept.
812 3340 841 3396 id
854 3343 935 3396 est2l
952 3343 1005 3396 rtu-
1054 3341 1230 3396 Domitianus
1251 3342 1329 3396 Ande
1367 3343 1473 3411 vensis3
1496 3346 1529 3398 ut
1547 3344 1641 3414 arguit
1663 3344 1788 3399 Gointius
1807 3348 1881 3413 (Ubi,

184 3415 347 3489 gust1,anni
360 3413 453 3487 quinti
466 3413 634 3483 chariberti,
649 3411 747 3468 incidit
759 3429 788 3467 ru
801 3429 908 3467 annuus
921 3411 1003 3466 Chri·
1052 3427 1147 3484 supra,
1155 3429 1185 3484 p.
1200 3412 1244 3482 67)
1256 3429 1290 3467 ex
1305 3430 1338 3467 su
1360 3413 1560 3485 scriptionibus
1573 3415 1685 3469 concilii
1697 3416 1869 3471 ‘furonensis

184 3488 220 3544 sti
236 3490 295 3543 566.
1053 3483 1142 3538 habiti
1163 3487 1228 3555 post
1247 3499 1359 3538 manses
1379 3485 1451 3539 duos
1469 3488 1498 3539 et
1515 3488 1549 3538 27
1563 3485 1622 3540 dies
1634 3503 1651 3540 a
1664 3490 1793 3559 tempore
1811 3504 1868 3560 quo

219 3559 234 3600 b
249 3557 434 3630 Exepiscopis
444 3572 564 3629 quorum
575 3554 756 3628 hicapposita
766 3554 969 3625 suntnemina,
981 3555 1004 3611 si
1054 3554 1118 3610 date
1131 3554 1250 3628 lingitur
1268 3555 1366 3610 chana
1379 3554 1413 3610 de
1425 3572 1482 3627 qua
1495 3555 1615 3627 agimus.

184 3630 329 3688 Neeetiurn
344 3633 373 3684 et
386 3628 558 3684 Domnolum
571 3628 704 3700 excipias,
713 3628 786 3684 nulli
803 3644 853 3682 sua
872 3627 951 3682 sedes
963 3642 1005 3681 us-

622 3969 940 4100 SANCTI
1003 3970 1439 4129 GERMANI,

762 4206 1034 4292 etelstanus
1069 4208 1288 4302 EPlSGOPl,

472 4408 1108 4554 EXPOSITIO
1174 4413 1587 4558 BREVIS

604 4673 835 4768 ANTIQUAE
878 4672 1122 4754 LITURGIAE
1159 4673 1451 4755 GALLICANAE
1555 4658 1562 4670 ¹

185 4848 241 4915 Ec
259 4868 319 4914 ms.
338 4845 455 4914 Codice
469 4846 575 4910 suncti
588 4845 729 4914 Martini
741 4846 1045 4928 augustodunensis
1063 4866 1084 4911 a
1103 4848 1143 4912 D.
1159 4848 1308 4915 Murteae
1328 4849 1490 4932 exscripta
1515 4849 1602 4915 Tdes.
1622 4851 1766 4916 anecdot.
1784 4859 1805 4914 t.
1829 4851 1864 4915 V.

711 5027 1350 5081 ...quob—.-

589 5195 652 5302 D.
693 5194 1015 5304 MARTENE
1065 5196 1459 5311 ADMONITIO.

221 5407 285 5461 Post
302 5405 468 5477 abrogatam
487 5406 563 5477 apud
582 5409 676 5477 patres
690 5409 801 5460 nostros
820 5404 967 5477 antiquam
981 5406 1110 5464 Ecclesiae
1126 5407 1276 5464 Gallicanae
1289 5409 1458 5483 Liturgiarn,
1473 5426 1538 5483 quae
1553 5411 1579 5467 ei
1593 5411 1708 5469 sullecta
1722 5418 1764 5470 est
1783 5415 1865 5471 missa

183 5496 320 5564 Romana,
335 5493 413 5550 brevi
430 5499 555 5568 tempore
575 5494 644 5551 adeo
662 5495 822 5567 praevaluit,
837 5500 870 5551 ut
889 5495 987 5568 paucis
1004 5500 1067 5568 post
1080 5498 1160 5553 annis
1179 5499 1271 5555 omnis
1286 5499 1362 5556 illius
1382 5500 1519 5557 memoria
1538 5501 1614 5572 apud
1633 5503 1778 5559 universos
1791 5522 1864 5577 pene

184 5584 344 5653 oblitterata
355 5584 508 5652 videretur,
523 5584 626 5657 vixque
644 5584 733 5657 ipsius
752 5601 857 5641 nomen
876 5585 952 5658 apud
971 5584 1081 5659 aliquos
1100 5588 1193 5645 audiri
1212 5589 1399 5664 contingeret.
1413 5592 1588 5663 Quapropter
1607 5591 1657 5662 qui
1672 5599 1768 5648 nostra
1782 5598 1864 5650 artata

170 5674 219 5741 ¹de
233 5674 318 5730 rebus
330 5673 469 5749 liturgicis
488 5678 679 5732 mactaverunt
697 5675 846 5748 scriptores
860 5675 994 5745 accurati,
1008 5676 1080 5733 hanc
1093 5676 1122 5733 in
1141 5695 1171 5735 se
1184 5680 1361 5752 provinciam
1378 5680 1410 5736 in
1424 5680 1524 5753 primis
1542 5688 1736 5754 susceperunt,
1752 5688 1783 5739 ut
1801 5700 1865 5739 carn

180 5763 322 5832 jacentem
334 5781 367 5820 ac
385 5781 458 5838 pene
476 5765 614 5836 sepultam
631 5764 661 5819 in
680 5765 813 5833 tenebris,
828 5781 862 5820 ex
883 5764 999 5836 pulvere
1021 5767 1198 5824 suscitarent.
1213 5772 1325 5826 Primus
1342 5786 1395 5826 nec
1414 5769 1475 5824 sine
1492 5770 1578 5842 digua
1594 5770 1678 5826 laude
1697 5771 1726 5827 id
1746 5773 1865 5827 mutavit

178 5849 238 5919 pise
255 5855 401 5913 memoria
418 5854 566 5913 cardinalis
586 5855 662 5912 Bona
677 5854 708 5911 iu
723 5854 795 5910 libre
811 5870 818 5910 ι
835 5855 941 5913 Rerum
960 5856 1168 5930 liturgicarum,
1186 5877 1248 5933 cap.
1265 5863 1308 5930 la,
1323 5858 1373 5914 ubi
1389 5856 1499 5932 antiqui
1514 5858 1584 5916 ritus
1598 5859 1731 5916 Gallicani
1744 5861 1863 5933 vestigia
