3884 6150
130 220 177 285 tal
550 222 584 282 IN
603 222 880 282 ANTlPHONdetbl
899 223 1102 281 uoutsrmtu
1120 219 1381 282 Bencennensis.
1760 219 1810 282 662

127 340 228 393 minus
239 353 324 410 qnam
338 337 477 391 trecentos
489 335 618 402 homines
632 334 759 401 haberet,
773 333 823 407 qui
836 349 934 389 omnes
946 333 981 390 de
994 333 1090 389 labore
1102 332 1241 389 manuum
1258 349 1373 388 suarum
1391 332 1483 388 rivere
1505 331 1639 389 solebant.
1664 352 1678 385 ι
1702 330 1812 390 Similia

125 427 215 482 habet
227 425 384 482 (iotselmus
396 425 554 481 monachus
567 423 744 480 Bertinianus
757 424 787 478 in
800 423 862 480 Vita
874 422 961 479 sancti
974 423 1126 495 Augustini
1143 427 1275 479 Cantuar.
1290 424 1375 496 episc.
1386 425 1421 478 At
1442 423 1503 478 haec
1519 424 1613 496 potios
1632 430 1756 495 spectare
1775 425 1810 479 ad

125 516 253 572 alterum
271 515 432 572 coenohium
443 515 638 571 benchorense
652 515 681 569 in
693 514 802 585 Angliae
816 513 962 587 provincia
976 514 1073 568 Wallio
1085 514 1217 585 positum,
1233 518 1337 586 praeter
1355 513 1425 568 alios
1439 513 1608 569 clarissimos
1625 514 1699 570 viros
1719 513 1813 570 Habil-

123 604 223 663 lonius
235 605 387 661 arbitratur
399 604 429 660 in
442 605 515 660 notis
530 605 565 660 ad
579 604 720 659 laudatam
733 604 825 658 Vitam
846 603 935 659 sancti
951 603 1102 675 Augustini
1119 604 1252 675 scriptam
1272 621 1290 658 a
1308 604 1450 659 Gotselino
1471 605 1613 659 monacho
1636 604 1810 676 bertiniano,

121 682 198 751 tom.
216 697 297 751 lact.
315 700 403 749 sanct.
424 695 484 750 ord.
507 694 596 749 sancti
619 693 771 749 Benedicti.
798 694 831 749 Et
853 710 949 749 revera
968 694 1190 749 animadvertere
1210 693 1256 748 hic
1277 710 1436 765 possumus,
1456 694 1696 749 benchorensium
1715 710 1811 748 mona-

125 785 250 840 chorum
262 784 371 839 cladem
385 784 465 840 bedae
478 786 665 839 memoratam
678 782 707 837 iu
721 798 753 837 eo
768 782 935 838 Honesterio
949 772 1110 854 contigisse,
1127 783 1172 837 cui
1186 782 1337 854 prefuerat
1351 784 1470 838 Binooth
1484 783 1580 853 abbas,
1597 784 1631 838 de
1646 799 1701 855 quo
1715 788 1810 839 tanmn

125 875 240 929 nullam
253 873 426 929 mentionem
437 873 675 944 habetCatalogus
685 871 812 944 priorum
823 872 1061 928 Banchorensium
1069 873 1099 926 in
1110 872 1243 927 Hibernia
1253 873 1398 942 abbatum,
1408 873 1491 945 quiin
1500 873 1704 946 antiphonario
1713 878 1809 928 nostro

124 964 262 1020 occurrit.
276 968 310 1021 At
321 963 423 1019 Usserii
437 963 606 1019 sententiam
619 963 734 1017 roborat
747 962 847 1017 locuse
862 962 925 1016 Vita
943 963 1032 1017 sancti
1048 962 1184 1034 Comgalli
1203 963 1368 1033 descriptus,
1388 979 1474 1034 quem
1492 963 1552 1035 ipsc
1568 963 1649 1018 affert
1667 979 1733 1034 pag.
1745 963 1811 1019 472.

125 1054 170 1109 lta
184 1070 250 1108 vero
260 1052 356 1108 scribit
369 1053 430 1125 ejus
444 1052 513 1108 Vitae
526 1057 624 1107 auctor
638 1071 644 1106 :
663 1073 676 1101 a
692 1053 722 1106 ln
737 1051 853 1106 diversis
868 1051 1045 1107 monasteriis
1057 1058 1085 1107 et
1100 1052 1178 1107 cellis
1191 1053 1245 1106 tria
1260 1053 1348 1107 millia
1358 1053 1564 1108 monachorum
1574 1054 1625 1108 sub
1638 1070 1706 1109 cura
1719 1053 1808 1109 saneti

124 1143 218 1199 Patris
230 1143 365 1215 Comgabi
378 1143 509 1211 luerunt;
526 1143 574 1197 sed
587 1142 679 1213 major
700 1148 728 1197 et
748 1142 920 1197 nominatior
937 1142 1047 1197 caeteris
1064 1143 1233 1213 praedictum
1255 1143 1461 1198 monasterium
1482 1144 1625 1198 Beanchor
1646 1150 1696 1215 est,
1718 1167 1732 1195 s
1755 1149 1808 1199 etc.

125 1232 247 1289 Sanctus
259 1232 356 1289 itidem
367 1232 525 1288 bernardus
536 1231 744 1287 clarevallensis
757 1231 842 1286 abbas
852 1232 881 1287 in
897 1232 958 1287 Vita
971 1232 1059 1286 sancti
1069 1232 1220 1302 Malachiae,
1231 1249 1293 1303 cap.
1309 1235 1335 1301 6,
1348 1232 1445 1288 laudes
1454 1233 1593 1289 Hibernici
1607 1233 1810 1289 benchorensis

124 1322 292 1378 monasterii
304 1322 493 1394 persequitur,
507 1321 591 1396 eique
607 1321 719 1377 ascribit
732 1338 796 1395 quae
806 1321 966 1377 Britannico
979 1322 1104 1378 tribuere
1116 1322 1227 1378 ridetur
1240 1323 1314 1378 beda
1325 1323 1385 1378 loeo
1398 1323 1491 1378 citato.

163 1467 206 1523 Ad
221 1483 304 1522 usum
320 1467 415 1539 itaque
429 1467 549 1539 insignis
559 1468 634 1522 iltius
650 1467 814 1523 monasterii
828 1468 857 1522 in
871 1467 1007 1522 Hibernia
1019 1467 1064 1522 siti
1083 1467 1137 1522 luit
1150 1467 1387 1539 Antiphonarium
1401 1484 1476 1523 nunc
1499 1484 1516 1523 a
1535 1469 1616 1524 nobis
1637 1469 1808 1541 evulgatum.

123 1556 147 1613 E
159 1556 303 1612 bobiensis
315 1561 411 1611 autem
421 1558 540 1612 caenobii
553 1557 726 1613 Bibliotheca
739 1557 769 1612 in
782 1556 997 1612 Ambrosianum
1010 1557 1121 1612 transiit
1137 1557 1231 1613 Codex
1243 1574 1313 1612 cura
1323 1557 1488 1629 amplissimi
1508 1558 1658 1613 cardinalis
1677 1557 1810 1613 friderici

124 1646 292 1715 borromaei,
307 1648 353 1702 cui
368 1647 541 1704 bibliotheca
553 1647 601 1702 illa
616 1664 697 1702 suum
711 1651 808 1702 ortum
821 1647 915 1716 debet,
933 1647 1009 1713 urbs,
1030 1651 1058 1701 et
1070 1646 1326 1719 archiepiscopatus
1343 1648 1562 1718 Mediolanensis,
1586 1665 1739 1721 omnesque
1761 1636 1809 1703 lit·

125 1736 211 1791 terati
223 1735 348 1808 plurima
359 1742 498 1792 aternum
510 1737 662 1793 debebunt.
678 1737 774 1808 Neque
787 1736 903 1805 mirum,
915 1736 991 1808 quod
1004 1736 1034 1790 in
1044 1736 1173 1791 bobiensi
1187 1736 1537 1793 coenobiomonumentum
1545 1738 1598 1792 hoe
1609 1743 1810 1796 asservaretur.

125 1825 312 1881 Celeberrimi
324 1827 409 1898 hujus
422 1827 585 1882 monasterii
598 1827 742 1882 institutor
753 1827 808 1882 tuit
821 1831 933 1882 sanctus
953 1827 1141 1882 Columhanus
1153 1827 1249 1896 abbas,
1272 1827 1320 1900 qui
1336 1832 1369 1883 ut
1388 1829 1472 1882 Jonas
1491 1828 1635 1883 bobiensis
1654 1829 1811 1884 monachus

125 1913 156 1968 in
169 1917 232 1986 ejus
245 1916 307 1971 Vita
319 1919 425 1986 narrat,
437 1933 494 1971 non
505 1916 571 2000 alibi
587 1917 794 1971 monachorum
807 1917 870 1971 albo
885 1930 991 1971 nomen
1005 1915 1135 1987 primum
1150 1916 1278 1986 dederat,
1293 1934 1378 1989 quam
1392 1917 1422 1971 in
1437 1917 1616 1987 monasterio,
1640 1940 1654 1967 (ι
1673 1918 1753 1988 cujus
1770 1923 1812 1972 est

124 2004 297 2060 vocabulum
312 2006 447 2076 Banchor,
462 2027 476 2055 ι)
492 2007 539 2061 illo
552 2022 664 2078 nempe,
681 2006 755 2079 quod
768 2007 798 2061 in
811 2005 947 2061 Hibernia
960 2005 1048 2060 situm
1059 2006 1146 2061 fuisse
1159 2006 1292 2062 diximus.
1309 2006 1428 2062 Proinde
1443 2007 1517 2062 inter
1531 2007 1680 2063 bobienses
1693 2013 1721 2062 et
1735 2008 1809 2063 ben-

126 2094 278 2150 chorenses
293 2096 445 2151 monachos
458 2113 562 2167 magna
574 2096 604 2150 in
618 2100 762 2167 posterum
780 2112 893 2168 quoque
906 2095 1080 2150 necessitudo
1094 2095 1260 2164 intercessit,
1274 2112 1305 2151 ac
1322 2097 1427 2151 amoris
1440 2097 1652 2152 commercium.
1668 2097 1702 2151 Et
1716 2115 1807 2170 quan·

126 2199 216 2255 quam
236 2186 394 2257 excogitare
408 2203 466 2241 non
479 2187 629 2259 possimus,
645 2202 677 2243 nc
690 2186 750 2259 ipso
763 2191 858 2242 sancto
871 2185 1044 2242 Columhano
1056 2185 1182 2242 delatum
1192 2186 1221 2242 in
1237 2186 1345 2242 ltaliam
1357 2187 1595 2259 antiphonarium
1616 2188 1691 2244 istud
1711 2188 1809 2262 fuisse,

127 2288 193 2328 cum
204 2273 244 2327 ibi
259 2275 389 2347 quaedam
412 2276 569 2331 habeantur
581 2291 645 2348 qum
663 2276 771 2348 aliquot
791 2277 928 2332 duntaxat
941 2280 1007 2348 post
1030 2275 1091 2347 ejus
1116 2278 1238 2331 mortem
1263 2276 1345 2331 annis
1364 2275 1523 2348 contigere5
1545 2283 1672 2334 ettamen
1687 2279 1723 2334 ab
1748 2281 1809 2352 ejus

129 2371 281 2444 discipulis,
297 2375 467 2445 proximisre
482 2376 690 2431 successoribus
702 2376 731 2432 id
744 2376 850 2432 factum
863 2393 920 2431 non
932 2375 1076 2432 immerito
1089 2376 1199 2446 opinor.

163 2519 281 2583 Quando
291 2524 387 2576 autem
400 2521 430 2576 in
441 2538 494 2577 usu
503 2522 744 2577 benchorensium
757 2522 844 2577 fuerit
853 2523 938 2578 hocce
951 2521 1198 2594 antiphonarium,
1207 2520 1345 2594 conjicere
1355 2541 1504 2597 possumus
1517 2543 1552 2583 ex
1562 2523 1650 2598 ipsius
1660 2525 1810 2599 postremis

128 2607 218 2678 lineis,
235 2609 285 2664 uhi
297 2610 432 2666 Memoria
446 2611 579 2667 abbatum
592 2616 754 2667 nostrorum
771 2612 930 2667 exhibetur.
953 2611 1064 2667 Primus
1087 2612 1289 2669 Benchorensis
1303 2615 1466 2670 monasterii
1487 2615 1572 2671 abbas
1590 2617 1630 2672 ibi
1643 2621 1811 2674 numeratur

127 2703 241 2754 unctus
255 2699 417 2772 Comgillus,
434 2701 484 2774 qui
495 2701 584 2756 sancti
598 2701 764 2758 Columbani
778 2702 915 2774 magister
928 2718 960 2756 ac
973 2701 1004 2757 in
1016 2701 1175 2768 eruditione
1185 2703 1452 2776 pietatispaterfuit.
1468 2707 1507 2759 lta
1519 2706 1553 2760 de
1568 2706 1742 2762 Columbano
1751 2708 1810 2762 lau·

128 2788 209 2844 datus
223 2790 307 2845 lonas
321 2808 327 2844 ε
345 2810 358 2843 a
372 2791 454 2846 Dedit
467 2791 567 2847 deindo
584 2808 699 2864 operam
710 2799 743 2848 ut
754 2793 959 2848 monachorum
973 2797 1134 2848 necteretur
1146 2792 1280 2862 societati,
1295 2799 1323 2848 et
1336 2795 1549 2864 monasterium,
1571 2796 1650 2866 cujus
1664 2799 1706 2852 est
1727 2813 1809 2852 voca-

125 2876 227 2933 bulum
243 2880 381 2950 Banchor,
395 2882 484 2953 petiit,
500 2882 597 2954 inquo
610 2884 746 2939 virtutum
759 2883 863 2956 praesul
875 2884 1004 2939 ubertate
1025 2883 1136 2938 cluebat
1153 2883 1251 2938 beatus
1268 2883 1486 2956 Commagenus,
1503 2885 1635 2957 egregius
1654 2887 1729 2942 inter
1746 2903 1815 2945 suos

126 2968 334 3025 monachorum
346 2974 435 3043 pater.
452 2973 665 3037 »Quamobrem
677 2978 788 3028 sanctus
807 2973 962 3045 Comgillus
976 2972 1072 3028 ssoruit
1087 2972 1198 3027 circiter
1210 2989 1318 3027 annum
1331 2973 1435 3029 Christi
1448 2976 1510 3044 666,
1525 2980 1553 3030 et
1566 2975 1658 3031 adhuc
1682 2976 1810 3032 bencho-

127 3057 202 3112 sensi
217 3060 387 3115 monasterio
400 3068 529 3133 praeerat,
545 3080 611 3118 cum
624 3068 737 3119 sanctus
749 3063 938 3119 columbanus
953 3079 987 3118 ex
1000 3061 1130 3117 Hibernia
1141 3061 1171 3116 iu
1184 3062 1287 3117 Gallias
1303 3063 1446 3134 processit,
1460 3080 1531 3119 nova
1549 3067 1810 3123 monasteriainsti·

125 3152 242 3205 tuturus
257 3165 264 3204 :
279 3151 356 3222 quod
369 3153 452 3225 paulo
465 3158 530 3209 ante
546 3170 655 3209 annum
664 3153 766 3209 Christi
785 3157 835 3209 696
848 3153 979 3208 accidisse
998 3152 1174 3208 itabillonius
1194 3153 1337 3208 contendit
1359 3153 1388 3208 io
1411 3155 1485 3211 notis
1511 3155 1546 3210 ed
1572 3157 1702 3212 eamdem
1723 3159 1811 3214 saneti

125 3237 295 3294 Columbaui
307 3240 398 3296 Vitam
413 3259 476 3298 saec.
492 3260 512 3298 u
527 3245 588 3299 Act.
601 3249 689 3299 sanct.
713 3243 774 3299 ord.
794 3244 884 3299 sancti
903 3242 1056 3300 Benedicti.
1080 3243 1189 3311 baleus,
1208 3243 1322 3299 Centur.
1351 3261 1369 3313 1,
1394 3260 1454 3315 eap.
1481 3247 1524 3314 sl,
1547 3245 1649 3317 Script.
1672 3246 1810 3315 Britann,

128 3329 216 3383 sancti
229 3330 478 3402 Comgilliaetatem
492 3332 614 3388 nimium
629 3334 774 3406 anticipat,
793 3350 858 3388 cum
874 3333 955 3388 illum
976 3332 1104 3387 coenobio
1126 3331 1311 3387 benchorensi
1332 3333 1518 3405 praepositum
1537 3351 1611 3389 anno
1631 3335 1735 3391 Christi
1758 3340 1809 3392 ’636

129 3418 233 3489 scribit,
249 3420 332 3493 eique
345 3422 504 3494 regendum
523 3424 726 3494 Britannicum,
740 3440 801 3481 non
813 3436 881 3481 {ero
901 3422 1093 3490 Hibernicum,
1117 3422 1312 3477 benchorense
1333 3422 1536 3478 monasterinm
1554 3423 1664 3480 tribuit.
1684 3425 1810 3481 Ueserim

130 3507 188 3579 ejus
199 3514 323 3565 mortem
335 3510 399 3583 tigit
412 3512 442 3567 in
456 3530 531 3569 anno
543 3514 648 3570 Christi
661 3517 723 3583 60l,
740 3530 807 3586 pag.
823 3512 875 3568 tbi
890 3513 984 3586 dntiq.
998 3511 1232 3567 Britannicarum.

165 3655 324 3712 Succedunt
335 3657 365 3713 in
377 3659 580 3732 antiphonario
595 3661 709 3717 abbates
723 3663 880 3734 beognous,
896 3659 1007 3728 AEdeus,
1022 3657 1173 3728 Simlanus,
1188 3656 1371 3728 Fintenanus,
1385 3656 1583 3730 Hichlaisreus,
1600 3658 1736 3732 Saganos,
1759 3660 1811 3718 be·

131 3747 426 3908 Efflfflmnfflm’
441 3750 587 3823 Columba,
597 3753 732 3824 Aldanus,
748 3751 926 3820 bantherius,
943 3750 1098 3820 Crenanus,
1113 3750 1252 3806 Camanus
1268 3754 1296 3805 et
1310 3750 1466 3807 Cronanus.
1481 3752 1520 3809 be
1533 3754 1675 3824 postremo
1692 3751 1754 3808 hece
1773 3749 1813 3808 ibi

347 3939 449 3992 Christo
460 3955 530 3992 nuuc
540 3942 612 3993 sedet
620 3956 757 4008 supremus
1003 3960 1013 3975 ·
1225 3941 1370 3995 Conservct
1381 3955 1442 3992 eum
1455 3941 1588 3994 Dominus.

317 3998 432 4066 Hymnoe
447 4018 543 4056 canens
555 4005 737 4070 quindecimus
1224 4003 1294 4062 Quos
1306 4004 1460 4056 convocavit
1474 4006 1598 4057 Dominus

317 4062 386 4115 Zoen
398 4071 427 4117 ut
437 4073 527 4132 carpat
537 4069 680 4132 Cronanus,
1223 4068 1354 4117 Coelorum
1367 4068 1441 4132 regni
1457 4069 1571 4120 sedibus.

131 4202 196 4267 Oua
217 4221 284 4261 sane
304 4206 426 4265 indicare
450 4205 592 4282 videntur,
617 4213 781 4271 Cronanum
803 4215 869 4269 tunc
894 4209 979 4268 etiam
999 4210 1135 4283 temporis
1157 4209 1187 4265 in
1210 4210 1279 4266 vivis
1295 4211 1390 4282 fuisse,
1411 4229 1476 4283 cum
1500 4213 1526 4268 ei
1547 4214 1610 4285 Zoe,
1632 4208 1728 4286 idest,
1746 4218 1813 4282 vito,

131 4295 250 4365 optetur,
265 4300 294 4351 et
306 4296 414 4353 dicatur
425 4302 610 4357 convocandas
619 4302 656 4358 ad
668 4302 809 4358 Coelorum
829 4302 911 4375 regni
925 4301 1013 4357 sedes.
1028 4303 1159 4355 Attamen
1169 4316 1235 4356 cum
1249 4302 1387 4373 scriptum
1399 4301 1439 4357 ibi
1451 4302 1487 4357 sit
1497 4319 1563 4373 quos
1577 4305 1742 4371 convocabit,
1755 4322 1812 4362 non

131 4397 194 4437 raro
208 4399 287 4453 quem
298 4390 463 4454 convocabit,
477 4390 630 4446 vehemens
643 4391 742 4447 oborta
751 4392 823 4447 mihi
834 4391 972 4447 dubitatio
985 4394 1037 4458 est,
1052 4407 1088 4445 ne
1104 4390 1262 4446 conuocobit
1274 4390 1350 4446 idem
1364 4391 1400 4446 sit
1414 4397 1499 4464 atque
1509 4397 1673 4459 convocavit,
1686 4396 1762 4468 quod
1784 4396 1815 4452 in

131 4473 323 4542 superioribas
336 4478 489 4550 repetitum
503 4481 614 4551 videas3
629 4487 657 4538 et
670 4482 812 4556 praeeipue
824 4498 889 4538 cum
901 4484 1060 4554 postremus
1073 4479 1158 4535 etiam
1172 4496 1204 4536 ex
1219 4480 1263 4536 his
1276 4480 1426 4537 abbatihus
1438 4482 1513 4539 inter
1526 4487 1634 4540 mactes
1646 4485 1815 4543 invocandos

133 4567 324 4621 enumeretur.

165 4707 246 4772 Quod
259 4710 282 4764 si
295 4726 393 4770 revera
402 4716 548 4775 Cronanus
562 4719 650 4776 abbas
662 4724 730 4777 tunc
745 4717 867 4789 vivebat,
884 4724 999 4793 tempus
1013 4736 1070 4792 qno
1082 4714 1319 4788 antiphonarium
1330 4718 1402 4778 illud
1421 4721 1620 4780 concinnatum
1640 4725 1695 4782 fuit
1718 4730 1767 4783 aot
1786 4722 1816 4783 in

132 4810 184 4852 usu
197 4804 268 4869 erat,
283 4801 409 4861 divinare
424 4808 543 4866 fortasse
557 4811 663 4867 liceret.
685 4812 716 4867 ln
730 4812 846 4886 antiquo
861 4813 988 4885 catalogo
1003 4815 1167 4867 sanctorum
1191 4811 1342 4883 Hibernia,
1367 4829 1451 4884 quem
1471 4813 1597 4870 Usserius
1620 4813 1726 4887 publici
1742 4816 1816 4888 juris

128 4884 202 4957 iecit,
218 4906 284 4962 pag.
299 4894 350 4950 673
373 4897 478 4954 laudati
495 4900 603 4972 Operis,
627 4901 772 4958 Cronanus
792 4903 967 4975 nescioquis
987 4903 1135 4975 presbyter
1158 4905 1271 4957 sanctus
1290 4908 1484 4959 enumeratur.
1504 4905 1571 4959 Tres
1587 4920 1653 4960 vero
1673 4905 1816 4962 Cronanos

134 4975 236 5034 deinde
248 4985 377 5054 agnoscit
389 4988 516 5044 Usserius
528 4991 587 5062 ipse
602 5009 667 5065 pag.
682 4996 744 5049 502.
760 4995 870 5051 Primus
886 5011 960 5050 anno
973 4992 1077 5050 Christi
1087 4993 1139 5048 646
1151 4991 1253 5048 vixisse
1270 4993 1300 5048 in
1315 4994 1445 5051 Hihemia
1459 4994 1557 5051 fertur.
1579 4995 1723 5052 Secundus
1741 5014 1816 5053 anno

134 5065 302 5127 christinus
316 5081 436 5132 mortem
450 5079 551 5136 obiisse
566 5081 669 5137 dicitur
681 5083 711 5138 in
726 5084 882 5140 Hibernieis
895 5084 1059 5141 Annalibus.
1076 5083 1186 5138 Tertius
1200 5083 1285 5139 abbas
1295 5084 1349 5140 fuit
1362 5084 1562 5159 magnificique
1575 5087 1739 5143 monasterii
1748 5088 1814 5144 luna

134 5154 216 5211 dator
228 5159 473 5237 inTipperarieosi
490 5171 635 5228 comitatu.
652 5172 794 5230 Videndus
814 5176 897 5230 etiem
918 5174 1068 5230 Bollandus
1088 5173 1123 5228 ad
1144 5173 1219 5229 diem
1239 5175 1361 5245 primam
1383 5175 1520 5243 ianuarii,
1543 5174 1593 5230 ubi
1617 5179 1703 5236 refert
1722 5180 1814 5237 Vitam

133 5248 224 5302 sancti
237 5251 372 5326 Hoehuae,
382 5257 439 5313 sive
454 5260 587 5329 Cronani,
603 5264 768 5334 quemfecit
783 5264 953 5336 discipulum
964 5263 1052 5319 sancti
1072 5263 1212 5336 Comgilii,
1229 5268 1257 5319 et
1269 5263 1407 5318 abbatem.
1421 5265 1474 5318 Nos
1486 5265 1515 5320 in
1535 5266 1666 5343 catalogo
1687 5267 1815 5328 bencho-

134 5339 405 5402 rensiumabbatum
416 5349 486 5404 duos
499 5350 643 5407 Cromnos
658 5355 825 5425 reperimus.
840 5358 860 5408 Α
878 5370 943 5408 vero
955 5370 1014 5409 non
1032 5355 1168 5410 obhorret
1190 5354 1375 5409 recentiorem
1395 5352 1470 5410 inter
1490 5371 1537 5410 eos
1553 5355 1682 5415 floruisse
1707 5359 1817 5416 circiter

132 5441 244 5484 annum
257 5431 360 5489 Christi
376 5439 437 5505 666,
453 5457 615 5513 quanquam
631 5442 654 5498 si
668 5449 741 5499 recte
755 5444 883 5513 tuemini,
897 5442 1007 5499 Gabriel
1022 5445 1174 5499 bucelinus
1186 5445 1216 5497 in
1229 5442 1302 5497 libro
1314 5442 1349 5498 de
1359 5443 1461 5499 sanctis
1474 5445 1547 5500 Viris
1559 5447 1620 5502 ord.
1635 5450 1722 5505 sancti
1730 5451 1818 5504 bene-

132 5514 214 5586 dicti,
227 5535 313 5590 quem
324 5524 392 5579 olim
405 5527 472 5596 vidi,
487 5531 592 5601 scribit,
609 5533 771 5589 Crononum
785 5533 1009 5590 Beneharensem
1023 5533 1155 5588 abbatem
1168 5533 1271 5588 vixisse
1284 5533 1394 5589 circiter
1416 5550 1524 5591 annum
1545 5536 1649 5593 Christi
1667 5540 1728 5593 636.
1749 5538 1816 5602 Quae

133 5606 232 5662 umen
242 5609 281 5664 ita
293 5611 365 5669 dicta
379 5616 474 5688 velim,
486 5623 584 5676 utnon
599 5628 695 5693 putem
705 5627 857 5696 propterca
871 5622 1003 5679 Codicem
1014 5623 1108 5695 ipsum
1131 5638 1189 5696 quo
1213 5639 1277 5677 sum
1298 5639 1367 5678 usus
1385 5623 1420 5679 ad
1439 5641 1502 5682 eam
1522 5626 1612 5701 ipsam
1624 5628 1735 5681 aetatem
1756 5641 1815 5684 csse

133 5695 330 5774 referendum,
344 5721 410 5763 cum
419 5710 564 5784 exemplar
574 5712 604 5767 in
619 5713 801 5769 ambrosiana
815 5718 997 5787 asservatum,
1013 5718 1041 5770 et
1055 5717 1130 5772 certe
1145 5713 1377 5788 vetustissimum,
1386 5730 1427 5775 ,ex
1438 5715 1596 5792 antiquiore
1608 5717 1702 5770 tamen
1716 5713 1816 5784 Codice

134 5783 257 5847 describi
269 5791 388 5855 subinde
401 5814 454 5877 per
465 5801 618 5871 monachos
631 5803 779 5863 bobienses
791 5803 849 5863 sive
864 5804 1085 5867 benchorienses
1099 5804 1234 5883 potierit.
