<?xml version="1.0" encoding="UTF-8"?>
<!DOCTYPE html PUBLIC "-//W3C//DTD XHTML 1.0 Transitional//EN"
    "http://www.w3.org/TR/xhtml1/DTD/xhtml1-transitional.dtd">
<html xmlns="http://www.w3.org/1999/xhtml" xml:lang="en" lang="en">
 <head>
  <title>
</title>
<meta http-equiv="Content-Type" content="text/html;charset=utf-8" />
  <meta name='ocr-system' content='tesseract 3.04.00' />
  <meta name='ocr-capabilities' content='ocr_page ocr_carea ocr_par ocr_line ocrx_word'/>
</head>
<body>
  <div class='ocr_page' id='page_1' title='image "./patrologiaecurs00migngoog_0388.png"; bbox 0 0 3878 6150; ppageno 0'>
   <div class='ocr_carea' id='block_1_1' title="bbox 547 230 1557 316">
    <p class='ocr_par' dir='ltr' id='par_1_1' title="bbox 547 230 1557 316">
     <span class='ocr_line' id='line_1_1' title="bbox 547 230 1557 316; baseline 0 0"><span class='ocrx_word' id='word_1_1' title='bbox 547 230 550 237; x_wconf 80' lang='grc'>’</span> <span class='ocrx_word' id='word_1_2' title='bbox 633 257 794 316; x_wconf 77' lang='lat' dir='ltr'><strong>canonas.</strong></span> <span class='ocrx_word' id='word_1_3' title='bbox 828 261 832 270; x_wconf 93' lang='lat'><strong>·</strong></span> <span class='ocrx_word' id='word_1_4' title='bbox 1503 260 1557 316; x_wconf 80' lang='lat' dir='ltr'><strong>vas</strong></span> 
     </span>
    </p>
   </div>
   <div class='ocr_carea' id='block_1_2' title="bbox 94 365 1555 541">
    <p class='ocr_par' dir='ltr' id='par_1_2' title="bbox 94 365 1555 541">
     <span class='ocr_line' id='line_1_2' title="bbox 94 365 1200 452; baseline -0.003 -25"><span class='ocrx_word' id='word_1_5' title='bbox 94 369 210 427; x_wconf 83' lang='lat' dir='ltr'><strong>rcibum</strong></span> <span class='ocrx_word' id='word_1_6' title='bbox 228 365 272 424; x_wconf 91' lang='lat' dir='ltr'><strong>vel</strong></span> <span class='ocrx_word' id='word_1_7' title='bbox 289 367 423 440; x_wconf 87' lang='lat' dir='ltr'><strong>poculum</strong></span> <span class='ocrx_word' id='word_1_8' title='bbox 440 366 539 423; x_wconf 78' lang='lat' dir='ltr'><strong>misam</strong></span> <span class='ocrx_word' id='word_1_9' title='bbox 560 368 734 452; x_wconf 65' lang='lat' dir='ltr'><strong>tractareA</strong></span> <span class='ocrx_word' id='word_1_10' title='bbox 1092 367 1200 426; x_wconf 68' lang='lat' dir='ltr'><strong>xxxii.</strong></span> 
     </span>
     <span class='ocr_line' id='line_1_3' title="bbox 106 460 1555 541; baseline -0.003 -20"><span class='ocrx_word' id='word_1_11' title='bbox 106 463 176 521; x_wconf 90' lang='lat' dir='ltr'><strong>dum</strong></span> <span class='ocrx_word' id='word_1_12' title='bbox 188 463 282 519; x_wconf 75' lang='lat' dir='ltr'><strong>missa</strong></span> <span class='ocrx_word' id='word_1_13' title='bbox 297 462 431 518; x_wconf 89' lang='lat' dir='ltr'><strong>dicuntur</strong></span> <span class='ocrx_word' id='word_1_14' title='bbox 444 464 527 517; x_wconf 87' lang='lat' dir='ltr'><strong>stare.</strong></span> <span class='ocrx_word' id='word_1_15' title='bbox 778 463 838 519; x_wconf 83' lang='lat' dir='ltr'><strong>Non</strong></span> <span class='ocrx_word' id='word_1_16' title='bbox 849 463 915 520; x_wconf 89' lang='lat' dir='ltr'><strong>licet</strong></span> <span class='ocrx_word' id='word_1_17' title='bbox 926 464 1091 537; x_wconf 75' lang='lat' dir='ltr'><strong>presbytero</strong></span> <span class='ocrx_word' id='word_1_18' title='bbox 1103 464 1132 519; x_wconf 91' lang='lat' dir='ltr'><strong>in</strong></span> <span class='ocrx_word' id='word_1_19' title='bbox 1143 461 1252 536; x_wconf 83' lang='lat' dir='ltr'><strong>judicio</strong></span> <span class='ocrx_word' id='word_1_20' title='bbox 1265 461 1315 541; x_wconf 86' lang='lat' dir='ltr'><strong>illo</strong></span> <span class='ocrx_word' id='word_1_21' title='bbox 1323 464 1410 530; x_wconf 83' lang='lat' dir='ltr'><strong>staro,</strong></span> <span class='ocrx_word' id='word_1_22' title='bbox 1418 460 1494 517; x_wconf 85' lang='lat' dir='ltr'><strong>unde</strong></span> <span class='ocrx_word' id='word_1_23' title='bbox 1503 460 1555 517; x_wconf 88' lang='lat' dir='ltr'><strong>ho·</strong></span> 
     </span>
    </p>
   </div>
   <div class='ocr_carea' id='block_1_3' title="bbox 94 557 1558 2980">
    <p class='ocr_par' dir='ltr' id='par_1_3' title="bbox 94 557 1558 1195">
     <span class='ocr_line' id='line_1_4' title="bbox 256 557 1128 614; baseline -0.001 -1"><span class='ocrx_word' id='word_1_24' title='bbox 256 558 308 613; x_wconf 76' lang='lat' dir='ltr'><strong>xi.</strong></span> <span class='ocrx_word' id='word_1_25' title='bbox 744 573 792 614; x_wconf 92' lang='lat' dir='ltr'><strong>mo</strong></span> <span class='ocrx_word' id='word_1_26' title='bbox 806 557 842 614; x_wconf 87' lang='lat' dir='ltr'><strong>ad</strong></span> <span class='ocrx_word' id='word_1_27' title='bbox 856 559 979 614; x_wconf 88' lang='lat' dir='ltr'><strong>mortem</strong></span> <span class='ocrx_word' id='word_1_28' title='bbox 989 558 1128 614; x_wconf 84' lang='lat' dir='ltr'><strong>tradatur.</strong></span> 
     </span>
     <span class='ocr_line' id='line_1_5' title="bbox 94 646 1200 724; baseline -0.002 -16"><span class='ocrx_word' id='word_1_29' title='bbox 94 652 195 724; x_wconf 77' lang='lat' dir='ltr'><strong>sbyter,</strong></span> <span class='ocrx_word' id='word_1_30' title='bbox 211 651 289 723; x_wconf 91' lang='lat' dir='ltr'><strong>quod</strong></span> <span class='ocrx_word' id='word_1_31' title='bbox 298 649 376 706; x_wconf 84' lang='lat' dir='ltr'><strong>netas</strong></span> <span class='ocrx_word' id='word_1_32' title='bbox 385 654 429 706; x_wconf 90' lang='lat' dir='ltr'><strong>est</strong></span> <span class='ocrx_word' id='word_1_33' title='bbox 441 648 544 718; x_wconf 87' lang='lat' dir='ltr'><strong>dicere,</strong></span> <span class='ocrx_word' id='word_1_34' title='bbox 568 652 619 704; x_wconf 88' lang='lat' dir='ltr'><strong>aut</strong></span> <span class='ocrx_word' id='word_1_35' title='bbox 631 646 693 703; x_wconf 86' lang='lat' dir='ltr'><strong>dia·</strong></span> <span class='ocrx_word' id='word_1_36' title='bbox 1102 651 1200 708; x_wconf 79' lang='lat' dir='ltr'>XXXV.</span> 
     </span>
     <span class='ocr_line' id='line_1_6' title="bbox 94 740 1558 818; baseline 0 -16"><span class='ocrx_word' id='word_1_37' title='bbox 94 745 255 816; x_wconf 87' lang='lat' dir='ltr'><strong>bdiaconus,</strong></span> <span class='ocrx_word' id='word_1_38' title='bbox 274 749 338 817; x_wconf 90' lang='lat' dir='ltr'><strong>post</strong></span> <span class='ocrx_word' id='word_1_39' title='bbox 355 748 500 816; x_wconf 87' lang='lat' dir='ltr'><strong>acceptam</strong></span> <span class='ocrx_word' id='word_1_40' title='bbox 516 740 692 799; x_wconf 89' lang='lat' dir='ltr'><strong>benedictio-</strong></span> <span class='ocrx_word' id='word_1_41' title='bbox 778 745 839 802; x_wconf 88' lang='lat' dir='ltr'><strong>Non</strong></span> <span class='ocrx_word' id='word_1_42' title='bbox 860 744 927 803; x_wconf 79' lang='lat' dir='ltr'><strong>licat</strong></span> <span class='ocrx_word' id='word_1_43' title='bbox 940 745 1115 818; x_wconf 85' lang='lat' dir='ltr'><strong>presbytero,</strong></span> <span class='ocrx_word' id='word_1_44' title='bbox 1134 749 1185 801; x_wconf 89' lang='lat' dir='ltr'><strong>ent</strong></span> <span class='ocrx_word' id='word_1_45' title='bbox 1207 744 1335 814; x_wconf 88' lang='lat' dir='ltr'><strong>diacono,</strong></span> <span class='ocrx_word' id='word_1_46' title='bbox 1353 743 1398 800; x_wconf 89' lang='lat' dir='ltr'><strong>vel</strong></span> <span class='ocrx_word' id='word_1_47' title='bbox 1423 743 1558 817; x_wconf 77' lang='lat' dir='ltr'><strong>cuiquam</strong></span> 
     </span>
     <span class='ocr_line' id='line_1_7' title="bbox 99 835 1556 915; baseline -0.001 -19"><span class='ocrx_word' id='word_1_48' title='bbox 99 839 299 915; x_wconf 81' lang='lat' dir='ltr'>procreaverit,</span> <span class='ocrx_word' id='word_1_49' title='bbox 309 838 533 895; x_wconf 86' lang='lat' dir='ltr'><strong>autadulterinrn</strong></span> <span class='ocrx_word' id='word_1_50' title='bbox 544 835 691 893; x_wconf 86' lang='lat' dir='ltr'><strong>commise-</strong></span> <span class='ocrx_word' id='word_1_51' title='bbox 743 840 921 911; x_wconf 90' lang='lat' dir='ltr'><strong>clericorum,</strong></span> <span class='ocrx_word' id='word_1_52' title='bbox 934 840 969 896; x_wconf 89' lang='lat' dir='ltr'><strong>da</strong></span> <span class='ocrx_word' id='word_1_53' title='bbox 982 839 1107 912; x_wconf 85' lang='lat' dir='ltr'><strong>qnalibet</strong></span> <span class='ocrx_word' id='word_1_54' title='bbox 1124 855 1206 895; x_wconf 85' lang='lat' dir='ltr'><strong>causa</strong></span> <span class='ocrx_word' id='word_1_55' title='bbox 1218 837 1405 895; x_wconf 90' lang='lat' dir='ltr'><strong>conclericum</strong></span> <span class='ocrx_word' id='word_1_56' title='bbox 1418 853 1501 895; x_wconf 90' lang='lat' dir='ltr'><strong>suum</strong></span> <span class='ocrx_word' id='word_1_57' title='bbox 1519 837 1556 894; x_wconf 87' lang='lat' dir='ltr'><strong>ad</strong></span> 
     </span>
     <span class='ocr_line' id='line_1_8' title="bbox 94 929 1179 1007; baseline 0 -18"><span class='ocrx_word' id='word_1_58' title='bbox 94 934 207 1006; x_wconf 81' lang='lat' dir='ltr'><strong>asbyter</strong></span> <span class='ocrx_word' id='word_1_59' title='bbox 220 934 274 990; x_wconf 91' lang='lat' dir='ltr'><strong>hoc</strong></span> <span class='ocrx_word' id='word_1_60' title='bbox 287 933 418 1005; x_wconf 87' lang='lat' dir='ltr'><strong>episcopo</strong></span> <span class='ocrx_word' id='word_1_61' title='bbox 432 935 484 988; x_wconf 89' lang='lat' dir='ltr'><strong>aut</strong></span> <span class='ocrx_word' id='word_1_62' title='bbox 496 929 692 988; x_wconf 87' lang='lat' dir='ltr'><strong>archidiacono</strong></span> <span class='ocrx_word' id='word_1_63' title='bbox 739 933 866 1007; x_wconf 88' lang='lat' dir='ltr'><strong>judicem</strong></span> <span class='ocrx_word' id='word_1_64' title='bbox 880 935 1044 991; x_wconf 75' lang='lat' dir='ltr'><strong>secularem</strong></span> <span class='ocrx_word' id='word_1_65' title='bbox 1055 934 1179 990; x_wconf 76' lang='lat' dir='ltr'><strong>trahere.</strong></span> 
     </span>
     <span class='ocr_line' id='line_1_9' title="bbox 94 1023 1191 1100; baseline -0.005 -16"><span class='ocrx_word' id='word_1_66' title='bbox 94 1029 141 1085; x_wconf 82' lang='lat' dir='ltr'><strong>tsi</strong></span> <span class='ocrx_word' id='word_1_67' title='bbox 155 1028 216 1098; x_wconf 88' lang='lat' dir='ltr'><strong>scit,</strong></span> <span class='ocrx_word' id='word_1_68' title='bbox 235 1028 347 1100; x_wconf 79' lang='lat' dir='ltr'><strong>integro</strong></span> <span class='ocrx_word' id='word_1_69' title='bbox 363 1043 440 1082; x_wconf 91' lang='lat' dir='ltr'><strong>anno</strong></span> <span class='ocrx_word' id='word_1_70' title='bbox 457 1042 516 1081; x_wconf 91' lang='lat' dir='ltr'><strong>non</strong></span> <span class='ocrx_word' id='word_1_71' title='bbox 533 1023 693 1081; x_wconf 85' lang='lat' dir='ltr'><strong>communi·</strong></span> <span class='ocrx_word' id='word_1_72' title='bbox 1085 1029 1191 1085; x_wconf 81' lang='lat' dir='ltr'><strong>xxxvl.</strong></span> 
     </span>
     <span class='ocr_line' id='line_1_10' title="bbox 94 1120 1555 1195; baseline -0.001 -17"><span class='ocrx_word' id='word_1_73' title='bbox 94 1122 132 1195; x_wconf 83' lang='lat' dir='ltr'><strong>[ui</strong></span> <span class='ocrx_word' id='word_1_74' title='bbox 145 1123 199 1178; x_wconf 92' lang='lat' dir='ltr'><strong>hoc</strong></span> <span class='ocrx_word' id='word_1_75' title='bbox 214 1120 409 1177; x_wconf 83' lang='lat' dir='ltr'><strong>commiserint</strong></span> <span class='ocrx_word' id='word_1_76' title='bbox 420 1120 607 1193; x_wconf 75' lang='lat' dir='ltr'><strong>deponantur.</strong></span> <span class='ocrx_word' id='word_1_77' title='bbox 778 1123 839 1179; x_wconf 88' lang='lat' dir='ltr'><strong>Non</strong></span> <span class='ocrx_word' id='word_1_78' title='bbox 851 1121 919 1179; x_wconf 89' lang='lat' dir='ltr'><strong>licet</strong></span> <span class='ocrx_word' id='word_1_79' title='bbox 929 1122 1043 1181; x_wconf 86' lang='lat' dir='ltr'><strong>mulieri</strong></span> <span class='ocrx_word' id='word_1_80' title='bbox 1054 1122 1133 1181; x_wconf 90' lang='lat' dir='ltr'><strong>nuda</strong></span> <span class='ocrx_word' id='word_1_81' title='bbox 1150 1134 1239 1178; x_wconf 88' lang='lat' dir='ltr'><strong>manu</strong></span> <span class='ocrx_word' id='word_1_82' title='bbox 1257 1120 1459 1179; x_wconf 84' lang='lat' dir='ltr'><strong>Eucharistiam</strong></span> <span class='ocrx_word' id='word_1_83' title='bbox 1481 1120 1555 1176; x_wconf 86' lang='lat' dir='ltr'><strong>acci·</strong></span> 
     </span>
    </p>

    <p class='ocr_par' dir='ltr' id='par_1_4' title="bbox 94 1217 1556 1568">
     <span class='ocr_line' id='line_1_11' title="bbox 252 1217 822 1292; baseline 0.005 -22"><span class='ocrx_word' id='word_1_84' title='bbox 252 1217 316 1271; x_wconf 86' lang='lat' dir='ltr'><strong>lllll.</strong></span> <span class='ocrx_word' id='word_1_85' title='bbox 701 1281 708 1291; x_wconf 43' lang='grc'><strong><em>,</em></strong></span> <span class='ocrx_word' id='word_1_86' title='bbox 744 1234 822 1292; x_wconf 88' lang='lat' dir='ltr'><strong>pere.</strong></span> 
     </span>
     <span class='ocr_line' id='line_1_12' title="bbox 94 1297 1211 1383; baseline -0.004 -19"><span class='ocrx_word' id='word_1_87' title='bbox 94 1297 447 1383; x_wconf 74' lang='lat' dir='ltr'><strong>esbyteropostacceptam</strong></span> <span class='ocrx_word' id='word_1_88' title='bbox 456 1305 691 1373; x_wconf 79' lang='lat' dir='ltr'><strong>benedictionem,</strong></span> <span class='ocrx_word' id='word_1_89' title='bbox 1088 1312 1211 1369; x_wconf 75' lang='lat' dir='ltr'><strong>mvn.</strong></span> 
     </span>
     <span class='ocr_line' id='line_1_13' title="bbox 94 1399 1556 1477; baseline -0.003 -14"><span class='ocrx_word' id='word_1_90' title='bbox 94 1419 130 1460; x_wconf 80' lang='lat' dir='ltr'><strong>tm</strong></span> <span class='ocrx_word' id='word_1_91' title='bbox 142 1404 307 1476; x_wconf 84' lang='lat' dir='ltr'><strong>presbytera</strong></span> <span class='ocrx_word' id='word_1_92' title='bbox 320 1418 370 1458; x_wconf 84' lang='lat' dir='ltr'><strong>sua</strong></span> <span class='ocrx_word' id='word_1_93' title='bbox 378 1401 513 1472; x_wconf 76' lang='lat' dir='ltr'><strong>dormire,</strong></span> <span class='ocrx_word' id='word_1_94' title='bbox 525 1416 578 1457; x_wconf 72' lang='lat' dir='ltr'><strong>nee</strong></span> <span class='ocrx_word' id='word_1_95' title='bbox 591 1399 621 1455; x_wconf 86' lang='lat' dir='ltr'><strong>in</strong></span> <span class='ocrx_word' id='word_1_96' title='bbox 630 1414 694 1471; x_wconf 76' lang='lat' dir='ltr'><strong>peo-</strong></span> <span class='ocrx_word' id='word_1_97' title='bbox 777 1406 841 1463; x_wconf 86' lang='lat' dir='ltr'><strong>lton</strong></span> <span class='ocrx_word' id='word_1_98' title='bbox 854 1405 919 1462; x_wconf 85' lang='lat' dir='ltr'><strong>licat</strong></span> <span class='ocrx_word' id='word_1_99' title='bbox 929 1406 1042 1464; x_wconf 82' lang='lat' dir='ltr'><strong>mulieri</strong></span> <span class='ocrx_word' id='word_1_100' title='bbox 1055 1421 1175 1462; x_wconf 85' lang='lat' dir='ltr'><strong>manum</strong></span> <span class='ocrx_word' id='word_1_101' title='bbox 1184 1404 1320 1462; x_wconf 76' lang='lat' dir='ltr'><strong>suan-ad</strong></span> <span class='ocrx_word' id='word_1_102' title='bbox 1340 1404 1446 1477; x_wconf 83' lang='lat' dir='ltr'><strong>pallam</strong></span> <span class='ocrx_word' id='word_1_103' title='bbox 1465 1403 1556 1459; x_wconf 85' lang='lat' dir='ltr'><strong>domi·</strong></span> 
     </span>
     <span class='ocr_line' id='line_1_14' title="bbox 94 1493 973 1568; baseline -0.005 -15"><span class='ocrx_word' id='word_1_104' title='bbox 94 1497 197 1568; x_wconf 81' lang='lat' dir='ltr'><strong>iisceri,</strong></span> <span class='ocrx_word' id='word_1_105' title='bbox 212 1513 264 1553; x_wconf 93' lang='lat' dir='ltr'><strong>nec</strong></span> <span class='ocrx_word' id='word_1_106' title='bbox 282 1497 410 1565; x_wconf 87' lang='lat' dir='ltr'><strong>diacono,</strong></span> <span class='ocrx_word' id='word_1_107' title='bbox 439 1497 490 1551; x_wconf 91' lang='lat' dir='ltr'><strong>aut</strong></span> <span class='ocrx_word' id='word_1_108' title='bbox 509 1493 691 1550; x_wconf 87' lang='lat' dir='ltr'><strong>subdiacono.</strong></span> <span class='ocrx_word' id='word_1_109' title='bbox 742 1499 836 1557; x_wconf 77' lang='lat' dir='ltr'><strong>nicam</strong></span> <span class='ocrx_word' id='word_1_110' title='bbox 848 1501 973 1558; x_wconf 69' lang='lat' dir='ltr'><strong>mittere.</strong></span> 
     </span>
    </p>

    <p class='ocr_par' dir='ltr' id='par_1_5' title="bbox 94 1591 1556 1852">
     <span class='ocr_line' id='line_1_15' title="bbox 246 1591 1219 1652; baseline 0.003 -5"><span class='ocrx_word' id='word_1_111' title='bbox 246 1591 321 1647; x_wconf 82' lang='lat' dir='ltr'><strong>llllll.</strong></span> <span class='ocrx_word' id='word_1_112' title='bbox 1082 1596 1219 1652; x_wconf 82' lang='lat' dir='ltr'><strong>xxxviii.</strong></span> 
     </span>
     <span class='ocr_line' id='line_1_16' title="bbox 94 1682 1556 1758; baseline 0.002 -17"><span class='ocrx_word' id='word_1_113' title='bbox 94 1684 170 1742; x_wconf 79' lang='lat' dir='ltr'><strong>lictoe</strong></span> <span class='ocrx_word' id='word_1_114' title='bbox 184 1683 351 1758; x_wconf 80' lang='lat' dir='ltr'><strong>presbyteri,</strong></span> <span class='ocrx_word' id='word_1_115' title='bbox 368 1699 423 1739; x_wconf 91' lang='lat' dir='ltr'><strong>nec</strong></span> <span class='ocrx_word' id='word_1_116' title='bbox 444 1682 550 1739; x_wconf 86' lang='lat' dir='ltr'><strong>rolictsc</strong></span> <span class='ocrx_word' id='word_1_117' title='bbox 569 1682 692 1751; x_wconf 85' lang='lat' dir='ltr'><strong>diaconi,</strong></span> <span class='ocrx_word' id='word_1_118' title='bbox 777 1687 838 1744; x_wconf 88' lang='lat' dir='ltr'><strong>Non</strong></span> <span class='ocrx_word' id='word_1_119' title='bbox 851 1687 919 1745; x_wconf 87' lang='lat' dir='ltr'><strong>licet</strong></span> <span class='ocrx_word' id='word_1_120' title='bbox 931 1703 997 1744; x_wconf 91' lang='lat' dir='ltr'><strong>cum</strong></span> <span class='ocrx_word' id='word_1_121' title='bbox 1009 1689 1255 1745; x_wconf 85' lang='lat' dir='ltr'><strong>excommunicato</strong></span> <span class='ocrx_word' id='word_1_122' title='bbox 1268 1687 1491 1758; x_wconf 86' lang='lat' dir='ltr'><strong>communicare,</strong></span> <span class='ocrx_word' id='word_1_123' title='bbox 1503 1702 1556 1744; x_wconf 85' lang='lat' dir='ltr'><strong>nec</strong></span> 
     </span>
     <span class='ocr_line' id='line_1_17' title="bbox 94 1748 1101 1852; baseline 0.002 -16"><span class='ocrx_word' id='word_1_124' title='bbox 94 1779 117 1851; x_wconf 89' lang='lat' dir='ltr'><strong>i,</strong></span> <span class='ocrx_word' id='word_1_125' title='bbox 130 1783 196 1852; x_wconf 85' lang='lat' dir='ltr'><strong>post</strong></span> <span class='ocrx_word' id='word_1_126' title='bbox 205 1780 265 1852; x_wconf 84' lang='lat' dir='ltr'><strong>ejus</strong></span> <span class='ocrx_word' id='word_1_127' title='bbox 274 1781 399 1835; x_wconf 88' lang='lat' dir='ltr'><strong>mortem</strong></span> <span class='ocrx_word' id='word_1_128' title='bbox 412 1777 548 1834; x_wconf 90' lang='lat' dir='ltr'><strong>maritum</strong></span> <span class='ocrx_word' id='word_1_129' title='bbox 556 1776 692 1850; x_wconf 83' lang='lat' dir='ltr'><strong>accipere.</strong></span> <span class='ocrx_word' id='word_1_130' title='bbox 702 1748 731 1823; x_wconf 75' lang='grc' dir='ltr'><strong>Β</strong></span> <span class='ocrx_word' id='word_1_131' title='bbox 742 1798 810 1839; x_wconf 87' lang='lat' dir='ltr'><strong>cnm</strong></span> <span class='ocrx_word' id='word_1_132' title='bbox 824 1798 858 1838; x_wconf 88' lang='lat' dir='ltr'><strong>eo</strong></span> <span class='ocrx_word' id='word_1_133' title='bbox 870 1782 966 1838; x_wconf 90' lang='lat' dir='ltr'><strong>cibum</strong></span> <span class='ocrx_word' id='word_1_134' title='bbox 978 1798 1101 1839; x_wconf 89' lang='lat' dir='ltr'><strong>sumere.</strong></span> 
     </span>
    </p>

    <p class='ocr_par' dir='ltr' id='par_1_6' title="bbox 94 1873 1557 2419">
     <span class='ocr_line' id='line_1_18' title="bbox 243 1873 1207 1933; baseline 0.005 -5"><span class='ocrx_word' id='word_1_135' title='bbox 243 1873 331 1928; x_wconf 84' lang='lat' dir='ltr'><strong>lllllll.</strong></span> <span class='ocrx_word' id='word_1_136' title='bbox 1093 1876 1207 1933; x_wconf 81' lang='lat' dir='ltr'><strong>xxxix.</strong></span> 
     </span>
     <span class='ocr_line' id='line_1_19' title="bbox 94 1963 1557 2043; baseline 0.001 -19"><span class='ocrx_word' id='word_1_137' title='bbox 94 1983 123 2024; x_wconf 87' lang='lat' dir='ltr'><strong>ns</strong></span> <span class='ocrx_word' id='word_1_138' title='bbox 135 1968 166 2023; x_wconf 88' lang='lat' dir='ltr'><strong>in</strong></span> <span class='ocrx_word' id='word_1_139' title='bbox 177 1966 348 2023; x_wconf 87' lang='lat' dir='ltr'><strong>monasterio</strong></span> <span class='ocrx_word' id='word_1_140' title='bbox 361 1964 532 2021; x_wconf 72' lang='lat' dir='ltr'><strong>adulterium</strong></span> <span class='ocrx_word' id='word_1_141' title='bbox 548 1963 694 2021; x_wconf 90' lang='lat' dir='ltr'><strong>commise-</strong></span> <span class='ocrx_word' id='word_1_142' title='bbox 779 1969 810 2026; x_wconf 90' lang='lat' dir='ltr'><strong>Si</strong></span> <span class='ocrx_word' id='word_1_143' title='bbox 823 1970 886 2043; x_wconf 91' lang='lat' dir='ltr'><strong>quis</strong></span> <span class='ocrx_word' id='word_1_144' title='bbox 908 1968 1064 2043; x_wconf 73' lang='lat' dir='ltr'><strong>presbyter,</strong></span> <span class='ocrx_word' id='word_1_145' title='bbox 1085 1971 1136 2025; x_wconf 91' lang='lat' dir='ltr'><strong>aut</strong></span> <span class='ocrx_word' id='word_1_146' title='bbox 1156 1968 1275 2043; x_wconf 79' lang='lat' dir='ltr'><strong>quilibet</strong></span> <span class='ocrx_word' id='word_1_147' title='bbox 1299 1969 1334 2026; x_wconf 90' lang='lat' dir='ltr'><strong>de</strong></span> <span class='ocrx_word' id='word_1_148' title='bbox 1357 1968 1444 2037; x_wconf 90' lang='lat' dir='ltr'><strong>clero,</strong></span> <span class='ocrx_word' id='word_1_149' title='bbox 1459 1972 1510 2025; x_wconf 87' lang='lat' dir='ltr'><strong>aut</strong></span> <span class='ocrx_word' id='word_1_150' title='bbox 1521 1969 1557 2025; x_wconf 88' lang='lat' dir='ltr'><strong>de</strong></span> 
     </span>
     <span class='ocr_line' id='line_1_20' title="bbox 94 2046 1554 2138; baseline -0.002 -18"><span class='ocrx_word' id='word_1_151' title='bbox 94 2078 143 2118; x_wconf 86' lang='lat' dir='ltr'><strong>are</strong></span> <span class='ocrx_word' id='word_1_152' title='bbox 155 2062 259 2117; x_wconf 80' lang='lat' dir='ltr'><strong>habere</strong></span> <span class='ocrx_word' id='word_1_153' title='bbox 269 2059 495 2133; x_wconf 66' lang='lat' dir='ltr'><strong>presumpserit,</strong></span> <span class='ocrx_word' id='word_1_154' title='bbox 510 2062 561 2115; x_wconf 72' lang='lat' dir='ltr'><strong>aut</strong></span> <span class='ocrx_word' id='word_1_155' title='bbox 584 2059 693 2115; x_wconf 73' lang='lat' dir='ltr'><strong>latrium</strong></span> <span class='ocrx_word' id='word_1_156' title='bbox 742 2064 859 2138; x_wconf 86' lang='lat' dir='ltr'><strong>populo,</strong></span> <span class='ocrx_word' id='word_1_157' title='bbox 875 2065 1151 2121; x_wconf 86' lang='lat' dir='ltr'><strong>excommunicatum</strong></span> <span class='ocrx_word' id='word_1_158' title='bbox 1171 2064 1277 2137; x_wconf 87' lang='lat' dir='ltr'><strong>absque</strong></span> <span class='ocrx_word' id='word_1_159' title='bbox 1291 2063 1434 2119; x_wconf 83' lang='lat' dir='ltr'><strong>voluntate</strong></span> <span class='ocrx_word' id='word_1_160' title='bbox 1455 2046 1554 2134; x_wconf 62' lang='lat' dir='ltr'><strong>ipsum,</strong></span> 
     </span>
     <span class='ocr_line' id='line_1_21' title="bbox 94 2151 1556 2230; baseline -0.001 -16"><span class='ocrx_word' id='word_1_161' title='bbox 94 2172 102 2214; x_wconf 78' lang='lat'>2</span> <span class='ocrx_word' id='word_1_162' title='bbox 123 2156 209 2212; x_wconf 86' lang='lat' dir='ltr'><strong>abbas</strong></span> <span class='ocrx_word' id='word_1_163' title='bbox 229 2170 281 2227; x_wconf 90' lang='lat' dir='ltr'><strong>per</strong></span> <span class='ocrx_word' id='word_1_164' title='bbox 300 2170 330 2209; x_wconf 87' lang='lat' dir='ltr'><strong>se</strong></span> <span class='ocrx_word' id='word_1_165' title='bbox 344 2169 402 2209; x_wconf 91' lang='lat' dir='ltr'><strong>non</strong></span> <span class='ocrx_word' id='word_1_166' title='bbox 421 2151 620 2221; x_wconf 80' lang='lat' dir='ltr'><strong>emendaverit,</strong></span> <span class='ocrx_word' id='word_1_167' title='bbox 644 2155 695 2208; x_wconf 87' lang='lat' dir='ltr'><strong>aut</strong></span> <span class='ocrx_word' id='word_1_168' title='bbox 743 2158 793 2230; x_wconf 90' lang='lat' dir='ltr'><strong>qni</strong></span> <span class='ocrx_word' id='word_1_169' title='bbox 805 2174 872 2214; x_wconf 90' lang='lat' dir='ltr'><strong>eum</strong></span> <span class='ocrx_word' id='word_1_170' title='bbox 883 2158 1149 2227; x_wconf 84' lang='lat' dir='ltr'><strong>excommunicavit,</strong></span> <span class='ocrx_word' id='word_1_171' title='bbox 1161 2158 1251 2215; x_wconf 86' lang='lat' dir='ltr'><strong>aciens</strong></span> <span class='ocrx_word' id='word_1_172' title='bbox 1264 2156 1411 2230; x_wconf 84' lang='lat' dir='ltr'><strong>receperit,</strong></span> <span class='ocrx_word' id='word_1_173' title='bbox 1426 2159 1477 2212; x_wconf 85' lang='lat' dir='ltr'><strong>aut</strong></span> <span class='ocrx_word' id='word_1_174' title='bbox 1489 2171 1556 2212; x_wconf 92' lang='lat' dir='ltr'><strong>cum</strong></span> 
     </span>
     <span class='ocr_line' id='line_1_22' title="bbox 94 2244 1555 2325; baseline 0.001 -21"><span class='ocrx_word' id='word_1_175' title='bbox 94 2248 287 2305; x_wconf 86' lang='lat' dir='ltr'><strong>archidiacono</strong></span> <span class='ocrx_word' id='word_1_176' title='bbox 303 2264 363 2303; x_wconf 87' lang='lat' dir='ltr'><strong>nou</strong></span> <span class='ocrx_word' id='word_1_177' title='bbox 375 2246 542 2316; x_wconf 90' lang='lat' dir='ltr'><strong>innotuerit,</strong></span> <span class='ocrx_word' id='word_1_178' title='bbox 557 2244 693 2318; x_wconf 75' lang='lat' dir='ltr'><strong>adponi·</strong></span> <span class='ocrx_word' id='word_1_179' title='bbox 742 2250 791 2306; x_wconf 94' lang='lat' dir='ltr'><strong>illo</strong></span> <span class='ocrx_word' id='word_1_180' title='bbox 814 2268 918 2325; x_wconf 90' lang='lat' dir='ltr'><strong>panem</strong></span> <span class='ocrx_word' id='word_1_181' title='bbox 943 2251 1164 2322; x_wconf 82' lang='lat' dir='ltr'><strong>manducaverit,</strong></span> <span class='ocrx_word' id='word_1_182' title='bbox 1179 2252 1224 2308; x_wconf 95' lang='lat' dir='ltr'><strong>vel</strong></span> <span class='ocrx_word' id='word_1_183' title='bbox 1249 2250 1424 2324; x_wconf 85' lang='lat' dir='ltr'><strong>colloquium</strong></span> <span class='ocrx_word' id='word_1_184' title='bbox 1450 2249 1555 2306; x_wconf 87' lang='lat' dir='ltr'><strong>habero</strong></span> 
     </span>
     <span class='ocr_line' id='line_1_23' title="bbox 94 2340 1342 2419; baseline 0.002 -19"><span class='ocrx_word' id='word_1_185' title='bbox 94 2343 152 2400; x_wconf 87' lang='lat' dir='ltr'><strong>lam</strong></span> <span class='ocrx_word' id='word_1_186' title='bbox 169 2343 199 2398; x_wconf 89' lang='lat' dir='ltr'><strong>in</strong></span> <span class='ocrx_word' id='word_1_187' title='bbox 211 2342 266 2398; x_wconf 87' lang='lat' dir='ltr'><strong>alio</strong></span> <span class='ocrx_word' id='word_1_188' title='bbox 279 2340 448 2398; x_wconf 88' lang='lat' dir='ltr'><strong>monasterio</strong></span> <span class='ocrx_word' id='word_1_189' title='bbox 461 2340 633 2397; x_wconf 87' lang='lat' dir='ltr'><strong>retrudatur.</strong></span> <span class='ocrx_word' id='word_1_190' title='bbox 743 2344 907 2418; x_wconf 88' lang='lat' dir='ltr'><strong>decreverit,</strong></span> <span class='ocrx_word' id='word_1_191' title='bbox 921 2344 1007 2403; x_wconf 82' lang='lat' dir='ltr'><strong>simili</strong></span> <span class='ocrx_word' id='word_1_192' title='bbox 1019 2345 1166 2403; x_wconf 80' lang='lat' dir='ltr'><strong>sententiae</strong></span> <span class='ocrx_word' id='word_1_193' title='bbox 1177 2345 1342 2419; x_wconf 84' lang='lat' dir='ltr'><strong>subjacebit.</strong></span> 
     </span>
    </p>

    <p class='ocr_par' dir='ltr' id='par_1_7' title="bbox 94 2436 1556 2694">
     <span class='ocr_line' id='line_1_24' title="bbox 241 2436 1174 2496; baseline 0.005 -5"><span class='ocrx_word' id='word_1_194' title='bbox 241 2436 329 2491; x_wconf 80' lang='lat' dir='ltr'><strong>xxiv,</strong></span> <span class='ocrx_word' id='word_1_195' title='bbox 1122 2440 1174 2496; x_wconf 83' lang='lat' dir='ltr'><strong>lib.</strong></span> 
     </span>
     <span class='ocr_line' id='line_1_25' title="bbox 94 2525 1556 2608; baseline -0.001 -22"><span class='ocrx_word' id='word_1_196' title='bbox 94 2529 166 2598; x_wconf 84' lang='lat' dir='ltr'><strong>bati,</strong></span> <span class='ocrx_word' id='word_1_197' title='bbox 180 2546 232 2586; x_wconf 89' lang='lat' dir='ltr'><strong>nec</strong></span> <span class='ocrx_word' id='word_1_198' title='bbox 246 2529 395 2597; x_wconf 87' lang='lat' dir='ltr'><strong>monacho,</strong></span> <span class='ocrx_word' id='word_1_199' title='bbox 408 2528 444 2584; x_wconf 87' lang='lat' dir='ltr'><strong>ad</strong></span> <span class='ocrx_word' id='word_1_200' title='bbox 457 2526 571 2601; x_wconf 85' lang='lat' dir='ltr'><strong>nuptias</strong></span> <span class='ocrx_word' id='word_1_201' title='bbox 591 2525 691 2583; x_wconf 88' lang='lat' dir='ltr'><strong>ambu-</strong></span> <span class='ocrx_word' id='word_1_202' title='bbox 777 2534 841 2590; x_wconf 88' lang='lat' dir='ltr'><strong>Non</strong></span> <span class='ocrx_word' id='word_1_203' title='bbox 866 2533 932 2591; x_wconf 90' lang='lat' dir='ltr'><strong>licet</strong></span> <span class='ocrx_word' id='word_1_204' title='bbox 950 2534 1114 2608; x_wconf 79' lang='lat' dir='ltr'><strong>presbytero</strong></span> <span class='ocrx_word' id='word_1_205' title='bbox 1133 2534 1209 2591; x_wconf 86' lang='lat' dir='ltr'><strong>inter</strong></span> <span class='ocrx_word' id='word_1_206' title='bbox 1238 2532 1335 2606; x_wconf 86' lang='lat' dir='ltr'><strong>epulas</strong></span> <span class='ocrx_word' id='word_1_207' title='bbox 1365 2534 1479 2589; x_wconf 74' lang='lat' dir='ltr'><strong>canmre</strong></span> <span class='ocrx_word' id='word_1_208' title='bbox 1510 2529 1556 2586; x_wconf 84' lang='lat' dir='ltr'><strong>val</strong></span> 
     </span>
     <span class='ocr_line' id='line_1_26' title="bbox 94 2623 853 2694; baseline 0.007 -14"><span class='ocrx_word' id='word_1_209' title='bbox 94 2639 123 2690; x_wconf 84' lang='lat'><strong>=.,</strong></span> <span class='ocrx_word' id='word_1_210' title='bbox 134 2625 199 2680; x_wconf 78' lang='lat' dir='ltr'><strong>dist.</strong></span> <span class='ocrx_word' id='word_1_211' title='bbox 214 2623 252 2694; x_wconf 81' lang='lat' dir='ltr'><strong>lt.</strong></span> <span class='ocrx_word' id='word_1_212' title='bbox 742 2628 853 2685; x_wconf 86' lang='lat' dir='ltr'><strong>saltare.</strong></span> 
     </span>
    </p>

    <p class='ocr_par' dir='ltr' id='par_1_8' title="bbox 94 2718 1558 2980">
     <span class='ocr_line' id='line_1_27' title="bbox 251 2718 1184 2779; baseline 0.005 -6"><span class='ocrx_word' id='word_1_213' title='bbox 251 2718 326 2773; x_wconf 79' lang='lat' dir='ltr'>XXV.</span> <span class='ocrx_word' id='word_1_214' title='bbox 1117 2723 1184 2779; x_wconf 75' lang='lat' dir='ltr'><strong>xit.</strong></span> 
     </span>
     <span class='ocr_line' id='line_1_28' title="bbox 94 2808 1554 2888; baseline -0.003 -16"><span class='ocrx_word' id='word_1_215' title='bbox 94 2811 178 2868; x_wconf 80' lang='lat' dir='ltr'><strong>tbbati</strong></span> <span class='ocrx_word' id='word_1_216' title='bbox 193 2811 265 2867; x_wconf 78' lang='lat' dir='ltr'><strong>filios</strong></span> <span class='ocrx_word' id='word_1_217' title='bbox 290 2811 326 2867; x_wconf 77' lang='lat' dir='ltr'><strong>da</strong></span> <span class='ocrx_word' id='word_1_218' title='bbox 346 2811 486 2884; x_wconf 77' lang='lat' dir='ltr'><strong>baptismo</strong></span> <span class='ocrx_word' id='word_1_219' title='bbox 511 2808 627 2878; x_wconf 69' lang='lat' dir='ltr'><strong>habere,</strong></span> <span class='ocrx_word' id='word_1_220' title='bbox 638 2822 690 2865; x_wconf 76' lang='lat'><strong>11⁰0</strong></span> <span class='ocrx_word' id='word_1_221' title='bbox 778 2816 840 2872; x_wconf 89' lang='lat' dir='ltr'><strong>Non</strong></span> <span class='ocrx_word' id='word_1_222' title='bbox 852 2815 918 2872; x_wconf 90' lang='lat' dir='ltr'><strong>licet</strong></span> <span class='ocrx_word' id='word_1_223' title='bbox 932 2814 1105 2888; x_wconf 84' lang='lat' dir='ltr'><strong>presbytero,</strong></span> <span class='ocrx_word' id='word_1_224' title='bbox 1119 2831 1172 2871; x_wconf 92' lang='lat' dir='ltr'><strong>nec</strong></span> <span class='ocrx_word' id='word_1_225' title='bbox 1184 2815 1314 2882; x_wconf 86' lang='lat' dir='ltr'><strong>diacono,</strong></span> <span class='ocrx_word' id='word_1_226' title='bbox 1324 2826 1498 2885; x_wconf 86' lang='lat' dir='ltr'><strong>quemquam</strong></span> <span class='ocrx_word' id='word_1_227' title='bbox 1510 2809 1554 2865; x_wconf 88' lang='lat' dir='ltr'><strong>in·</strong></span> 
     </span>
     <span class='ocr_line' id='line_1_29' title="bbox 94 2903 1558 2980; baseline -0.004 -17"><span class='ocrx_word' id='word_1_228' title='bbox 94 2909 203 2963; x_wconf 89' lang='lat' dir='ltr'><strong>unatres</strong></span> <span class='ocrx_word' id='word_1_229' title='bbox 217 2905 333 2962; x_wconf 89' lang='lat' dir='ltr'><strong>habere.</strong></span> <span class='ocrx_word' id='word_1_230' title='bbox 742 2908 879 2980; x_wconf 80' lang='lat' dir='ltr'><strong>scribere3</strong></span> <span class='ocrx_word' id='word_1_231' title='bbox 904 2909 954 2965; x_wconf 88' lang='lat' dir='ltr'><strong>sed</strong></span> <span class='ocrx_word' id='word_1_232' title='bbox 973 2908 1004 2964; x_wconf 90' lang='lat' dir='ltr'><strong>in</strong></span> <span class='ocrx_word' id='word_1_233' title='bbox 1023 2909 1084 2965; x_wconf 89' lang='lat' dir='ltr'><strong>vice</strong></span> <span class='ocrx_word' id='word_1_234' title='bbox 1105 2925 1156 2965; x_wconf 91' lang='lat' dir='ltr'><strong>sua</strong></span> <span class='ocrx_word' id='word_1_235' title='bbox 1177 2909 1200 2965; x_wconf 93' lang='lat' dir='ltr'><strong>si</strong></span> <span class='ocrx_word' id='word_1_236' title='bbox 1223 2923 1337 2964; x_wconf 86' lang='lat' dir='ltr'><strong>causam</strong></span> <span class='ocrx_word' id='word_1_237' title='bbox 1353 2903 1494 2975; x_wconf 87' lang='lat' dir='ltr'><strong>habuerit,</strong></span> <span class='ocrx_word' id='word_1_238' title='bbox 1507 2907 1558 2958; x_wconf 88' lang='lat' dir='ltr'><strong>aut</strong></span> 
     </span>
    </p>
   </div>
   <div class='ocr_carea' id='block_1_4' title="bbox 94 2998 1423 3194">
    <p class='ocr_par' dir='ltr' id='par_1_9' title="bbox 94 2998 1423 3194">
     <span class='ocr_line' id='line_1_30' title="bbox 242 2998 1423 3076; baseline 0.001 -22"><span class='ocrx_word' id='word_1_239' title='bbox 242 2998 328 3055; x_wconf 78' lang='lat' dir='ltr'><strong>xxvi.</strong></span> <span class='ocrx_word' id='word_1_240' title='bbox 741 3002 870 3074; x_wconf 84' lang='lat' dir='ltr'><strong>tratrem,</strong></span> <span class='ocrx_word' id='word_1_241' title='bbox 883 3006 1140 3076; x_wconf 87' lang='lat' dir='ltr'><strong>autqucmcunque</strong></span> <span class='ocrx_word' id='word_1_242' title='bbox 1153 3002 1319 3059; x_wconf 74' lang='lat' dir='ltr'><strong>saecularem</strong></span> <span class='ocrx_word' id='word_1_243' title='bbox 1332 3003 1423 3073; x_wconf 77' lang='lat' dir='ltr'><strong>roget.</strong></span> 
     </span>
     <span class='ocr_line' id='line_1_31' title="bbox 94 3087 1188 3194; baseline -0.007 -42"><span class='ocrx_word' id='word_1_244' title='bbox 94 3087 731 3194; x_wconf 75' lang='lat' dir='ltr'><strong>sabbasmuliereminmonasteriosucin-C</strong></span> <span class='ocrx_word' id='word_1_245' title='bbox 1109 3096 1188 3154; x_wconf 79' lang='lat' dir='ltr'><strong>an,</strong></span> 
     </span>
    </p>
   </div>
   <div class='ocr_carea' id='block_1_5' title="bbox 94 3180 1656 3265">
    <p class='ocr_par' dir='ltr' id='par_1_10' title="bbox 94 3180 1656 3265">
     <span class='ocr_line' id='line_1_32' title="bbox 94 3180 1656 3265; baseline -0.014 -20"><span class='ocrx_word' id='word_1_246' title='bbox 94 3189 146 3259; x_wconf 74' lang='lat' dir='ltr'><strong>trit,</strong></span> <span class='ocrx_word' id='word_1_247' title='bbox 160 3187 383 3244; x_wconf 78' lang='lat' dir='ltr'><strong>autiestivitates</strong></span> <span class='ocrx_word' id='word_1_248' title='bbox 398 3185 506 3256; x_wconf 87' lang='lat' dir='ltr'><strong>aliquas</strong></span> <span class='ocrx_word' id='word_1_249' title='bbox 520 3183 694 3256; x_wconf 84' lang='lat' dir='ltr'><strong>ibispcctaro</strong></span> <span class='ocrx_word' id='word_1_250' title='bbox 779 3190 813 3244; x_wconf 79' lang='lat' dir='ltr'><strong>Et</strong></span> <span class='ocrx_word' id='word_1_251' title='bbox 823 3205 1002 3264; x_wconf 67' lang='lat' dir='ltr'><strong>unaquaeque</strong></span> <span class='ocrx_word' id='word_1_252' title='bbox 1013 3191 1127 3261; x_wconf 91' lang='lat' dir='ltr'><strong>mulier,</strong></span> <span class='ocrx_word' id='word_1_253' title='bbox 1148 3190 1261 3265; x_wconf 89' lang='lat' dir='ltr'><strong>quando</strong></span> <span class='ocrx_word' id='word_1_254' title='bbox 1283 3186 1482 3255; x_wconf 66' lang='lat' dir='ltr'><strong>communicat,</strong></span> <span class='ocrx_word' id='word_1_255' title='bbox 1504 3185 1554 3241; x_wconf 72' lang='lat'><em>(10.</em></span> <span class='ocrx_word' id='word_1_256' title='bbox 1646 3180 1656 3193; x_wconf 84' lang='lat'><strong><em>‘</em></strong></span> 
     </span>
    </p>
   </div>
   <div class='ocr_carea' id='block_1_6' title="bbox 94 3277 1557 3636">
    <p class='ocr_par' dir='ltr' id='par_1_11' title="bbox 94 3277 1557 3355">
     <span class='ocr_line' id='line_1_33' title="bbox 94 3277 1557 3355; baseline -0.005 -16"><span class='ocrx_word' id='word_1_257' title='bbox 94 3283 254 3355; x_wconf 67' lang='lat' dir='ltr'><strong>»receperit</strong></span> <span class='ocrx_word' id='word_1_258' title='bbox 266 3280 357 3336; x_wconf 85' lang='lat' dir='ltr'><strong>tribus</strong></span> <span class='ocrx_word' id='word_1_259' title='bbox 370 3278 514 3334; x_wconf 79' lang='lat' dir='ltr'><strong>mensibus</strong></span> <span class='ocrx_word' id='word_1_260' title='bbox 525 3277 557 3333; x_wconf 86' lang='lat' dir='ltr'><strong>in</strong></span> <span class='ocrx_word' id='word_1_261' title='bbox 570 3277 693 3333; x_wconf 80' lang='lat' dir='ltr'><strong>aliomo·</strong></span> <span class='ocrx_word' id='word_1_262' title='bbox 743 3281 907 3339; x_wconf 89' lang='lat' dir='ltr'><strong>minicalem</strong></span> <span class='ocrx_word' id='word_1_263' title='bbox 928 3282 1006 3354; x_wconf 76' lang='lat' dir='ltr'><strong>(con.</strong></span> <span class='ocrx_word' id='word_1_264' title='bbox 1027 3283 1070 3354; x_wconf 75' lang='lat'><strong>42)</strong></span> <span class='ocrx_word' id='word_1_265' title='bbox 1094 3299 1178 3338; x_wconf 89' lang='lat' dir='ltr'><strong>suum</strong></span> <span class='ocrx_word' id='word_1_266' title='bbox 1196 3282 1333 3338; x_wconf 82' lang='lat' dir='ltr'><strong>haheat&#39;.</strong></span> <span class='ocrx_word' id='word_1_267' title='bbox 1353 3280 1433 3346; x_wconf 82' lang='lat' dir='ltr'><strong>Quod</strong></span> <span class='ocrx_word' id='word_1_268' title='bbox 1456 3277 1479 3333; x_wconf 88' lang='lat' dir='ltr'><strong>si</strong></span> <span class='ocrx_word' id='word_1_269' title='bbox 1499 3293 1557 3348; x_wconf 86' lang='lat' dir='ltr'><strong>que</strong></span> 
     </span>
    </p>

    <p class='ocr_par' dir='ltr' id='par_1_12' title="bbox 94 3372 1556 3525">
     <span class='ocr_line' id='line_1_34' title="bbox 94 3372 1556 3453; baseline -0.008 -18"><span class='ocrx_word' id='word_1_270' title='bbox 94 3376 181 3447; x_wconf 73' lang='lat' dir='ltr'><strong>nau,</strong></span> <span class='ocrx_word' id='word_1_271' title='bbox 198 3391 272 3448; x_wconf 85' lang='lat' dir='ltr'><strong>pane</strong></span> <span class='ocrx_word' id='word_1_272' title='bbox 284 3378 312 3429; x_wconf 91' lang='lat' dir='ltr'><strong>et</strong></span> <span class='ocrx_word' id='word_1_273' title='bbox 324 3390 399 3446; x_wconf 87' lang='lat' dir='ltr'><strong>aqua</strong></span> <span class='ocrx_word' id='word_1_274' title='bbox 410 3376 568 3430; x_wconf 86' lang='lat' dir='ltr'><strong>contentus.</strong></span> <span class='ocrx_word' id='word_1_275' title='bbox 743 3391 801 3430; x_wconf 92' lang='lat' dir='ltr'><strong>non</strong></span> <span class='ocrx_word' id='word_1_276' title='bbox 813 3375 955 3447; x_wconf 88' lang='lat' dir='ltr'><strong>habuerit,</strong></span> <span class='ocrx_word' id='word_1_277' title='bbox 966 3391 1056 3448; x_wconf 87' lang='lat' dir='ltr'><strong>usquc</strong></span> <span class='ocrx_word' id='word_1_278' title='bbox 1070 3376 1101 3431; x_wconf 91' lang='lat' dir='ltr'><strong>in</strong></span> <span class='ocrx_word' id='word_1_279' title='bbox 1112 3376 1203 3431; x_wconf 87' lang='lat' dir='ltr'><strong>alium</strong></span> <span class='ocrx_word' id='word_1_280' title='bbox 1217 3375 1294 3431; x_wconf 91' lang='lat' dir='ltr'><strong>diem</strong></span> <span class='ocrx_word' id='word_1_281' title='bbox 1306 3372 1485 3453; x_wconf 57' lang='lat' dir='ltr'><strong>llominicp</strong></span> <span class='ocrx_word' id='word_1_282' title='bbox 1497 3385 1556 3426; x_wconf 89' lang='lat' dir='ltr'><strong>non</strong></span> 
     </span>
     <span class='ocr_line' id='line_1_35' title="bbox 232 3468 943 3525; baseline -0.001 0"><span class='ocrx_word' id='word_1_283' title='bbox 232 3470 333 3525; x_wconf 83' lang='lat' dir='ltr'><strong>xxvii.</strong></span> <span class='ocrx_word' id='word_1_284' title='bbox 742 3468 943 3525; x_wconf 90' lang='lat' dir='ltr'><strong>communicet.</strong></span> 
     </span>
    </p>

    <p class='ocr_par' dir='ltr' id='par_1_13' title="bbox 94 3543 1196 3636">
     <span class='ocr_line' id='line_1_36' title="bbox 94 3543 1196 3636; baseline -0.004 -16"><span class='ocrx_word' id='word_1_285' title='bbox 94 3563 193 3636; x_wconf 84' lang='lat' dir='ltr'><strong>aliquia</strong></span> <span class='ocrx_word' id='word_1_286' title='bbox 200 3580 279 3619; x_wconf 87' lang='lat' dir='ltr'><strong>suam</strong></span> <span class='ocrx_word' id='word_1_287' title='bbox 285 3577 436 3618; x_wconf 86' lang='lat' dir='ltr'><strong>novercam</strong></span> <span class='ocrx_word' id='word_1_288' title='bbox 441 3559 558 3632; x_wconf 88' lang='lat' dir='ltr'><strong>accipiat</strong></span> <span class='ocrx_word' id='word_1_289' title='bbox 564 3574 692 3615; x_wconf 89' lang='lat' dir='ltr'><strong>uxorem.</strong></span> <span class='ocrx_word' id='word_1_290' title='bbox 1108 3543 1196 3618; x_wconf 65' lang='lat' dir='ltr'><strong>xtlliss</strong></span> 
     </span>
    </p>
   </div>
   <div class='ocr_carea' id='block_1_7' title="bbox 228 3650 1651 3729">
    <p class='ocr_par' dir='ltr' id='par_1_14' title="bbox 228 3650 1651 3729">
     <span class='ocr_line' id='line_1_37' title="bbox 228 3650 1651 3729; baseline -0.007 -17"><span class='ocrx_word' id='word_1_291' title='bbox 228 3657 339 3714; x_wconf 83' lang='lat' dir='ltr'><strong>llllvlll.</strong></span> <span class='ocrx_word' id='word_1_292' title='bbox 777 3655 944 3728; x_wconf 86' lang='lat' dir='ltr'><strong>Quicunque</strong></span> <span class='ocrx_word' id='word_1_293' title='bbox 956 3655 1056 3729; x_wconf 83' lang='lat' dir='ltr'><strong>judex,</strong></span> <span class='ocrx_word' id='word_1_294' title='bbox 1073 3661 1124 3713; x_wconf 88' lang='lat' dir='ltr'><strong>aut</strong></span> <span class='ocrx_word' id='word_1_295' title='bbox 1144 3653 1298 3724; x_wconf 85' lang='lat' dir='ltr'><strong>saecularis,</strong></span> <span class='ocrx_word' id='word_1_296' title='bbox 1321 3650 1495 3725; x_wconf 83' lang='lat' dir='ltr'><strong>presbytero,</strong></span> <span class='ocrx_word' id='word_1_297' title='bbox 1508 3653 1558 3703; x_wconf 89' lang='lat' dir='ltr'><strong>aut</strong></span> <span class='ocrx_word' id='word_1_298' title='bbox 1647 3702 1651 3719; x_wconf 72' lang='grc'><em>,</em></span> 
     </span>
    </p>
   </div>
   <div class='ocr_carea' id='block_1_8' title="bbox 94 3741 1559 5324">
    <p class='ocr_par' dir='ltr' id='par_1_15' title="bbox 94 3741 1559 5324">
     <span class='ocr_line' id='line_1_38' title="bbox 106 3741 1557 3822; baseline -0.008 -15"><span class='ocrx_word' id='word_1_299' title='bbox 106 3751 196 3807; x_wconf 88' lang='lat' dir='ltr'><strong>tiliam</strong></span> <span class='ocrx_word' id='word_1_300' title='bbox 209 3751 306 3807; x_wconf 84' lang='lat' dir='ltr'><strong>uxoris</strong></span> <span class='ocrx_word' id='word_1_301' title='bbox 321 3765 379 3806; x_wconf 83' lang='lat' dir='ltr'><strong>suae</strong></span> <span class='ocrx_word' id='word_1_302' title='bbox 388 3749 453 3822; x_wconf 87' lang='lat' dir='ltr'><strong>quis</strong></span> <span class='ocrx_word' id='word_1_303' title='bbox 464 3745 591 3818; x_wconf 89' lang='lat' dir='ltr'><strong>accipiat.</strong></span> <span class='ocrx_word' id='word_1_304' title='bbox 742 3748 871 3818; x_wconf 87' lang='lat' dir='ltr'><strong>diacono,</strong></span> <span class='ocrx_word' id='word_1_305' title='bbox 880 3755 930 3805; x_wconf 89' lang='lat' dir='ltr'><strong>aut</strong></span> <span class='ocrx_word' id='word_1_306' title='bbox 943 3748 1098 3807; x_wconf 87' lang='lat' dir='ltr'><strong>cuilicetde</strong></span> <span class='ocrx_word' id='word_1_307' title='bbox 1111 3749 1197 3819; x_wconf 83' lang='lat' dir='ltr'><strong>clero,</strong></span> <span class='ocrx_word' id='word_1_308' title='bbox 1211 3750 1261 3805; x_wconf 86' lang='lat' dir='ltr'><strong>aut</strong></span> <span class='ocrx_word' id='word_1_309' title='bbox 1275 3747 1309 3802; x_wconf 86' lang='lat' dir='ltr'><strong>de</strong></span> <span class='ocrx_word' id='word_1_310' title='bbox 1318 3743 1481 3818; x_wconf 89' lang='lat' dir='ltr'><strong>junioribus</strong></span> <span class='ocrx_word' id='word_1_311' title='bbox 1493 3741 1557 3796; x_wconf 85' lang='lat' dir='ltr'><strong>abs·</strong></span> 
     </span>
     <span class='ocr_line' id='line_1_39' title="bbox 239 3835 1557 3917; baseline -0.008 -17"><span class='ocrx_word' id='word_1_312' title='bbox 239 3845 322 3900; x_wconf 85' lang='lat' dir='ltr'>XXIX.</span> <span class='ocrx_word' id='word_1_313' title='bbox 744 3858 799 3914; x_wconf 91' lang='lat' dir='ltr'><strong>qua</strong></span> <span class='ocrx_word' id='word_1_314' title='bbox 810 3843 953 3898; x_wconf 81' lang='lat' dir='ltr'><strong>voluntate</strong></span> <span class='ocrx_word' id='word_1_315' title='bbox 966 3843 1099 3917; x_wconf 83' lang='lat' dir='ltr'><strong>episcopi,</strong></span> <span class='ocrx_word' id='word_1_316' title='bbox 1113 3847 1164 3899; x_wconf 85' lang='lat' dir='ltr'><strong>aut</strong></span> <span class='ocrx_word' id='word_1_317' title='bbox 1175 3839 1374 3909; x_wconf 79' lang='lat' dir='ltr'><strong>archidiaconi,</strong></span> <span class='ocrx_word' id='word_1_318' title='bbox 1398 3837 1443 3894; x_wconf 89' lang='lat' dir='ltr'><strong>vel</strong></span> <span class='ocrx_word' id='word_1_319' title='bbox 1463 3835 1557 3891; x_wconf 90' lang='lat' dir='ltr'><strong>archi-</strong></span> 
     </span>
     <span class='ocr_line' id='line_1_40' title="bbox 94 3931 1558 4010; baseline -0.007 -15"><span class='ocrx_word' id='word_1_320' title='bbox 94 3937 239 3995; x_wconf 83' lang='lat' dir='ltr'><strong>;reliotam</strong></span> <span class='ocrx_word' id='word_1_321' title='bbox 251 3936 347 3993; x_wconf 82' lang='lat' dir='ltr'><strong>fratris</strong></span> <span class='ocrx_word' id='word_1_322' title='bbox 359 3933 403 3990; x_wconf 91' lang='lat' dir='ltr'><strong>sui</strong></span> <span class='ocrx_word' id='word_1_323' title='bbox 418 3934 482 4006; x_wconf 87' lang='lat' dir='ltr'><strong>quis</strong></span> <span class='ocrx_word' id='word_1_324' title='bbox 493 3932 524 3988; x_wconf 94' lang='lat' dir='ltr'><strong>in</strong></span> <span class='ocrx_word' id='word_1_325' title='bbox 542 3931 692 3989; x_wconf 88' lang='lat' dir='ltr'><strong>matrimo-</strong></span> <span class='ocrx_word' id='word_1_326' title='bbox 743 3935 910 4008; x_wconf 80' lang='lat' dir='ltr'><strong>presbyteri,</strong></span> <span class='ocrx_word' id='word_1_327' title='bbox 924 3936 1059 4010; x_wconf 86' lang='lat' dir='ltr'><strong>injuriam</strong></span> <span class='ocrx_word' id='word_1_328' title='bbox 1071 3937 1177 3994; x_wconf 81' lang='lat' dir='ltr'><strong>inferre</strong></span> <span class='ocrx_word' id='word_1_329' title='bbox 1188 3932 1410 4010; x_wconf 72' lang='lat' dir='ltr'><strong>presumpserit,</strong></span> <span class='ocrx_word' id='word_1_330' title='bbox 1428 3947 1502 3986; x_wconf 86' lang='lat' dir='ltr'><strong>anno</strong></span> <span class='ocrx_word' id='word_1_331' title='bbox 1522 3931 1558 3985; x_wconf 89' lang='lat' dir='ltr'><strong>ab</strong></span> 
     </span>
     <span class='ocr_line' id='line_1_41' title="bbox 744 4029 1556 4089; baseline -0.006 -4"><span class='ocrx_word' id='word_1_332' title='bbox 744 4029 1556 4089; x_wconf 80' lang='lat' dir='ltr'><strong>omniumChristianorumconsortiohabeaturextraneus.</strong></span> 
     </span>
     <span class='ocr_line' id='line_1_42' title="bbox 251 4125 1190 4183; baseline 0.003 -4"><span class='ocrx_word' id='word_1_333' title='bbox 251 4125 324 4180; x_wconf 73' lang='lat' dir='ltr'><strong>iiix.</strong></span> <span class='ocrx_word' id='word_1_334' title='bbox 549 4140 553 4147; x_wconf 94' lang='lat'>·</span> <span class='ocrx_word' id='word_1_335' title='bbox 876 4167 879 4177; x_wconf 93' lang='lat'>.</span> <span class='ocrx_word' id='word_1_336' title='bbox 1101 4126 1190 4183; x_wconf 81' lang='lat' dir='ltr'><strong>XLIV.</strong></span> 
     </span>
     <span class='ocr_line' id='line_1_43' title="bbox 94 4211 1556 4290; baseline -0.005 -16"><span class='ocrx_word' id='word_1_337' title='bbox 94 4234 134 4275; x_wconf 83' lang='lat' dir='ltr'><strong>ras</strong></span> <span class='ocrx_word' id='word_1_338' title='bbox 146 4232 266 4287; x_wconf 89' lang='lat' dir='ltr'><strong>sorores,</strong></span> <span class='ocrx_word' id='word_1_339' title='bbox 282 4218 306 4272; x_wconf 85' lang='lat' dir='ltr'><strong>si</strong></span> <span class='ocrx_word' id='word_1_340' title='bbox 320 4231 376 4271; x_wconf 87' lang='lat' dir='ltr'><strong>ona</strong></span> <span class='ocrx_word' id='word_1_341' title='bbox 386 4217 501 4271; x_wconf 89' lang='lat' dir='ltr'><strong>mortua</strong></span> <span class='ocrx_word' id='word_1_342' title='bbox 511 4214 607 4284; x_wconf 83' lang='lat' dir='ltr'><strong>tuerit,</strong></span> <span class='ocrx_word' id='word_1_343' title='bbox 626 4213 694 4270; x_wconf 75' lang='lat' dir='ltr'><strong>alte</strong></span> <span class='ocrx_word' id='word_1_344' title='bbox 779 4217 886 4290; x_wconf 81' lang='lat' dir='ltr'><strong>siquis</strong></span> <span class='ocrx_word' id='word_1_345' title='bbox 900 4234 937 4274; x_wconf 85' lang='lat' dir='ltr'><strong>cx</strong></span> <span class='ocrx_word' id='word_1_346' title='bbox 949 4219 1131 4274; x_wconf 72' lang='lat' dir='ltr'><strong>sacularibus</strong></span> <span class='ocrx_word' id='word_1_347' title='bbox 1148 4216 1355 4274; x_wconf 90' lang='lat' dir='ltr'><strong>institutionem</strong></span> <span class='ocrx_word' id='word_1_348' title='bbox 1366 4217 1416 4269; x_wconf 87' lang='lat' dir='ltr'><strong>aut</strong></span> <span class='ocrx_word' id='word_1_349' title='bbox 1426 4211 1556 4269; x_wconf 89' lang='lat' dir='ltr'><strong>admoni-</strong></span> 
     </span>
     <span class='ocr_line' id='line_1_44' title="bbox 94 4306 1557 4386; baseline -0.006 -18"><span class='ocrx_word' id='word_1_350' title='bbox 94 4311 166 4386; x_wconf 78' lang='lat' dir='ltr'><strong>3ium</strong></span> <span class='ocrx_word' id='word_1_351' title='bbox 178 4311 316 4382; x_wconf 86' lang='lat' dir='ltr'><strong>accipere.</strong></span> <span class='ocrx_word' id='word_1_352' title='bbox 741 4310 850 4369; x_wconf 83' lang='lat' dir='ltr'><strong>tionem</strong></span> <span class='ocrx_word' id='word_1_353' title='bbox 863 4312 1098 4384; x_wconf 81' lang='lat' dir='ltr'><strong>archipresbyteri</strong></span> <span class='ocrx_word' id='word_1_354' title='bbox 1112 4311 1166 4383; x_wconf 91' lang='lat' dir='ltr'><strong>sui,</strong></span> <span class='ocrx_word' id='word_1_355' title='bbox 1182 4309 1361 4367; x_wconf 88' lang='lat' dir='ltr'><strong>contumacia</strong></span> <span class='ocrx_word' id='word_1_356' title='bbox 1369 4306 1499 4373; x_wconf 86' lang='lat' dir='ltr'><strong>iaciente,</strong></span> <span class='ocrx_word' id='word_1_357' title='bbox 1509 4321 1557 4359; x_wconf 92' lang='lat' dir='ltr'><strong>au·</strong></span> 
     </span>
     <span class='ocr_line' id='line_1_45' title="bbox 241 4397 1558 4476; baseline -0.006 -16"><span class='ocrx_word' id='word_1_358' title='bbox 241 4405 326 4460; x_wconf 78' lang='lat' dir='ltr'><strong>xxxi.</strong></span> <span class='ocrx_word' id='word_1_359' title='bbox 742 4405 803 4462; x_wconf 87' lang='lat' dir='ltr'><strong>dire</strong></span> <span class='ocrx_word' id='word_1_360' title='bbox 821 4405 971 4476; x_wconf 87' lang='lat' dir='ltr'><strong>distulerit,</strong></span> <span class='ocrx_word' id='word_1_361' title='bbox 989 4405 1088 4462; x_wconf 85' lang='lat' dir='ltr'><strong>tandiu</strong></span> <span class='ocrx_word' id='word_1_362' title='bbox 1112 4421 1129 4460; x_wconf 87' lang='lat' dir='ltr'><strong>a</strong></span> <span class='ocrx_word' id='word_1_363' title='bbox 1144 4403 1291 4460; x_wconf 86' lang='lat' dir='ltr'><strong>liminibus</strong></span> <span class='ocrx_word' id='word_1_364' title='bbox 1308 4405 1411 4457; x_wconf 73' lang='lat' dir='ltr'><strong>sancta</strong></span> <span class='ocrx_word' id='word_1_365' title='bbox 1434 4397 1558 4460; x_wconf 72' lang='lat' dir='ltr'><strong>ecclesiae</strong></span> 
     </span>
     <span class='ocr_line' id='line_1_46' title="bbox 94 4491 1556 4571; baseline -0.008 -13"><span class='ocrx_word' id='word_1_366' title='bbox 94 4498 281 4568; x_wconf 81' lang='lat' dir='ltr'><strong>onsobrinam,</strong></span> <span class='ocrx_word' id='word_1_367' title='bbox 304 4497 359 4553; x_wconf 84' lang='lat' dir='ltr'><strong>hoc</strong></span> <span class='ocrx_word' id='word_1_368' title='bbox 379 4500 422 4552; x_wconf 77' lang='lat' dir='ltr'><strong>est</strong></span> <span class='ocrx_word' id='word_1_369' title='bbox 439 4511 504 4568; x_wconf 78' lang='lat' dir='ltr'><strong>quae</strong></span> <span class='ocrx_word' id='word_1_370' title='bbox 527 4493 562 4550; x_wconf 77' lang='lat' dir='ltr'><strong>de</strong></span> <span class='ocrx_word' id='word_1_371' title='bbox 582 4493 732 4566; x_wconf 78' lang='lat' dir='ltr'><strong>duobusD</strong></span> <span class='ocrx_word' id='word_1_372' title='bbox 743 4499 879 4555; x_wconf 85' lang='lat' dir='ltr'><strong>habeatnr</strong></span> <span class='ocrx_word' id='word_1_373' title='bbox 893 4504 1053 4569; x_wconf 84' lang='lat' dir='ltr'><strong>extraneus,</strong></span> <span class='ocrx_word' id='word_1_374' title='bbox 1068 4497 1195 4571; x_wconf 89' lang='lat' dir='ltr'><strong>quandiu</strong></span> <span class='ocrx_word' id='word_1_375' title='bbox 1207 4501 1266 4554; x_wconf 85' lang='lat' dir='ltr'><strong>tam</strong></span> <span class='ocrx_word' id='word_1_376' title='bbox 1279 4494 1422 4552; x_wconf 89' lang='lat' dir='ltr'><strong>salubrem</strong></span> <span class='ocrx_word' id='word_1_377' title='bbox 1441 4491 1556 4548; x_wconf 88' lang='lat' dir='ltr'><strong>institu-</strong></span> 
     </span>
     <span class='ocr_line' id='line_1_47' title="bbox 94 4586 1556 4666; baseline -0.006 -16"><span class='ocrx_word' id='word_1_378' title='bbox 94 4593 150 4650; x_wconf 73' lang='lat' dir='ltr'><strong>2de</strong></span> <span class='ocrx_word' id='word_1_379' title='bbox 171 4593 281 4648; x_wconf 86' lang='lat' dir='ltr'><strong>duabus</strong></span> <span class='ocrx_word' id='word_1_380' title='bbox 303 4589 445 4646; x_wconf 90' lang='lat' dir='ltr'><strong>sororibus</strong></span> <span class='ocrx_word' id='word_1_381' title='bbox 466 4590 640 4661; x_wconf 88' lang='lat' dir='ltr'><strong>procreatur,</strong></span> <span class='ocrx_word' id='word_1_382' title='bbox 662 4587 693 4643; x_wconf 93' lang='lat' dir='ltr'><strong>in</strong></span> <span class='ocrx_word' id='word_1_383' title='bbox 741 4593 1011 4666; x_wconf 87' lang='lat' dir='ltr'><strong>tionemadimplere</strong></span> <span class='ocrx_word' id='word_1_384' title='bbox 1024 4586 1556 4663; x_wconf 84' lang='lat' dir='ltr'><strong>nonstudueritlnsuperctmuletam,</strong></span> 
     </span>
     <span class='ocr_line' id='line_1_48' title="bbox 96 4677 1556 4759; baseline -0.006 -15"><span class='ocrx_word' id='word_1_385' title='bbox 96 4687 207 4759; x_wconf 87' lang='lat' dir='ltr'><strong>cipere:</strong></span> <span class='ocrx_word' id='word_1_386' title='bbox 226 4702 279 4741; x_wconf 87' lang='lat' dir='ltr'><strong>nec</strong></span> <span class='ocrx_word' id='word_1_387' title='bbox 291 4685 341 4758; x_wconf 87' lang='lat' dir='ltr'><strong>qui</strong></span> <span class='ocrx_word' id='word_1_388' title='bbox 359 4684 394 4739; x_wconf 93' lang='lat' dir='ltr'><strong>de</strong></span> <span class='ocrx_word' id='word_1_389' title='bbox 410 4682 478 4754; x_wconf 88' lang='lat' dir='ltr'><strong>ipsis</strong></span> <span class='ocrx_word' id='word_1_390' title='bbox 496 4681 554 4738; x_wconf 89' lang='lat' dir='ltr'><strong>nati</strong></span> <span class='ocrx_word' id='word_1_391' title='bbox 576 4681 692 4752; x_wconf 84' lang='lat' dir='ltr'><strong>inerint,</strong></span> <span class='ocrx_word' id='word_1_392' title='bbox 742 4701 829 4758; x_wconf 86' lang='lat' dir='ltr'><strong>quam</strong></span> <span class='ocrx_word' id='word_1_393' title='bbox 844 4684 1059 4759; x_wconf 81' lang='lat' dir='ltr'><strong>gloriosissimus</strong></span> <span class='ocrx_word' id='word_1_394' title='bbox 1072 4687 1204 4743; x_wconf 89' lang='lat' dir='ltr'><strong>dominus</strong></span> <span class='ocrx_word' id='word_1_395' title='bbox 1222 4701 1273 4742; x_wconf 86' lang='lat' dir='ltr'><strong>rex</strong></span> <span class='ocrx_word' id='word_1_396' title='bbox 1291 4686 1431 4759; x_wconf 79' lang='lat' dir='ltr'><strong>precepto</strong></span> <span class='ocrx_word' id='word_1_397' title='bbox 1447 4695 1498 4737; x_wconf 88' lang='lat' dir='ltr'><strong>suo</strong></span> <span class='ocrx_word' id='word_1_398' title='bbox 1511 4677 1556 4735; x_wconf 90' lang='lat' dir='ltr'><strong>in·</strong></span> 
     </span>
     <span class='ocr_line' id='line_1_49' title="bbox 94 4778 1004 4848; baseline -0.002 -10"><span class='ocrx_word' id='word_1_399' title='bbox 94 4781 176 4838; x_wconf 68' lang='lat' dir='ltr'><strong>scient</strong></span> <span class='ocrx_word' id='word_1_400' title='bbox 213 4819 221 4834; x_wconf 89' lang='lat'><strong>.</strong></span> <span class='ocrx_word' id='word_1_401' title='bbox 743 4778 844 4848; x_wconf 88' lang='lat' dir='ltr'><strong>stituit,</strong></span> <span class='ocrx_word' id='word_1_402' title='bbox 858 4779 1004 4836; x_wconf 85' lang='lat' dir='ltr'><strong>sustineat.</strong></span> 
     </span>
     <span class='ocr_line' id='line_1_50' title="bbox 244 4875 1184 4931; baseline 0.001 -2"><span class='ocrx_word' id='word_1_403' title='bbox 244 4875 339 4929; x_wconf 85' lang='lat' dir='ltr'><strong>llllllll.</strong></span> <span class='ocrx_word' id='word_1_404' title='bbox 1068 4882 1073 4893; x_wconf 92' lang='grc'><strong>’</strong></span> <span class='ocrx_word' id='word_1_405' title='bbox 1109 4875 1184 4931; x_wconf 82' lang='lat' dir='ltr'><strong>XLV.</strong></span> 
     </span>
     <span class='ocr_line' id='line_1_51' title="bbox 94 4956 1558 5043; baseline -0.01 -15"><span class='ocrx_word' id='word_1_406' title='bbox 94 4985 200 5043; x_wconf 83' lang='lat' dir='ltr'><strong>;nepos</strong></span> <span class='ocrx_word' id='word_1_407' title='bbox 213 4965 342 5023; x_wconf 79' lang='lat' dir='ltr'><strong>avrrnouli</strong></span> <span class='ocrx_word' id='word_1_408' title='bbox 355 4980 474 5022; x_wconf 86' lang='lat' dir='ltr'><strong>uxorem</strong></span> <span class='ocrx_word' id='word_1_409' title='bbox 489 4962 616 5035; x_wconf 86' lang='lat' dir='ltr'><strong>accipiat.</strong></span> <span class='ocrx_word' id='word_1_410' title='bbox 779 4960 807 5018; x_wconf 88' lang='lat' dir='ltr'><strong>si</strong></span> <span class='ocrx_word' id='word_1_411' title='bbox 820 4961 884 5036; x_wconf 86' lang='lat' dir='ltr'><strong>qais</strong></span> <span class='ocrx_word' id='word_1_412' title='bbox 908 4963 982 5020; x_wconf 89' lang='lat' dir='ltr'><strong>hanc</strong></span> <span class='ocrx_word' id='word_1_413' title='bbox 1004 4963 1210 5033; x_wconf 82' lang='lat' dir='ltr'><strong>definitionem,</strong></span> <span class='ocrx_word' id='word_1_414' title='bbox 1232 4978 1321 5038; x_wconf 87' lang='lat' dir='ltr'><strong>qnam</strong></span> <span class='ocrx_word' id='word_1_415' title='bbox 1339 4977 1375 5018; x_wconf 87' lang='lat' dir='ltr'><strong>ex</strong></span> <span class='ocrx_word' id='word_1_416' title='bbox 1394 4956 1558 5016; x_wconf 84' lang='lat' dir='ltr'><strong>auctoritate</strong></span> 
     </span>
     <span class='ocr_line' id='line_1_52' title="bbox 228 5051 1559 5117; baseline -0.008 0"><span class='ocrx_word' id='word_1_417' title='bbox 228 5063 289 5117; x_wconf 80' lang='lat' dir='ltr'><strong>XXX</strong></span> <span class='ocrx_word' id='word_1_418' title='bbox 293 5063 337 5117; x_wconf 87' lang='grc' dir='ltr'><strong>ΙΙΙ.</strong></span> <span class='ocrx_word' id='word_1_419' title='bbox 744 5055 879 5112; x_wconf 91' lang='lat' dir='ltr'><strong>canonica</strong></span> <span class='ocrx_word' id='word_1_420' title='bbox 892 5059 1038 5115; x_wconf 89' lang='lat' dir='ltr'><strong>communi</strong></span> <span class='ocrx_word' id='word_1_421' title='bbox 1049 5075 1188 5115; x_wconf 87' lang='lat' dir='ltr'><strong>consensu</strong></span> <span class='ocrx_word' id='word_1_422' title='bbox 1203 5062 1231 5113; x_wconf 91' lang='lat' dir='ltr'><strong>et</strong></span> <span class='ocrx_word' id='word_1_423' title='bbox 1238 5054 1431 5113; x_wconf 88' lang='lat' dir='ltr'><strong>convenientia</strong></span> <span class='ocrx_word' id='word_1_424' title='bbox 1439 5051 1559 5110; x_wconf 87' lang='lat' dir='ltr'><strong>conscri-</strong></span> 
     </span>
     <span class='ocr_line' id='line_1_53' title="bbox 94 5145 1559 5231; baseline -0.01 -15"><span class='ocrx_word' id='word_1_425' title='bbox 94 5160 241 5231; x_wconf 77' lang='lat' dir='ltr'><strong>esbytaro,</strong></span> <span class='ocrx_word' id='word_1_426' title='bbox 260 5173 312 5213; x_wconf 90' lang='lat' dir='ltr'><strong>nec</strong></span> <span class='ocrx_word' id='word_1_427' title='bbox 333 5155 461 5220; x_wconf 86' lang='lat' dir='ltr'><strong>diacono,</strong></span> <span class='ocrx_word' id='word_1_428' title='bbox 481 5152 516 5208; x_wconf 87' lang='lat' dir='ltr'><strong>od</strong></span> <span class='ocrx_word' id='word_1_429' title='bbox 529 5150 693 5224; x_wconf 85' lang='lat' dir='ltr'><strong>trepalium,</strong></span> <span class='ocrx_word' id='word_1_430' title='bbox 743 5148 853 5220; x_wconf 87' lang='lat' dir='ltr'><strong>psimus</strong></span> <span class='ocrx_word' id='word_1_431' title='bbox 865 5167 899 5208; x_wconf 91' lang='lat' dir='ltr'><strong>ac</strong></span> <span class='ocrx_word' id='word_1_432' title='bbox 908 5152 1093 5222; x_wconf 86' lang='lat' dir='ltr'><strong>instituimus,</strong></span> <span class='ocrx_word' id='word_1_433' title='bbox 1109 5156 1169 5208; x_wconf 76' lang='lat' dir='ltr'><strong>tam</strong></span> <span class='ocrx_word' id='word_1_434' title='bbox 1181 5151 1218 5206; x_wconf 88' lang='lat' dir='ltr'><strong>ad</strong></span> <span class='ocrx_word' id='word_1_435' title='bbox 1230 5151 1348 5220; x_wconf 90' lang='lat' dir='ltr'><strong>clerum,</strong></span> <span class='ocrx_word' id='word_1_436' title='bbox 1361 5163 1447 5222; x_wconf 87' lang='lat' dir='ltr'><strong>quam</strong></span> <span class='ocrx_word' id='word_1_437' title='bbox 1462 5145 1559 5218; x_wconf 81' lang='lat' dir='ltr'><strong>adpo</strong></span> 
     </span>
     <span class='ocr_line' id='line_1_54' title="bbox 94 5240 1558 5324; baseline -0.01 -15"><span class='ocrx_word' id='word_1_438' title='bbox 94 5256 176 5324; x_wconf 80' lang='lat' dir='ltr'><strong>ntur,</strong></span> <span class='ocrx_word' id='word_1_439' title='bbox 192 5257 274 5307; x_wconf 87' lang='lat' dir='ltr'><strong>stare.</strong></span> <span class='ocrx_word' id='word_1_440' title='bbox 745 5243 846 5314; x_wconf 88' lang='lat' dir='ltr'><strong>pulum</strong></span> <span class='ocrx_word' id='word_1_441' title='bbox 860 5247 1109 5316; x_wconf 87' lang='lat' dir='ltr'><strong>commonendum,</strong></span> <span class='ocrx_word' id='word_1_442' title='bbox 1124 5246 1169 5304; x_wconf 84' lang='lat' dir='ltr'><strong>vel</strong></span> <span class='ocrx_word' id='word_1_443' title='bbox 1183 5245 1220 5301; x_wconf 88' lang='lat' dir='ltr'><strong>ad</strong></span> <span class='ocrx_word' id='word_1_444' title='bbox 1235 5243 1264 5300; x_wconf 93' lang='lat' dir='ltr'><strong>id</strong></span> <span class='ocrx_word' id='word_1_445' title='bbox 1279 5242 1356 5317; x_wconf 88' lang='lat' dir='ltr'><strong>quod</strong></span> <span class='ocrx_word' id='word_1_446' title='bbox 1373 5240 1558 5299; x_wconf 89' lang='lat' dir='ltr'><strong>constitutum</strong></span> 
     </span>
    </p>
   </div>
   <div class='ocr_carea' id='block_1_9' title="bbox 525 5358 1119 5478">
    <p class='ocr_par' dir='ltr' id='par_1_16' title="bbox 525 5358 1119 5478">
     <span class='ocr_line' id='line_1_55' title="bbox 525 5358 1119 5478; baseline 0.015 -6"><span class='ocrx_word' id='word_1_447' title='bbox 525 5417 625 5473; x_wconf 83' lang='lat' dir='ltr'>NOTAE</span> <span class='ocrx_word' id='word_1_448' title='bbox 645 5416 804 5476; x_wconf 71' lang='lat' dir='ltr'><strong>seviunt}</strong></span> <span class='ocrx_word' id='word_1_449' title='bbox 823 5422 911 5478; x_wconf 86' lang='lat' dir='ltr'><strong>BlNll.</strong></span> <span class='ocrx_word' id='word_1_450' title='bbox 1095 5358 1119 5395; x_wconf 49' lang='grc' dir='ltr'>ι</span> 
     </span>
    </p>
   </div>
   <div class='ocr_carea' id='block_1_10' title="bbox 94 5514 1557 5870">
    <p class='ocr_par' dir='ltr' id='par_1_17' title="bbox 94 5514 1272 5595">
     <span class='ocr_line' id='line_1_56' title="bbox 94 5514 1272 5595; baseline -0.011 -16"><span class='ocrx_word' id='word_1_451' title='bbox 94 5523 268 5580; x_wconf 83' lang='lat' dir='ltr'><strong>lominicotem</strong></span> <span class='ocrx_word' id='word_1_452' title='bbox 283 5518 404 5589; x_wconf 80' lang='lat' dir='ltr'><strong>intelligi</strong></span> <span class='ocrx_word' id='word_1_453' title='bbox 420 5517 528 5583; x_wconf 88' lang='lat' dir='ltr'><strong>debeat,</strong></span> <span class='ocrx_word' id='word_1_454' title='bbox 551 5514 644 5595; x_wconf 79' lang='lat' dir='ltr'><strong>accipe</strong></span> <span class='ocrx_word' id='word_1_455' title='bbox 659 5530 695 5570; x_wconf 84' lang='lat' dir='ltr'><strong>ex</strong></span> <span class='ocrx_word' id='word_1_456' title='bbox 744 5533 847 5591; x_wconf 87' lang='lat' dir='ltr'><strong>corpus</strong></span> <span class='ocrx_word' id='word_1_457' title='bbox 860 5519 963 5575; x_wconf 87' lang='lat' dir='ltr'><strong>Christi</strong></span> <span class='ocrx_word' id='word_1_458' title='bbox 972 5519 1120 5592; x_wconf 87' lang='lat' dir='ltr'><strong>accipiant,</strong></span> <span class='ocrx_word' id='word_1_459' title='bbox 1135 5541 1149 5570; x_wconf 72' lang='lat' dir='ltr'><strong>a</strong></span> <span class='ocrx_word' id='word_1_460' title='bbox 1167 5523 1211 5576; x_wconf 75' lang='lat' dir='ltr'><strong>etc</strong></span> <span class='ocrx_word' id='word_1_461' title='bbox 1223 5519 1272 5590; x_wconf 81' lang='lat' dir='ltr'><strong>(a),</strong></span> 
     </span>
    </p>

    <p class='ocr_par' dir='ltr' id='par_1_18' title="bbox 95 5590 694 5668">
     <span class='ocr_line' id='line_1_57' title="bbox 95 5590 694 5668; baseline -0.017 -17"><span class='ocrx_word' id='word_1_462' title='bbox 95 5595 153 5663; x_wconf 92' lang='lat' dir='ltr'><strong>ino,</strong></span> <span class='ocrx_word' id='word_1_463' title='bbox 168 5594 218 5665; x_wconf 89' lang='lat' dir='ltr'><strong>qui</strong></span> <span class='ocrx_word' id='word_1_464' title='bbox 233 5593 327 5648; x_wconf 91' lang='lat' dir='ltr'><strong>dehoc</strong></span> <span class='ocrx_word' id='word_1_465' title='bbox 337 5591 533 5668; x_wconf 79' lang='lat' dir='ltr'><strong>agitscrmone</strong></span> <span class='ocrx_word' id='word_1_466' title='bbox 542 5590 694 5641; x_wconf 76' lang='lat' dir='ltr'><strong>centesimo</strong></span> 
     </span>
    </p>

    <p class='ocr_par' dir='ltr' id='par_1_19' title="bbox 94 5656 1557 5796">
     <span class='ocr_line' id='line_1_58' title="bbox 96 5656 1557 5735; baseline -0.017 1"><span class='ocrx_word' id='word_1_467' title='bbox 96 5664 245 5721; x_wconf 68' lang='lat' dir='ltr'><strong>seeundo</strong></span> <span class='ocrx_word' id='word_1_468' title='bbox 255 5662 289 5717; x_wconf 78' lang='lat' dir='ltr'><strong>de</strong></span> <span class='ocrx_word' id='word_1_469' title='bbox 298 5667 434 5731; x_wconf 82' lang='lat' dir='ltr'><strong>tempore,</strong></span> <span class='ocrx_word' id='word_1_470' title='bbox 446 5659 492 5714; x_wconf 77' lang='lat' dir='ltr'><strong>ub¹</strong></span> <span class='ocrx_word' id='word_1_471' title='bbox 501 5662 553 5712; x_wconf 75' lang='lat' dir='ltr'><strong>ao:</strong></span> <span class='ocrx_word' id='word_1_472' title='bbox 570 5679 583 5705; x_wconf 73' lang='lat'><strong>⁴·</strong></span> <span class='ocrx_word' id='word_1_473' title='bbox 590 5656 695 5713; x_wconf 79' lang='lat' dir='ltr'><strong>Omnes</strong></span> <span class='ocrx_word' id='word_1_474' title='bbox 776 5672 810 5733; x_wconf 74' lang='lat' dir='ltr'><strong>ra)</strong></span> <span class='ocrx_word' id='word_1_475' title='bbox 827 5671 919 5721; x_wconf 71' lang='lat' dir='ltr'><strong>anne</strong></span> <span class='ocrx_word' id='word_1_476' title='bbox 933 5669 977 5721; x_wconf 77' lang='lat' dir='ltr'><strong>nie</strong></span> <span class='ocrx_word' id='word_1_477' title='bbox 988 5670 1091 5722; x_wconf 69' lang='lat' dir='ltr'><strong>noetus</strong></span> <span class='ocrx_word' id='word_1_478' title='bbox 1108 5672 1206 5735; x_wconf 64' lang='lat' dir='ltr'><strong>ninius,</strong></span> <span class='ocrx_word' id='word_1_479' title='bbox 1226 5675 1255 5723; x_wconf 77' lang='lat' dir='ltr'><strong>us</strong></span> <span class='ocrx_word' id='word_1_480' title='bbox 1269 5670 1296 5721; x_wconf 76' lang='lat' dir='ltr'><strong>sn</strong></span> <span class='ocrx_word' id='word_1_481' title='bbox 1310 5665 1404 5719; x_wconf 74' lang='lat' dir='ltr'><strong>nostra</strong></span> <span class='ocrx_word' id='word_1_482' title='bbox 1424 5659 1557 5715; x_wconf 74' lang='lat' dir='ltr'><strong>ennoea</strong></span> 
     </span>
     <span class='ocr_line' id='line_1_59' title="bbox 94 5730 1038 5796; baseline -0.01 -3"><span class='ocrx_word' id='word_1_483' title='bbox 94 5735 284 5793; x_wconf 87' lang='lat' dir='ltr'><strong>ommunicare</strong></span> <span class='ocrx_word' id='word_1_484' title='bbox 297 5730 570 5795; x_wconf 87' lang='lat' dir='ltr'><strong>desiderant,lavent</strong></span> <span class='ocrx_word' id='word_1_485' title='bbox 579 5745 692 5796; x_wconf 88' lang='lat' dir='ltr'><strong>manus,</strong></span> <span class='ocrx_word' id='word_1_486' title='bbox 743 5733 947 5787; x_wconf 85' lang='lat' dir='ltr'><strong>observabimus.</strong></span> <span class='ocrx_word' id='word_1_487' title='bbox 962 5734 1038 5786; x_wconf 70' lang='lat' dir='ltr'><strong>usu.</strong></span> 
     </span>
    </p>

    <p class='ocr_par' dir='ltr' id='par_1_20' title="bbox 94 5799 694 5870">
     <span class='ocr_line' id='line_1_60' title="bbox 94 5799 694 5870; baseline -0.015 -4"><span class='ocrx_word' id='word_1_488' title='bbox 94 5808 165 5866; x_wconf 81' lang='lat' dir='ltr'><strong>ieras</strong></span> <span class='ocrx_word' id='word_1_489' title='bbox 174 5806 265 5862; x_wconf 88' lang='lat' dir='ltr'><strong>nitida</strong></span> <span class='ocrx_word' id='word_1_490' title='bbox 285 5803 437 5859; x_wconf 83' lang='lat' dir='ltr'><strong>exhibeant</strong></span> <span class='ocrx_word' id='word_1_491' title='bbox 447 5799 620 5870; x_wconf 86' lang='lat' dir='ltr'><strong>linteamina,</strong></span> <span class='ocrx_word' id='word_1_492' title='bbox 643 5799 694 5857; x_wconf 87' lang='lat' dir='ltr'><strong>ubi</strong></span> 
     </span>
    </p>
   </div>
   <div class='ocr_carea' id='block_1_11' title="bbox 0 0 1945 6148">
    <p class='ocr_par' dir='ltr' id='par_1_21' title="bbox 0 0 1945 6148">
     <span class='ocr_line' id='line_1_61' title="bbox 0 0 1945 6148; baseline 0 0"><span class='ocrx_word' id='word_1_493' title='bbox 0 0 1945 6148; x_wconf 95' lang='lat' dir='ltr'><strong> </strong></span> 
     </span>
    </p>
   </div>
  </div>
 </body>
</html>
