3884 6150
122 272 169 329 itt
454 274 499 331 AD
517 272 761 362 aspernantis
781 269 947 332 elicheia
965 274 1171 332 habitururn
1191 274 1358 332 serenant
1376 274 1489 334 PRIMA.
1759 278 1810 336 itt

121 383 247 451 seranta,
268 379 314 436 hic
335 380 483 453 percipere
506 398 669 438 mereamur
687 382 815 437 omnium
836 381 947 436 veniam
958 382 1088 467 Asocios
1102 383 1307 449 numerandos,
1322 400 1394 454 quos
1409 384 1439 437 in
1459 383 1526 438 fidei
1546 384 1715 455 primordio,
1732 388 1808 441 ato·
1905 455 1911 460 .

124 472 304 542 delictorum,
318 478 352 529 ut
368 479 450 530 tuum
468 475 608 530 infuturo
617 475 759 546 judicium
781 474 861 529 nobis
881 491 945 529 sen·
997 475 1095 530 banne
1110 476 1140 530 in
1155 476 1279 531 iordane
1296 477 1471 547 paenitentia
1481 477 1566 532 undis
1580 495 1719 549 aquarum
1735 479 1812 535 ablu-

125 566 231 622 tiemus
244 568 361 623 omnino
376 568 569 639 mitissimum,
585 573 613 624 et
625 569 749 624 dextere
762 572 818 623 tuas
832 566 946 638 partici-
997 571 1051 633 tos,
1070 586 1086 623 a
1102 573 1129 622 te
1153 573 1298 639 postremo
1320 586 1372 640 per
1389 569 1489 623 Filium
1503 570 1533 625 in
1547 571 1654 642 Spiritu
1669 575 1768 628 sancto
1784 577 1813 627 et

125 676 174 732 pes
196 662 274 732 tacti,
293 679 311 716 a
332 666 360 716 te
378 677 540 716 mereamur
557 667 702 733 perpetuae
721 661 784 716 vitas
802 660 948 732 percipere
997 660 1058 732 igni
1082 661 1284 732 cognoscimus
1310 662 1478 733 baptizatos.
1504 666 1671 735 Respondeat
1693 667 1788 721 choras
1803 686 1811 718 .-

127 755 292 825 praemium,
306 759 446 826 tuumque
466 770 674 826 consequemur
689 753 836 822 invictum,
852 751 946 807 intini-
997 757 1099 809 Amen.
1115 758 1193 810 breed
1211 756 1351 825 presbyter
1366 772 1374 806 ε
1389 756 1462 819 Quia
1476 760 1506 811 tu
1524 774 1554 810 es
1569 773 1636 811 vera
1648 757 1742 829 447
1758 776 1812 830 pax

129 850 190 901 tum
205 851 233 902 et
246 845 435 902 fortissimum
448 863 581 918 regnum.
598 847 630 911 al.
645 849 746 901 Amen.
999 851 1097 903 nostra
1110 851 1139 902 et
1153 848 1275 902 charitas
1292 848 1461 919 indisrupta,
1477 849 1544 904 vivis
1554 854 1649 904 tecum
1665 855 1693 904 et
1707 868 1812 922 regnas

162 943 242 995 Dicat
262 941 424 1011 presbyter:
440 941 494 994 Per
512 940 734 994 miscricordiam
756 944 845 1007 tuem,
867 941 940 995 Deus
999 958 1064 995 cum
1080 941 1186 1013 Spiritu
1200 945 1298 996 sancto
1310 958 1383 995 unus
1393 942 1502 998 lleusin
1516 945 1618 998 saecula
1631 945 1810 999 saeculorum.

133 1037 236 1101 noster,
251 1033 283 1088 in
301 1034 381 1104 cujus
399 1037 561 1105 conspectu,
580 1037 744 1088 sanctorum
757 1032 949 1104 apostolorum
999 1031 1039 1098 lt.
1057 1036 1158 1092 Charias
1170 1054 1178 1090 :
1192 1037 1295 1090 Amen.
1309 1038 1388 1092 Dicat
1402 1038 1543 1107 presbyter
1558 1038 1667 1092 eleuatis
1689 1040 1812 1094 manibus

136 1133 160 1183 ct
177 1132 349 1199 martyrum,
370 1127 562 1182 confessorum
579 1132 663 1198 atque
677 1126 821 1197 virginum
835 1125 950 1180 nomina
998 1129 1027 1181 ia
1040 1127 1133 1182 celum
1148 1147 1156 1182 ε
1171 1128 1267 1182 Gratia
1285 1129 1336 1183 Ilei
1359 1129 1450 1183 Patris
1473 1129 1688 1201 omnipotentis,
1710 1148 1764 1202 pax
1779 1148 1811 1185 ac

138 1220 299 1276 recitantur.
312 1218 344 1279 lb.
360 1221 470 1278 chone.
492 1223 592 1275 Amen.
611 1222 689 1275 Dicat
702 1221 841 1290 presbyter
856 1238 864 1273 ε
879 1218 949 1274 Otle-
1000 1219 1113 1274 dilectio
1126 1222 1239 1276 Domini
1250 1223 1341 1276 nostri
1354 1224 1420 1277 lesu
1435 1222 1539 1277 Christi
1549 1226 1578 1276 et
1590 1224 1811 1279 communicatio
1843 1275 1846 1280 .

140 1319 200 1368 runt
211 1315 267 1369 Deo
280 1313 399 1367 Domino
412 1312 584 1368 oblationem
597 1313 756 1369 sacerdotes
765 1312 865 1382 nostri,
876 1328 949 1383 papa
1000 1313 1121 1384 Spiritus
1140 1315 1229 1368 sancti
1249 1314 1285 1368 sit
1301 1332 1415 1386 sempor
1435 1333 1500 1370 cum
1517 1316 1651 1371 omnibus
1664 1317 1755 1371 nobis.
1773 1314 1810 1378 ul.

142 1406 289 1476 hamensis,
297 1412 324 1461 et
334 1406 437 1478 reliqui
451 1423 503 1478 pro
518 1423 548 1462 se
565 1409 594 1461 et
607 1423 659 1478 pro
675 1406 754 1460 omni
764 1406 839 1460 clero
852 1422 883 1459 ac
893 1406 949 1477 ple·
1000 1409 1122 1464 Chorus:
1144 1408 1178 1460 Et
1197 1424 1262 1461 cum
1284 1408 1417 1462 omnihus
1438 1409 1522 1463 bonae
1550 1410 1712 1464 voluntatis.
1737 1413 1814 1465 Dicat

143 1500 215 1555 bibus
228 1500 355 1554 Ecclesiae
370 1499 484 1554 sibimet
497 1499 677 1570 consignatis,
696 1499 741 1553 vel
753 1515 805 1570 pro
819 1498 950 1553 universa
995 1501 1155 1571 presbyter:
1175 1500 1326 1565 Quomodo
1341 1500 1449 1567 astatis,
1473 1518 1575 1572 pacem
1591 1502 1685 1556 facite.
1701 1505 1732 1569 rt.
1751 1504 1814 1559 Cho·

146 1591 947 1664 fraternitate.ltemofferuntuniversipresbyteri,diaconi,
998 1607 1054 1648 stas.
1068 1594 1170 1647 Pacem
1184 1610 1280 1647 meam
1295 1593 1429 1656 dovobis,
1441 1610 1542 1664 pacem
1555 1610 1652 1649 meam
1668 1611 1814 1649 commen·

149 1686 237 1756 clerici,
256 1702 288 1741 ac
309 1686 406 1758 populi
421 1686 634 1741 circumstantes
650 1684 748 1757 446
763 1685 793 1739 in
811 1685 949 1739 honorem
1000 1684 1037 1739 do
1051 1686 1145 1751 vobis3
1162 1703 1220 1740 non
1240 1685 1311 1739 sicut
1326 1686 1450 1739 mundus
1470 1687 1528 1754 dat,
1546 1704 1647 1759 pacem
1667 1688 1703 1743 do
1723 1688 1812 1742 vobis.

152 1784 297 1834 sanctourm
309 1795 361 1850 pro
373 1795 402 1834 se
417 1783 444 1833 et
458 1779 526 1832 suis.
543 1775 575 1840 Ab.
592 1780 708 1836 Chorus:
722 1778 849 1833 Ollerunt
860 1761 988 1848 proseB
1000 1782 1029 1843 t.
1048 1779 1157 1833 Novum
1181 1778 1350 1832 mandatum
1370 1779 1407 1833 do
1429 1779 1518 1846 vobis,
1543 1782 1575 1833 ut
1594 1779 1719 1851 diligatis
1743 1781 1813 1836 invi-

155 1877 224 1943 elpro
232 1872 366 1927 universa
375 1871 562 1927 fraternitate.
572 1874 649 1926 Dtcat
658 1871 780 1926 sacerdes
790 1890 798 1925 :
808 1870 951 1924 iacientes
1000 1888 1072 1926 cem.
1082 1862 1230 1928 liciteretur
1241 1891 1249 1925 :
1260 1873 1363 1926 Pacem
1375 1888 1471 1926 meam
1483 1871 1519 1926 do
1530 1873 1618 1926 vobis.
1634 1880 1664 1941 y.
1680 1874 1776 1928 Gloria
1786 1877 1814 1928 et

155 1964 434 2020 commemorationem
458 1963 687 2018 beatissimorum
711 1963 902 2035 apostolorum
923 1966 951 2016 et
1001 1965 1094 2018 honor
1104 1964 1180 2018 Patri
1197 1966 1225 2017 ct
1238 1963 1307 2018 Filio
1323 1968 1352 2018 et
1362 1964 1478 2035 Spiritui
1489 1968 1587 2019 sancto
1602 1965 1632 2018 in
1648 1967 1752 2021 saecula
1765 1983 1814 2021 sae·

156 2062 304 2130 martyrum,
328 2056 456 2129 gloriose
477 2060 580 2112 sanctae
598 2057 690 2111 Mariae
708 2056 838 2128 virginis,
851 2055 951 2110 Zacha·
1001 2058 1131 2111 culorum
1147 2073 1243 2111 amen.
1255 2060 1426 2114 Reiteretar:
1442 2059 1547 2112 Pacem
1557 2074 1663 2112 meam.

156 2149 198 2219 ris,
223 2150 367 2219 lobannis,
398 2149 550 2219 lufantum,
573 2149 659 2217 Petri,
687 2148 776 2216 Pauli,
805 2147 949 2215 iohannis,
1035 2153 1145 2205 Interim
1162 2151 1271 2221 quando
1285 2151 1385 2208 Chorus
1405 2150 1472 2206 dicit
1487 2152 1611 2205 :Pacem
1626 2167 1732 2218 meam,
1748 2151 1816 2208 acci»

156 2242 239 2314 iacobi,
269 2244 401 2311 Andreae,
427 2242 560 2316 Philippi,
587 2243 713 2311 Thomas,
741 2240 949 2309 Banholcmaei,
997 2245 1060 2314 piat
1076 2244 1197 2298 sacerdos
1216 2259 1310 2313 pacem
1329 2244 1361 2299 de
1378 2249 1479 2314 patena
1501 2245 1611 2299 dicendo
1630 2247 1689 2300 sic:
1706 2245 1813 2299 Habete

156 2333 267 2406 llatthaei,
281 2335 384 2405 taccbi,
399 2335 523 2392 Simonis
537 2340 565 2391 et
577 2336 667 2405 tudae,
684 2335 815 2405 blatthiae,
829 2334 912 2390 liarci
923 2337 953 2388 et
1001 2337 1128 2391 osculum
1145 2335 1305 2391 dilectionis
1318 2340 1347 2390 et
1359 2338 1552 2409 pacis,utapli
1561 2337 1814 2393 sitissacrosanetis

154 2425 228 2484 Luce.
241 2427 274 2492 rt.
291 2431 391 2488 Cborns
403 2441 413 2474 ··
426 2431 459 2483 Et
479 2428 608 2484 omnium
627 2432 795 2500 martyrum.
816 2429 894 2483 Dicat
909 2442 952 2482 sa·
1000 2428 1143 2500 mysteriis
1161 2429 1212 2483 Dei
1216 2470 1268 2484 .....
1291 2432 1326 2485 Et
1344 2432 1438 2485 statim
1458 2430 1503 2485 det
1521 2446 1615 2500 pacem
1638 2430 1749 2486 diacona
1774 2431 1817 2486 oct
1917 2442 1922 2452 ’

154 2523 241 2578 codas:
252 2525 323 2577 ltem
335 2539 387 2593 pro
400 2521 546 2593 spiritibus
558 2521 737 2593 pausantium
748 2519 853 2590 Hilarii,
864 2520 949 2574 Atha·
997 2538 1095 2594 puero,
1106 2527 1132 2577 et
1142 2538 1210 2592 puer
1221 2523 1330 2593 populo.
1345 2525 1439 2578 Postea
1452 2524 1563 2578 inclinet
1574 2540 1602 2578 se
1613 2524 1734 2579 sacerdos
1748 2524 1814 2593 jun·

154 2615 216 2683 casii,
231 2615 351 2683 Martini,
366 2615 517 2684 Ambrosii,
531 2614 691 2685 Augustini,
705 2612 855 2684 Fulgentii,
867 2613 952 2666 Lean-
1000 2619 1049 2670 ctts
1060 2617 1185 2669 manibus
1196 2620 1221 2670 et
1233 2615 1323 2671 dicat:
1335 2616 1461 2670 lntroibo
1476 2616 1513 2670 ad
1528 2617 1617 2671 altare
1632 2616 1691 2672 Dei.
1702 2619 1733 2684 rt.
1750 2618 1815 2674 Cbo·

152 2705 192 2776 dri,
207 2708 324 2778 isidori,
339 2708 436 2778 David,
451 2707 566 2775 tuliani,
582 2708 650 2762 item
660 2705 773 2774 tuliani,
785 2705 869 2773 Petri,
882 2704 952 2759 item
1000 2723 1068 2771 rus:
1084 2707 1226 2763 Adbeum
1240 2708 1288 2779 qui
1297 2709 1422 2762 latificat
1427 2709 1608 2779 juventutem
1618 2725 1725 2764 meam.
1743 2711 1817 2765 Pres·

152 2800 220 2871 Petri,
238 2801 383 2868 iohannis,
398 2801 476 2856 Servi
494 2799 553 2869 Dei,
574 2799 700 2868 Visitani,
720 2798 838 2865 Viventi,
854 2797 950 2865 Felici,
1002 2802 1077 2870 byter
1087 2805 1172 2871 portat
1184 2816 1296 2855 manum
1309 2816 1389 2871 saper
1400 2803 1509 2856 calicem
1524 2806 1550 2856 et
1561 2801 1658 2856 dicat:
1675 2801 1816 2857 Aures'ad

151 2892 279 2966 Cypriani,
305 2894 454 2964 vincentii,
478 2893 612 2962 Gerontii,
635 2892 785 2962 Zachariae,
809 2889 950 2962 Cenapoli,
1001 2893 1163 2949 Dominum.
1180 2897 1211 2961 nl.
1227 2895 1348 2951 Cborrts:
1364 2893 1818 2950 Habemusadllominum.1licat

150 2984 284 3056 dominici,
310 2986 390 3056 lusti,
418 2985 573 3055 Saturnini,
602 2985 715 3054 Salvati,
746 2984 814 3039 item
839 2980 950 3053 salvati,
998 2987 1163 3059 presbyter:
1181 2987 1300 3041 Sursum
1318 2986 1416 3041 corda.
1433 2984 1465 3049 rt.
1484 2988 1585 3044 Chones
1603 2985 1817 3044 :beremusad

147 3079 282 3150 bernardi,
291 3079 452 3151 Reimundi,
461 3078 604 3149 iohannis,
613 3078 773 3146 Calabrum,
781 3076 950 3145 Gundisalvi,
1002 3077 1168 3135 Dominum.
1180 3083 1257 3135 bicat
1267 3080 1407 3150 presbyter
1420 3081 1578 3135 inclinanda
1590 3080 1725 3150 sejunctis
1734 3081 1820 3136 mani·

143 3171 257 3244 bertini,
286 3173 424 3242 badonici,
448 3172 594 3243 iohannis,
616 3171 733 3242 Guterii,
759 3170 859 3240 Sancii,
885 3127 990 3224 itemC
1005 3174 1052 3228 bus
1067 3192 1074 3227 :
1088 3173 1148 3227 Deo
1162 3189 1194 3227 ac
1210 3173 1333 3227 Domino
1352 3176 1449 3228 nostra
1470 3175 1536 3229 tesu
1555 3173 1666 3229 Christo
1683 3173 1751 3228 Filio
1768 3173 1817 3228 Dei

143 3264 239 3333 Sancii,
253 3266 400 3336 Dominiei,
415 3265 528 3336 tuliani,
542 3265 676 3338 Philippi,
689 3263 834 3336 Stephani,
854 3262 954 3318 iohan-
1005 3265 1054 3337 qui
1070 3265 1156 3320 estin
1173 3265 1260 3330 ecelis,
1286 3265 1390 3336 dignas
1409 3265 1509 3320 laudes
1531 3265 1692 3337 dignasque
1712 3265 1818 3336 gratias

141 3359 189 3428 nis,
205 3359 278 3414 item
296 3359 442 3430 iohannis,
461 3359 571 3415 Felicis.
586 3364 618 3430 rt.
633 3358 734 3414 Cborrts
749 3375 757 3412 :
772 3358 806 3414 Et
825 3355 954 3411 omnium
1005 3359 1173 3413 referamus.
1193 3361 1228 3413 Et
1248 3357 1360 3412 dicendo
1379 3375 1387 3409 :
1406 3357 1516 3413 Gratias
1544 3358 1715 3425 referamus,
1739 3360 1819 3414 elevet

141 3451 332 3523 pausantium.
1004 3452 1126 3507 sacerdos
1140 3466 1235 3505 manus
1247 3452 1277 3504 ia
1297 3451 1393 3504 attam.
1411 3447 1441 3512 d.
1458 3453 1557 3508 Chorus
1571 3461 1579 3496 ··
1591 3449 1713 3520 Dignum
1731 3453 1761 3505 et
1771 3449 1817 3519 ju·

171 3566 251 3621 Dicat
260 3563 403 3634 presbyter
411 3568 473 3633 post
487 3565 598 3619 nomina
613 3582 622 3617 :
1007 3548 1082 3598 stum
1094 3547 1146 3599 cst.
1162 3545 1256 3598 Postea
1268 3543 1344 3598 diem
1352 3543 1512 3613 presbyter:

170 3662 208 3717 Te
232 3676 407 3733 quesumus,
430 3660 550 3715 bordne
571 3662 635 3715 lesu
656 3659 776 3727 Christe,
798 3656 955 3713 utdilectio
1365 3641 1464 3692 lnlalio.

140 3755 276 3811 adventus
289 3752 331 3808 tui
344 3753 383 3809 ita
395 3753 424 3807 in
440 3752 524 3808 nobis
536 3756 711 3825 permaneat,
726 3750 810 3806 need
826 3756 854 3807 te
872 3752 956 3806 corda
1042 3728 1168 3800 Dignum
1179 3728 1324 3800 etjustum
1341 3730 1384 3782 Psi
1395 3744 1448 3782 ¹1⁰⁸
1463 3726 1514 3782 ilbi
1532 3725 1638 3799 &³5³³
1652 3743 1749 3800 abele,
1765 3728 1820 3785 ⁰0·

139 3853 236 3904 mm
244 3846 539 3918 umquamreoedam
550 3845 957 3918 ,icquenosjamjnaepemam
1008 3822 1086 3877 mine
1107 3824 1215 3890 sancte,
1230 3823 1315 3876 Pater
1335 3823 1452 3887 aeterne,
1470 3821 1653 3893 omnipotens
1668 3823 1752 3890 Deus,
1770 3840 1823 3894 per

139 3941 350 3997 advocationem
368 3939 498 4006 umbe,
514 3942 547 3993 up
560 3940 596 3994 ,d
612 3939 742 3994 summm
758 3956 816 3999 non
836 3938 955 3993 confun,
1007 3917 1103 3971 Jesum
1121 3915 1263 3971 Christum
1282 3913 1383 3968 Filium
1406 3917 1487 3968 tuum
1507 3914 1659 3970 Dominum
1681 3919 1822 3985 nostrum,

141 4033 368 4104 mmmmm
375 4028 836 4104 jufficandumveneffiorhemstq
846 4033 955 4099 Cym,
1008 4025 1095 4079 quem
1108 4008 1254 4063 lohannes
1267 4007 1360 4062 fidelis
1378 4006 1488 4062 amicus
1503 4008 1648 4079 praecessit
1662 4011 1822 4077 nascendo;

139 4131 239 4183 Amen,
262 4129 341 4182 preat
355 4126 497 4197 presbyter
515 4144 524 4180 ‚-
543 4126 614 4191 Quia
636 4129 667 4181 tu
690 4143 719 4181 ες
740 4126 797 4181 viu,
817 4125 956 4193 vivorum,
1007 4105 1151 4178 praecessit
1171 4105 1199 4158 in
1216 4105 1336 4160 desertis
1355 4105 1446 4160 eremi
1469 4104 1663 4175 praedicando,
1680 4107 1825 4177 praeccssit

137 4219 242 4276 unitas
251 4219 443 4286 infirmorum,
460 4236 492 4274 ac
509 4219 621 4292 requies
635 4220 764 4274 omnium
777 4218 958 4273 fldefiumde.
1007 4198 1197 4269 baptizando;
1215 4198 1290 4253 viam
1304 4214 1419 4269 quoque
1435 4214 1601 4269 praeparans
1613 4197 1713 4267 judicii
1732 4214 1764 4252 ec
1777 4215 1822 4252 re-

134 4313 301 4370 functnrum
314 4314 345 4370 in
360 4319 467 4371 interna
480 4313 770 4368 graculasaeculorffln⁸
786 4313 818 4377 ,q
835 4313 956 4370 chorus,
1008 4291 1178 4363 dcmptoris,
1193 4291 1359 4347 convocavit
1372 4292 1538 4361 peccatores
1554 4290 1590 4345 ad
1606 4290 1823 4362 penitentiam

138 4411 244 4464 Amen.
1008 4388 1038 4440 ct
1053 4386 1193 4457 populum
1208 4383 1348 4439 salvatori
1368 4382 1533 4455 adquirens,
1546 4382 1700 4453 baptizavit
1714 4383 1744 4437 in
1762 4385 1824 4439 tor·

430 4485 517 4537 Oratio
528 4484 562 4536 ad
576 4499 676 4551 pacem.
970 4476 1086 4562 Ddene
1097 4480 1214 4549 peccate
1227 4475 1344 4547 propria
1359 4476 1546 4543 confitentem
1560 4491 1619 4530 non
1634 4475 1767 4532 homines
1781 4477 1824 4533 in·

177 4570 429 4640 bicatpresbyter:
1012 4571 1146 4627 novando
1176 4570 1293 4641 plenam
1313 4570 1464 4624 conserens
1483 4569 1616 4640 gratiam,
1639 4569 1690 4624 sed
1706 4568 1826 4643 piissimi

179 4660 299 4718 Domine
309 4660 381 4718 Deus
394 4663 583 4735 omnipotens,
595 4663 644 4735 qui
657 4679 709 4735 pro
724 4659 841 4717 humaui
852 4661 963 4733 generis
1013 4664 1167 4720 salvatoris
1180 4677 1352 4718 ammonens
1370 4664 1533 4733 exspectare
1549 4662 1750 4734 presentiam
1767 4680 1826 4720 non

139 4756 338 4828 redemptione
356 4763 529 4813 coaetcmum
546 4757 598 4813 tibi
617 4756 846 4828 coequalemque
861 4753 963 4809 Filium
1012 4757 1163 4812 remittens
1172 4755 1232 4826 ipsc
1248 4758 1366 4826 peccata
1380 4754 1417 4809 ed
1427 4772 1456 4809 se
1470 4755 1659 4825 venientibus,
1671 4756 1721 4813 sed
1729 4757 1828 4812 remis·

140 4853 272 4926 angelica
290 4855 517 4924 annuntiatione,
535 4871 588 4926 per
606 4835 700 4911 hieria:
717 4853 837 4926 virginis
849 4856 964 4908 uterum
1014 4850 1124 4905 sionem
1142 4852 1326 4921 peccatorum
1342 4847 1378 4902 ad
1392 4849 1520 4904 futurum
1535 4850 1674 4921 pollicens
1687 4866 1748 4905 esse
1762 4865 1825 4912 cre-

140 4963 236 5020 usquc
248 4948 284 5003 ad
297 4965 349 5004 nos
361 4946 472 5004 voluisti
486 4948 687 5018 transmittere,
701 4952 786 5020 atquc
799 4951 865 5002 ante
877 4945 964 5018 ipsius
1014 4942 1166 5010 dentibus:
1188 4945 1219 4997 ut
1235 4941 1476 4997 descendentibus
1499 4942 1528 4996 in
1546 4955 1621 5014 aqua
1640 4940 1827 5020 poenitentiae,

141 5040 208 5097 Filii
224 5040 266 5096 tui
283 5042 436 5098 adrentum
451 5024 611 5097 'iohannem
629 5042 762 5114 dignatus
777 5057 807 5097 es
823 5040 963 5096 destinare
1014 5037 1050 5091 ab
1063 5035 1111 5090 illa
1128 5033 1447 5107 sperarentremedium
1457 5033 1656 5106 indulgentiae,
1666 5053 1829 5110 quemven·

140 5149 317 5207 praeconem,
332 5141 365 5190 ut
382 5152 433 5208 per
451 5137 515 5208 ejus
532 5135 684 5192 veridicam
703 5136 733 5191 in
747 5135 857 5190 deserto
876 5130 964 5188 eremi
1013 5133 1110 5184 turum
1128 5128 1285 5184 audiebant
1301 5128 1419 5199 plenum
1441 5126 1517 5182 dono
1532 5127 1659 5184 veritalis
1674 5136 1703 5186 et
1717 5137 1827 5206 gratie.

141 5227 379 5300 praedicationem
388 5231 511 5303 populus
518 5229 657 5303 paenitens
665 5233 849 5284 veternorum
856 5226 963 5282 facino·
1015 5222 1178 5294 Baptizatur
1190 5221 1277 5293 igitur
1293 5221 1376 5276 abeo
1392 5221 1519 5276 Christus
1529 5237 1563 5304 ex
1574 5223 1717 5282 elemento
1727 5228 1829 5286 visibili

143 5339 214 5378 mm
228 5323 368 5395 acciperet
385 5325 505 5392 veniam,
518 5341 570 5396 per
584 5323 650 5378 novi
665 5327 761 5378 auam
772 5320 898 5376 hominis
916 5318 966 5374 Dei
1015 5319 1045 5371 ct
1055 5315 1156 5388 spiritu
1165 5313 1313 5369 invisibili:
1329 5312 1508 5368 ducebantur
1522 5331 1576 5386 por
1589 5316 1776 5377 obedentiam
1792 5323 1829 5378 ed

141 5432 271 5489 regnum
300 5419 517 5490 evangelizantis
550 5417 651 5473 divinae
682 5415 825 5471 Trinitatis
853 5413 966 5485 plenem
1015 5407 1259 5475 miscricordiam
1273 5423 1326 5478 per
1340 5406 1431 5461 fllium
1455 5407 1559 5464 sterilis
1581 5410 1619 5466 ad
1633 5412 1724 5470 filium
1737 5415 1828 5487 Virgi-

142 5510 273 5566 mundus
298 5512 434 5584 consequi
456 5515 603 5567 mereatur
628 5510 802 5566 ineffabilem
826 5504 964 5579 gratiam3
1016 5503 1076 5570 nis3
1091 5520 1144 5573 per
1160 5496 1257 5573 448
1270 5499 1433 5554 iohannem
1454 5501 1604 5560 hominem
1627 5523 1777 5580 magnum,
1792 5507 1830 5564 ad

144 5603 223 5660 dona
239 5603 324 5660 nohis
338 5605 368 5660 in
380 5605 434 5660 hoc
456 5610 585 5677 tempore
602 5604 748 5660 Adventus
767 5598 911 5671 Unigeniti
924 5597 968 5654 tui
1016 5595 1158 5652 Christum
1175 5593 1325 5649 hominem
1344 5594 1446 5649 Deum.
1469 5595 1523 5661 Qui
1539 5615 1604 5652 cum
1616 5600 1701 5654 Patre
1721 5601 1750 5653 et
1764 5598 1828 5670 Spi-

146 5696 281 5756 eamdem
300 5699 376 5774 pacis
398 5698 519 5772 gratiam
543 5714 629 5772 quam
644 5698 676 5753 in
693 5694 840 5771 praeterita
863 5692 967 5765 largire
1018 5688 1073 5745 ritu
1083 5690 1182 5744 sancto
1197 5687 1320 5743 adorant
1329 5688 1424 5761 angeli
1438 5692 1525 5763 atqde
1534 5691 1709 5760 archangeli,
1721 5690 1830 5754 throni.

145 5791 283 5867 digamus
304 5808 334 5850 es
357 5793 472 5863 secula;
499 5798 528 5848 et
545 5792 601 5849 illis
627 5807 677 5848 nos
707 5790 738 5847 in
764 5804 881 5846 occursu
900 5786 968 5845 fidei
1018 5781 1232 5841 dominationes
1244 5784 1273 5839 et
1284 5783 1450 5855 potestates,
1465 5783 1507 5840 ita
1522 5782 1671 5840 dicentes:
