3884 6150
127 264 178 317 859
695 264 853 331 JcnlNNES,
875 267 1090 321 DlClnlltEh'SlS
1110 266 1223 321 abbis.
1751 261 1800 316 860

126 386 190 423 curn
205 373 273 436 Deo,
296 373 325 424 in
343 388 400 442 qua
411 372 488 425 ibunt
501 374 587 425 suncti
603 372 635 425 de
647 373 748 425 uirtute
758 374 786 426 in
799 375 937 428 eir-tutem.
950 367 1801 458 Asuntadcomparationemluturaebeatitudinis.Siceoim

128 463 160 515 Et
171 462 260 517 hocin
274 465 455 525 Christolesu,
468 464 534 533 quia
544 480 593 534 per
606 464 706 517 Filium
722 482 819 519 sumus
830 465 940 521 cedem·
990 467 1029 521 ait
1042 467 1197 520 Dominus:
1215 467 1304 522 Nolite
1323 467 1414 518 timere
1434 465 1537 532 eosqui
1552 462 1679 518 occidunt
1699 476 1799 530 corpus,

128 556 178 625 pti,
194 561 221 609 et
232 573 283 626 per
298 556 388 626 ipsum
400 557 588 610 remunerati.
600 558 673 610 Deus
683 558 767 612 Pater
780 559 939 629 pcrl'ilium
989 563 1108 613 estimem
1123 565 1213 614 eutem
1234 561 1412 628 conpescunt
1427 557 1552 610 occidere.
1568 557 1629 609 less
1655 569 1799 619 rssrrcrrr,

127 665 209 702 snum
224 665 275 702 nos
289 648 423 714 redemit,
440 666 492 718 per
508 667 594 720 quem
608 654 637 704 et
651 651 770 718 vocavit,
787 668 873 722 quem
887 670 939 722 pro
990 653 1095 706 scilicet
1110 655 1192 718 Deus,
1204 652 1252 724 qui
1265 652 1438 706 vecaritnos
1449 650 1478 703 in
1494 655 1635 704 eternam
1647 662 1734 700 suem
1747 648 1801 716 glo

127 740 327 810 redemptione
338 743 453 810 generis
472 742 589 796 humani
604 743 747 798 incarnari
763 744 849 814 [God.‚
865 745 940 799 inco
989 745 1073 811 riam,
1088 746 1217 816 perlleiet
1233 759 1552 816 commemorassemus
1569 741 1682 805 animo,
1697 755 1798 793 sonos·

127 833 233 902 conari]
250 833 405 887 coustituit.
421 836 556 888 Modicum
568 852 670 905 pessos.
694 837 769 890 Bene
791 837 868 903 dicit,
884 855 937 894 mo-
990 855 1032 893 urr
1047 838 1165 909 spiritu:
1182 838 1311 909 perficiet
1326 839 1355 891 in
1370 835 1581 909 perseverantia
1603 832 1676 888 boni
1701 832 1799 902 operis,

125 925 324 994 dirumpossos,
338 927 405 997 qnia
416 929 563 998 passiones
574 929 658 999 hujus
669 929 807 1000 temporis
818 931 940 985 modicae
990 931 1173 985 confirmabit
1186 931 1316 1003 praemio,
1331 930 1464 984 solidabit
1476 928 1574 983 bravio
1591 926 1657 981 vitre
1678 928 1799 978 aeterne.

128 1060 1802 1116 'w

824 1215 929 1260 EODEM
950 1216 1103 1262 TEMPORE.

675 1339 1240 1568 JOANNE&

366 1619 1007 1740 Annununnsrs
1048 1617 1557 1741 tuscorum

702 1906 840 1970 sosoma,
858 1906 1067 1958 ansuarsshsls
1083 1907 1236 1967 anscote,

185 2010 457 2097 EPISTOLn
491 2015 564 2098 AD
599 2016 863 2100 VIRGINES
898 2016 1242 2102 lllONASTERII
1280 2012 1508 2099 SANCTAE
1537 2004 1750 2093 MARIAE.

163 2256 274 2312 Sanctis
287 2276 319 2313 ac
338 2263 507 2333 venerandis
524 2265 553 2318 iu
572 2266 682 2320 Christo
703 2266 856 2333 sororibus,
873 2267 978 2351 ipsisB
991 2266 1097 2337 itaque,
1111 2267 1288 2337 postulantes
1301 2266 1430 2318 sanctam
1444 2258 1615 2315 charitatem
1629 2254 1805 2318 vestramul

128 2350 231 2420 quibus
246 2357 352 2407 sanctae
372 2358 520 2411 memoriae
534 2358 728 2429 praedecessor
744 2365 839 2413 noster
854 2362 940 2413 Aure·
990 2359 1019 2413 in
1036 2359 1102 2430 ipsis
1123 2359 1310 2429 temporibus,
1326 2355 1428 2429 quibus
1438 2350 1592 2426 jejunandi
1612 2352 1643 2403 et
1659 2342 1804 2402 reficiendi

127 2442 219 2497 lienus
240 2445 388 2517 episeopus
411 2451 621 2504 monasterium
640 2456 744 2505 sancta
760 2453 851 2507 hlariae
867 2453 941 2507 intra
990 2453 1069 2507 vobis
1082 2455 1188 2506 statuta
1203 2454 1347 2524 praecepta
1361 2452 1437 2516 sunt,
1451 2447 1528 2502 nulla
1541 2445 1577 2498 sit
1590 2441 1672 2497 vobis
1685 2455 1752 2494 eum
1766 2437 1803 2489 vi·

127 2538 406 2595 muroshrelatensis
415 2544 492 2597 urhis
503 2544 660 2609 constituit,
674 2550 817 2616 praecepta
827 2547 941 2600 vivendi
990 2547 1029 2600 ris
1043 2550 1091 2600 aut
1101 2545 1268 2600 mulieribus
1284 2542 1425 2615 religiosis
1438 2544 1487 2595 aut
1499 2537 1587 2605 laicis,
1600 2533 1736 2608 quamvis
1748 2530 1805 2602 qui·

127 2630 253 2694 sancivit,
269 2633 403 2701 loannes,
416 2637 510 2705 gratia
526 2638 637 2692 Domini
656 2656 687 2692 ac
704 2639 753 2693 Dei
770 2639 860 2693 nostri
874 2641 941 2694 lesu
991 2639 1113 2694 buslibet
1133 2638 1300 2710 propinquis
1316 2640 1365 2692 aut
1378 2632 1529 2700 extrancis,
1544 2628 1666 2703 potandi
1680 2623 1802 2680 licentia.

126 2722 238 2791 Christi,
254 2715 413 2798 episeopus.
991 2733 1098 2788 Sedet
1122 2737 1234 2787 tantum
1254 2731 1332 2802 ipsis,
1356 2729 1459 2801 quibus
1483 2723 1594 2798 praetati
1621 2737 1733 2788 sumus,
1755 2733 1803 2788 pro

163 2817 233 2872 Cum
247 2819 414 2890 plenissime
427 2823 512 2877 series
525 2827 631 2896 regulus
643 2826 722 2881 vohis
732 2826 894 2880 ccirrstitutm
905 2826 941 2880 vi·
991 2825 1137 2881 charitalis
1154 2825 1259 2891 osllcio,
1274 2825 1346 2878 sicut
1367 2821 1507 2877 concedat
1520 2821 1647 2872 vestram
1671 2811 1775 2867 sanctii
1792 2841 1802 2850 ·

127 2914 188 2964 ctus
202 2913 230 2964 et
244 2913 360 2968 vestitus
384 2917 552 2986 qualitatem
575 2922 603 2972 et
625 2919 816 2989 quantitatem
839 2923 940 2973 restrae
991 2924 1060 2985 tem,
1082 2919 1209 2989 pociolos
1229 2917 1331 2972 ollerro
1354 2915 1544 2987 precipimus.
1568 2912 1624 2965 llos
1649 2913 1750 2964 lamen
1778 2904 1802 2957 in

128 3003 451 3074 sanctitatiscontineal,
465 3010 593 3082 nihilque
606 3011 758 3081 indignum
772 3012 852 3078 inea,
864 3012 940 3083 quod
992 3030 1091 3067 eorum
1105 3011 1257 3083 praesentia
1267 3011 1296 3065 in
1308 3010 1441 3065 omnibus
1452 3006 1591 3061 abstinete
1608 3021 1615 3071 ;
1629 3018 1665 3056 ne
1679 3001 1703 3053 si
1719 3000 1802 3053 lieen-

129 3095 164 3149 ad
181 3098 416 3154 emendationem
430 3102 562 3156 formulae
575 3105 635 3175 ejus
649 3104 801 3175 pertineat,
813 3105 939 3159 invenia—
991 3107 1046 3160 tius
1068 3122 1132 3160 eum
1149 3105 1190 3159 eis
1214 3105 1324 3159 indulte
1341 3102 1491 3179 occasione
1507 3102 1614 3171 potatae
1638 3093 1763 3158 fueritis,
1777 3091 1802 3144 iu

128 3193 191 3254 tur,
209 3194 305 3245 tamen
322 3209 373 3263 pro
394 3195 532 3250 charitate
557 3201 585 3250 cl
606 3215 674 3251 eura
696 3198 836 3267 ejusdem,
854 3216 941 3269 quam
991 3200 1164 3254 resolutione
1177 3198 1295 3270 potandi
1307 3200 1356 3252 aut
1371 3213 1420 3250 cor
1434 3198 1559 3249 restrum
1571 3189 1721 3246 contraria
1733 3185 1803 3256 cogi·

129 3282 269 3338 Dominus
283 3286 410 3341 Ecclesiae
425 3305 482 3342 sum
496 3291 720 3357 cornmendarit,
736 3291 939 3354 admonemus,
992 3293 1061 3347 talio
1083 3291 1231 3363 subripiat,
1253 3294 1302 3345 eut
1320 3291 1402 3361 jocus
1424 3288 1560 3342 indecens
1581 3301 1636 3356 per
1657 3282 1757 3337 oeulos
1777 3283 1802 3332 et

128 3380 231 3451 utenpr
241 3383 348 3449 quanta
358 3399 509 3452 possumus
522 3384 662 3439 industria
673 3385 831 3455 vigilemus,
846 3402 881 3439 ne
893 3386 941 3439 ali·
991 3403 1083 3447 aures,
1100 3388 1128 3439 et
1136 3385 1222 3438 verba
1238 3388 1287 3439 aut
1296 3383 1452 3438 cachinnos
1466 3381 1646 3454 prorumpat.
1664 3375 1722 3431 Sed
1737 3373 1801 3428 sicul

127 3486 214 3540 quem
241 3475 420 3530 occasionem
448 3478 566 3548 antiquo
592 3478 664 3533 hosti
683 3479 860 3549 subripiendi
875 3497 939 3533 san·
991 3479 1123 3545 diximus,
1139 3479 1174 3532 ab
1196 3476 1362 3548 hujusmodi
1385 3475 1499 3531 lieentia
1515 3474 1545 3528 iu
1564 3466 1800 3527 omnibusabsli-

127 3567 204 3618 ctum
231 3584 351 3638 gregem
378 3570 596 3642 relinquamus3
622 3573 761 3643 nullisque
781 3573 877 3626 tuturo
893 3573 939 3642 jn·
992 3577 1102 3638 nentes,
1122 3575 1150 3626 et
1172 3589 1223 3643 per
1236 3571 1342 3642 gradus
1364 3569 1492 3640 singulos
1514 3567 1623 3638 regulae
1647 3563 1801 3618 constitute

128 3655 203 3710 dicio
223 3676 342 3715 censura
363 3680 414 3732 pre
442 3665 564 3735 torporis
588 3666 766 3735 negligentia
783 3666 940 3736 justissime
951 3643 978 3717 C
991 3666 1183 3733 ambulantes,
1197 3666 1262 3718 vitus
1276 3663 1423 3735 praesentis
1437 3677 1549 3716 cursum
1561 3658 1686 3714 feliciter
1697 3656 1801 3728 gradia-

128 3749 294 3821 inleratur3
323 3755 417 3824 aliqua
453 3761 553 3811 restrae
589 3759 732 3813 sanctitati
762 3759 940 3826 addicimus,
990 3759 1197 3823 mini;elrita²
1211 3763 1324 3812 aterne
1337 3756 1499 3812 mensiones
1510 3753 1703 3825 permissione
1717 3748 1802 3805 Domi-

128 3858 179 3911 per
212 3861 286 3913 quer,
316 3852 345 3900 nt
378 3848 458 3901 nobis
490 3850 618 3915 videtur,
646 3852 742 3905 liberis
779 3853 939 3921 gressibus,
991 3853 1018 3906 ni
1034 3852 1123 3907 nostri
1136 3853 1201 3906 lesu
1216 3851 1319 3907 Christi
1333 3849 1446 3921 ingredi
1465 3847 1618 3904 festinetis.
1638 3845 1724 3910 Quod
1748 3846 1801 3915 ipsc

130 3935 271 4005 nullisque
322 3940 565 4010 praepedientibus
620 3945 814 3999 occasionibus
867 3946 942 3998 inter
991 3950 1125 4017 praestare
1140 3945 1285 4016 dignetur,
1299 3945 1349 4016 qui
1364 3960 1429 3998 cum
1442 3944 1524 3998 Patre
1539 3945 1567 3996 el
1581 3940 1694 4011 Spiritu
1712 3942 1802 3992 sancto

130 4027 222 4098 [sorte
256 4029 331 4102 iter]
359 4033 480 4087 coelestis
512 4036 693 4103 Jerusalem,
731 4038 842 4092 Christo
885 4039 940 4091 Do-
992 4056 1065 4093 unus
1077 4040 1148 4092 Deus
1163 4037 1469 4109 permenelasaeeulis,
1485 4052 1535 4106 per
1549 4034 1665 4100 saecula,
1679 4033 1711 4088 in
1724 4048 1802 4086 saecu-

129 4121 209 4176 mino
238 4124 409 4194 praeviante,
435 4126 567 4182 incedere
601 4130 727 4184 valeatis.
760 4131 942 4201 Praecipinms
992 4132 1213 4186 lasreeulorum.

830 4431 932 4473 EODEM
954 4431 1107 4474 TEMPORE.

684 4538 1253 4768 loannes,

482 4813 1088 5010 excLAnthxs
1127 4814 1450 4934 ABBAS.

723 4971 892 5052 (Gallend.
909 4973 1062 5037 Bibliotl.
1082 4981 1104 5036 t.
1121 4975 1215 5056 XII.)

838 5205 1087 5299 NOTITIA.

166 5420 184 5473 l.
199 5421 333 5485 loannes,
349 5422 446 5475 Gothis
460 5425 607 5494 oriundus,
619 5426 730 5482 Scalabi
746 5428 774 5480 in
789 5425 943 5480 Lusitania
994 5428 1121 5498 nopolim
1134 5426 1268 5497 perrexit,
1282 5427 1379 5498 ibique
1389 5427 1486 5482 Groeca
1496 5431 1525 5480 et
1533 5426 1636 5481 Latina
1645 5426 1804 5481 eruditione

131 5512 276 5583 provincia
292 5518 385 5567 ortum
405 5514 492 5569 duxit.
509 5519 547 5571 De
571 5537 604 5573 eo
619 5520 679 5572 lime
696 5521 819 5575 lsiderus
843 5519 941 5589 llispa·
994 5521 1125 5588 nutritus,
1142 5524 1207 5594 post
1220 5520 1320 5576 decem
1335 5526 1363 5575 et
1382 5524 1492 5591 septem
1514 5536 1607 5575 annos
1626 5520 1658 5574 in
1675 5519 1805 5592 Hispania

132 5611 283 5682 lensislol:
300 5631 313 5664 «
331 5613 380 5667 llic
402 5630 467 5668 curn
493 5619 567 5666 esset
588 5616 764 5684 adolescens,
780 5617 941 5673 Constanti·
993 5631 1123 5669 reversus
1134 5618 1177 5669 est
1188 5615 1503 5686 eodemtemporequo,
1517 5613 1806 5685 incitenteregebeu·

169 5762 204 5832 lo)
217 5763 278 5817 lsid.
296 5764 383 5836 hisp,
399 5764 436 5819 lib
451 5764 486 5818 de
501 5763 556 5819 Vir.
570 5762 682 5832 illustr,
696 5782 757 5836 cap.
775 5770 817 5820 al.
