3884 6150
97 332 140 388 ut
662 325 815 385 VETERES
832 325 977 385 thANltE
994 325 1203 385 adsuetum.
1722 323 1774 387 tlt

97 454 117 496 n
130 436 240 495 litaniis
253 432 416 510 Angliccnis
428 432 565 492 omissum
577 432 663 492 fuisse
674 450 856 507 nequaquam
867 432 1019 493 verisimile
1033 438 1085 492 est.
1098 437 1135 491 At
1146 432 1219 491 nihil
1231 436 1305 490 vetat
1319 431 1510 507 Augustinum
1529 433 1607 494 hunc
1618 436 1722 496 seculo
1735 455 1774 497 ru

97 544 118 585 n
133 527 258 601 publicis
272 526 378 584 litamis
389 527 464 600 apud
477 527 626 600 plerasque
640 524 799 597 Anglorum
814 524 948 581 Ecclesiae
961 525 1123 582 invocatum
1135 525 1231 596 titisse,
1242 522 1355 580 tametsi
1367 524 1481 582 nullum
1495 526 1557 598 ejus
1568 526 1610 584 rei
1627 528 1774 587 decretam

97 616 289 675 recessisses.
304 615 348 672 Sic
362 615 439 673 enim
451 615 481 671 in
500 614 631 672 Ecclesiae
648 614 750 671 ritibus
768 615 930 672 usuvenire
950 614 1030 686 solet,
1044 620 1077 671 ut
1090 615 1169 688 quod
1182 614 1261 688 prius
1273 613 1305 670 iu
1318 613 1488 687 quibusdam
1500 617 1631 674 Ecclesiis
1651 636 1773 694 usurpa-

97 725 150 767 um
168 712 222 778 est,
239 706 384 765 communi
398 705 464 762 dein
484 705 682 779 episcoporum
700 705 814 762 decreto
835 704 1029 776 confirmetur,
1043 705 1153 778 totique
1165 704 1217 761 uni
1233 703 1387 778 provincie
1404 705 1461 763 sive
1480 722 1570 780 regno
1587 709 1772 783 approbetur,

97 798 219 871 leuique
232 797 319 854 etism
332 795 471 870 permisso
484 795 561 852 hunc
582 795 742 868 Augustino
766 796 862 852 locum
875 796 905 851 in
918 794 1073 868 premissis
1085 794 1189 853 litaniis
1201 795 1343 851 tributum
1354 794 1441 851 fuisse
1454 796 1490 852 ob
1503 797 1649 854 decretum
1662 798 1773 854 aoncilii

97 887 341 958 :loveshoviensis
354 902 461 959 repono
473 885 502 943 id
513 885 586 941 nihil
601 884 750 942 detrihere
764 886 931 942 earumdem
951 885 1115 944 litaniarum
1133 884 1304 958 antiquitati,
1323 888 1409 957 pmut
1426 902 1444 941 a
1461 902 1508 942 me
1520 887 1651 959 superius
1665 891 1773 946 asserta

97 983 137 1036 st.
152 979 228 1036 Cum
242 978 320 1035 enim
331 976 452 1049 scriptor
463 975 644 1032 amanuensis
656 978 765 1034 veteres
777 975 889 1032 litanias
901 975 1004 1036 seculo
1015 991 1053 1031 vu
1068 975 1184 1031 usitatas
1201 975 1362 1048 paulopost
1375 975 1527 1035 concilium
1539 976 1772 1034 uloveshovicnsc
1894 1008 1898 1013 -

97 1068 273 1139 inscriberet,
288 1067 329 1124 nil
341 1065 448 1122 mirum
457 1066 481 1122 si
493 1064 686 1138 Augustinum
699 1070 762 1138 post
773 1065 941 1139 Gregorium
952 1064 1115 1136 inseruerit,
1126 1064 1238 1120 concilii
1249 1068 1353 1121 statuto
1365 1065 1418 1122 hac
1426 1064 1457 1122 in
1466 1081 1498 1122 re
1507 1065 1665 1123 obsecutus.
1675 1067 1773 1139 Neque

97 1174 137 1215 rer
149 1161 194 1215 est
205 1157 278 1213 ratio
292 1157 327 1214 de
340 1157 506 1225 Cuthberto‚
526 1156 652 1229 aliisque
665 1155 864 1212 celebrioribus
877 1156 979 1212 sanctis
991 1153 1122 1227 superius
1134 1154 1253 1210 laudatis
1267 1170 1273 1210 :
1289 1153 1339 1228 qui
1351 1154 1403 1212 etsi
1414 1155 1528 1229 publico
1540 1159 1603 1213 tum
1620 1156 1699 1213 cultu
1718 1156 1771 1212 ho-

97 1252 270 1316 romrentur,
283 1247 363 1303 nulla
373 1250 470 1303 tumen
481 1246 645 1319 Anglicane
658 1237 786 1302 Ecclesie
797 1247 844 1303 lex
857 1246 1046 1320 excriptcrem
1057 1243 1154 1318 adegit
1170 1248 1203 1301 ut
1215 1244 1332 1302 vetustis
1351 1259 1384 1301 ac
1399 1245 1512 1318 pridem
1528 1245 1648 1319 receptis
1665 1244 1771 1303 litaniis
1845 1239 1852 1253 '

97 1338 260 1395 scentiores
272 1339 382 1393 sanctos
394 1352 446 1408 pro
456 1334 572 1393 arbitrio
585 1351 636 1391 suo
649 1335 812 1392 ascriberet.

118 1436 163 1492 Ex
176 1434 222 1491 his
239 1451 325 1507 porro
337 1433 545 1490 validissimum
564 1437 767 1507 argumentum
788 1449 841 1506 pro
863 1432 1052 1490 Benedictine
1067 1433 1173 1506 regule
1185 1431 1216 1489 in
1231 1432 1334 1506 Anglia
1351 1433 1565 1507 propagatione,
1579 1450 1645 1508 que
1659 1433 1772 1491 invictis

97 1524 201 1580 liunde
215 1524 383 1580 testimoniis
396 1525 589 1580 demonstrata
603 1526 656 1594 est,
673 1523 791 1579 deduco.
801 1521 947 1595 Siquidem
960 1523 991 1579 in
1004 1522 1124 1596 publicis
1138 1522 1300 1596 Anglicene
1312 1523 1444 1580 Ecclesie
1458 1522 1563 1580 litaniis
1575 1539 1649 1581 uuus
1662 1539 1697 1581 ex
1709 1540 1772 1580 oru-

97 1612 168 1670 ribus
181 1613 345 1669 monastice
360 1613 424 1669 vite
437 1613 645 1669 institutoribus
657 1612 759 1669 sanctis
773 1612 908 1669 laudatur
922 1612 1100 1689 Benedictus,
1116 1629 1175 1669 non
1187 1612 1336 1684 Antonius,
1350 1630 1409 1669 non
1422 1613 1601 1685 Pachomius,
1618 1630 1677 1671 non
1692 1614 1770 1671 Basi-

97 1703 148 1771 lus,
161 1719 223 1759 non
234 1702 417 1774 Augustinus,
431 1719 492 1758 non
504 1701 653 1773 cesarius,
666 1719 725 1759 non
739 1701 886 1775 Equitius,
902 1718 962 1758 non
970 1702 1151 1773 Aurelianus,
1165 1719 1225 1758 non
1236 1702 1360 1776 denique
1369 1703 1570 1760 Columbanus.
1584 1704 1662 1762 Unde
1674 1720 1771 1762 conse-

97 1807 176 1866 quens
191 1798 245 1861 est,
259 1792 360 1849 seculo
373 1809 412 1848 ru
425 1792 571 1849 desinente
584 1792 649 1849 vite
662 1792 826 1849 monastice
840 1792 1021 1848 fundatorem
1029 1792 1105 1864 apud
1118 1792 1224 1864 Anglos
1236 1809 1329 1849 unum
1340 1792 1464 1849 audiisse
1482 1792 1675 1863 Benedictum,
1689 1793 1771 1866 cujus
1837 1806 1840 1810 ’

97 1897 191 1955 tempe
204 1884 334 1955 regulam
344 1882 520 1955 Augustinus
530 1882 560 1937 in
570 1899 634 1939 eam
647 1882 767 1938 insulam
782 1882 937 1938 invexerat.
952 1880 1065 1938 Accedit
1074 1882 1150 1954 quod
1161 1881 1190 1937 in
1202 1882 1283 1938 dictis
1292 1882 1396 1938 litaniis
1406 1882 1495 1938 sancti
1508 1882 1651 1939 Benedicti
1664 1898 1771 1938 nomen

97 1971 128 2030 tis
138 1972 232 2045 repeti
244 1972 447 2043 prescribitur,
469 1989 574 2046 magna
597 1989 664 2030 sane
679 1972 831 2045 singularis
845 1972 964 2029 honoris
982 1989 1015 2030 ac
1034 1971 1223 2028 venerationis
1236 1973 1423 2046 prerogativa,
1438 1989 1503 2046 que
1516 1971 1588 2029 nulli
1600 1970 1648 2028 elii
1659 1974 1767 2041 sancto,

97 2067 278 2134 rreterquam
290 2066 385 2118 sancto
400 2063 544 2135 Stephano
558 2067 586 2119 et
596 2063 686 2119 beate
700 2062 792 2118 llarie
804 2062 909 2136 virgini
920 2078 1011 2135 usque
1024 2062 1109 2118 tertio
1120 2062 1241 2118 laudate
1254 2078 1384 2118 concessa
1399 2066 1451 2118 est.
1467 2061 1516 2118 liic
1525 2078 1592 2118 vero
1604 2065 1664 2119 tam
1674 2061 1772 2133 singu.

97 2149 150 2208 uris
162 2151 253 2207 sancti
266 2150 408 2209 Benedicti
421 2152 498 2224 apud
514 2152 620 2224 Anglos
639 2152 732 2208 cultus
746 2151 806 2208 sine
817 2151 903 2209 dubio
917 2151 1054 2226 processit
1065 2167 1099 2208 ex
1111 2151 1356 2208 commendatione
1374 2154 1434 2208 tam
1446 2151 1584 2224 Gregorii,
1606 2168 1694 2226 quam
1706 2152 1765 2208 Au-

97 2240 206 2316 gustini,
219 2240 269 2315 qui
283 2242 367 2298 ambo
382 2247 511 2298 sanctum
526 2243 709 2299 Benedictum
723 2247 929 2317 preceptorem
944 2258 976 2299 cc
988 2241 1181 2300 institutorem
1193 2258 1278 2299 suum
1288 2245 1466 2314 venerantes,
1480 2241 1615 2300 eumdem
1629 2240 1682 2298 sibi
1695 2241 1766 2298 sub-

97 2330 152 2388 litis
164 2329 296 2387 affectum
311 2330 495 2403 inspiranmt.

120 2431 219 2502 Neque
232 2429 287 2485 dici
299 2433 392 2502 potest
406 2429 599 2503 Augustinum
616 2431 671 2487 alia
683 2448 771 2504 qnam
782 2431 870 2488 sancti
885 2429 1027 2488 Benedicti
1039 2430 1139 2504 regula
1153 2429 1185 2486 in
1196 2429 1346 2487 Andreano
1360 2429 1487 2504 Gregorii
1498 2428 1769 2488 coenobiointorma-

97 2536 147 2577 um
160 2519 260 2588 tuisse,
280 2520 328 2575 sed
345 2524 443 2576 tamen
461 2520 488 2576 ei
508 2521 544 2576 ad
561 2522 669 2594 Auglos
693 2521 723 2578 in
743 2521 917 2577 Britanniam
928 2520 1045 2577 abeunti
1067 2519 1236 2592 Gregorium
1253 2520 1457 2593 praescripsisse
1474 2524 1507 2576 ut
1518 2520 1609 2577 sancti
1623 2520 1768 2577 Benedicti

97 2610 216 2683 egulnm
228 2610 261 2670 iu
275 2610 452 2666 monasteriis
471 2609 641 2668 institueret.
660 2612 732 2667 Nam
749 2615 941 2684 preterquam
953 2610 1031 2683 quod
1043 2610 1097 2667 hoc
1108 2609 1195 2682 gratis
1206 2614 1234 2667 ct
1246 2609 1306 2666 sine
1317 2610 1504 2668 fundamento
1517 2610 1716 2680 adduceretur,
1734 2626 1768 2665 ac

97 2699 210 2756 saturali
230 2699 426 2756 consecutione
448 2699 577 2772 legitime
591 2700 691 2757 inferri
713 2701 814 2757 deheat
834 2700 1025 2773 Augustinum
1047 2716 1104 2756 non
1119 2700 1283 2756 secundum
1303 2699 1389 2757 uliam
1412 2717 1499 2773 quam
1519 2715 1584 2772 que
1603 2699 1639 2755 ub
1655 2697 1767 2771 ipso'in

97 2789 187 2862 tnglis
196 2792 353 2861 propagata
362 2792 404 2845 est
416 2791 546 2861 regulam
557 2789 723 2846 incaenobio
733 2789 908 2863 Gregoriano
916 2788 1028 2860 vixisse,
1036 2788 1250 2861 illudpreterca
1259 2789 1313 2844 hoc
1321 2793 1490 2862 argumento
1497 2787 1667 2844 validissime
1676 2786 1768 2844 revin-

97 2878 168 2947 itur,
183 2879 261 2951 quod
275 2881 298 2934 si
310 2879 426 2935 aliume
443 2884 537 2936 sancto
552 2880 703 2937 Benedicto
719 2881 784 2937 rite
803 2880 940 2953 religiono
958 2879 1154 2936 institutorem
1165 2881 1263 2936 Rome
1276 2879 1422 2935 habuisset
1435 2879 1622 2951 Augustinus.
1636 2877 1764 2949 ejusdem

97 2971 128 3036 nt
138 2968 182 3040 tlt)
198 2968 306 3025 cultum
317 2985 349 3024 ec
358 2969 570 3026 venerationem
579 2970 665 3026 etiam
677 2971 754 3043 apud
761 2970 866 3044 Anglos
878 2987 936 3027 non
944 2969 1124 3042 neglexisset.
1137 2970 1218 3035 Quod
1226 2972 1306 3041 puto,
1316 2968 1398 3025 facile
1411 2968 1568 3024 concedant
1579 2966 1655 3039 equi
1667 2981 1766 3022 rerum

97 3057 279 3114 aetimatores.
294 3059 366 3115 Cum
379 3075 448 3132 ergo
454 3059 529 3116 inter
537 3060 602 3116 rite
610 3061 775 3117 monastice
785 3064 914 3117 auctores
921 3059 1104 3116 uniussancti
1114 3058 1256 3116 Benedicti
1269 3059 1377 3115 cultum
1385 3057 1548 3130 Anglicanis
1557 3056 1686 3113 Ecclesiis
1694 3071 1766 3128 pre·

97 3145 238 3219 cripserit,
258 3148 301 3204 uti
328 3161 357 3205 et
377 3149 507 3221 regulam
523 3149 710 3218 monasteriis,
724 3149 819 3206 nullus
833 3149 897 3221 J'am
909 3149 1077 3206 dubitationi
1088 3148 1165 3204 locus
1176 3147 1349 3221 relinquitur
1361 3163 1428 3204 eum
1440 3147 1492 3202 sub
1505 3146 1605 3203 eadem
1623 3144 1766 3201 Benedicti

97 3237 186 3309 egula
198 3238 296 3293 Bome
307 3238 378 3295 duce
392 3238 527 3312 Gregorio
535 3239 680 3296 militasse.
690 3241 755 3296 Bec
769 3239 899 3310 dixerim,
913 3256 973 3296 non
985 3239 1081 3296 animo
1094 3237 1243 3295 revocandi
1254 3236 1472 3293 contmversiam
1479 3236 1541 3308 jam
1553 3235 1620 3292 satis
1628 3235 1690 3292 fuse
1702 3235 1764 3308 agi·

97 3330 180 3397 atam,
196 3327 247 3382 sed
260 3327 419 3384 illustrandi
432 3334 635 3401 argumentum
644 3329 721 3402 quod
735 3345 770 3386 ex
781 3329 828 3386 his
840 3329 946 3386 litaniis
960 3328 1084 3387 stulctius
1095 3345 1129 3385 ac
1141 3327 1256 3384 brevius
1268 3326 1299 3383 in
1312 3325 1506 3382 dissertatione
1516 3341 1581 3381 mea
1593 3325 1720 3396 exposui.

119 3425 157 3481 lle
176 3424 241 3480 aliis
257 3426 369 3497 uncta,
390 3426 440 3499 qui
457 3427 488 3482 in
505 3426 550 3483 his
566 3426 671 3484 litaniis
687 3433 893 3496 memorantur,
912 3427 1055 3500 plerisque
1074 3427 1134 3484 lere
1153 3426 1268 3500 ignotis,
1283 3425 1366 3498 plum
1377 3423 1425 3479 hic
1446 3423 1593 3478 observare
1605 3437 1663 3478 non
1672 3424 1762 3477 vacat.

97 3512 155 3569 lllud
167 3518 281 3571 tantum
290 3515 415 3583 adverto,
428 3517 625 3590 columcillum
637 3534 703 3574 eum
716 3533 786 3589 esse,
802 3517 852 3590 qui
863 3517 999 3574 Columba
1010 3517 1167 3575 lliiensium
1179 3516 1266 3572 abbas
1286 3514 1350 3583 tuit,
1366 3518 1394 3569 ct
1414 3517 1540 3568 sanctam
1557 3512 1743 3584 Margaretam
1755 3551 1763 3580 ,

97 3602 162 3674 :qius
173 3604 206 3660 in
218 3603 263 3660 his
272 3605 399 3677 partibus
413 3622 471 3662 non
482 3607 552 3663 adeo
566 3607 683 3681 antiqua
694 3607 835 3665 memoria
847 3606 1005 3677 videbatur,
1018 3606 1049 3663 in
1062 3606 1215 3680 premissis
1225 3605 1330 3661 litani'n
1344 3604 1439 3660 locum
1450 3601 1566 3659 habere.

186 3908 593 4043 VETERES
659 3913 1054 4046 LITANIAE
1116 3907 1660 4076 ANGLICANAE
1782 4067 1785 4070 ,

676 4107 704 4171 A
733 4105 855 4204 uruca
884 4104 1005 4172 muts
1035 4103 1175 4172 sustu.

757 4224 943 4300 (sauro.
958 4224 1089 4299 noea.)

97 4445 104 4500 i
137 4442 176 4527 je,
190 4444 305 4528 eleison.
665 4450 693 4507 S.
713 4447 836 4518 Andros,
1130 4451 1196 4506 Ora.
1230 4449 1258 4506 S.
1277 4446 1349 4528 Tite,

196 4517 334 4585 ,eleisum
665 4521 693 4578 S.
713 4520 824 4588 Iacobo,
1130 4521 1196 4576 0ra.
1229 4519 1258 4576 S.
1276 4517 1431 4597 Phrlrmon,

97 4587 358 4658 hriste,sudinos.
665 4593 693 4649 S.
713 4592 844 4662 loannes,
1131 4592 1196 4647 Ora.
1230 4591 1257 4648 S.
1277 4590 1415 4659 Clemens,

97 4666 205 4738 hriste,
221 4669 362 4725 audinus.
666 4664 694 4721 S.
714 4662 832 4732 Thomu,
1130 4663 1196 4718 Ora.
1230 4661 1296 4718 S.S
1334 4665 1374 4728 te,
1440 4732 1444 4739 1

97 4737 360 4806 ¹‚bricteaudinos
666 4734 694 4791 S.
713 4733 823 4813 lacobe,
1131 4734 1196 4790 Ora.
1231 4733 1262 4790 S.
1303 4731 1369 4801 elix,
1402 4801 1408 4813 .

97 4810 290 4882 multans,
306 4827 416 4883 orepro
429 4811 521 4870 nobis.
665 4806 693 4863 8.
711 4805 850 4877 Philippo,
1133 4805 1197 4861 Ora.
1231 4804 1258 4861 S.
1277 4803 1421 4886 laurenti,

97 4880 186 4937 'nucia
198 4881 292 4953 Baria,
564 4883 631 4940 Ora.
666 4877 694 4933 S.
712 4876 932 4948 Bartholomen,
1133 4876 1197 4932 Ora.
1231 4874 1259 4931 S.
1278 4873 1400 4938 Gorneh‚

97 4951 292 5017 ¹arsctaliaria,
567 4954 633 5012 Ora.
667 4948 694 5004 S.
714 4946 858 5018 ltattheu,
1131 4946 1197 5002 Ora.
1232 4945 1299 5002 S.G
1338 4944 1430 5011 riam,

271 5046 309 5100 D,
326 5044 441 5115 ,maest-3·
666 5019 694 5075 8.
714 5018 795 5089 tuda,
1131 5017 1197 5074 Ora.
1231 5016 1259 5074 S.
1333 5015 1451 5098 estisne,

97 5132 185 5187 uncte
198 5130 557 5205 ldichuel,orepronobis.
666 5088 694 5216 ξ
714 5088 851 5216 fflffiffa’
1130 5089 1197 5216 32·
1229 5088 1259 5216 ξ
1277 5088 1401 5214 grem·

97 5206 184 5258 ‘³⁰¹⁶
197 5201 309 5259 Gabriel
566 5202 632 5260 om·
667 5202 770 5287 Omnes
789 5202 878 5286 saucii
895 5228 975 5287 chori
992 5201 1196 5303 apostolorum,
1230 5199 1259 5287 S:
1279 5198 1418 5299 Vincenti,

97 5245 370 5401 maignhcatii'cn
408 5344 425 5400 l'
565 5273 632 5330 ΟΜ
702 5302 947 5376 ⁰f⁸t³llr⁰¹¹⁰bi⁸·
1229 5301 1258 5357 s·
1278 5299 1392 5382 ⁶9⁰r3i'·

180 5415 186 5426 ,
372 5360 438 5417 ger,
474 5347 551 5423 orate
580 5362 634 5419 pro
1231 5371 1261 5428 S.
1280 5372 1405 5452 Bronpu,

116 5414 202 5471 nohis
809 5423 846 5478 De
861 5418 1039 5490 martyribus.
1230 5443 1259 5498 s·
1277 5443 1402 5512 naum,

97 5487 635 5618 mutiuluut...⁰ttz
666 5517 927 5646 sappirum
940 5516 1069 5589 tte*
1083 5531 1136 5589 ¹³⁰
1150 5532 1199 5572 ¹¹*
1231 5513 1260 5641 ἓξ
1279 5513 1411 5654 tris,

116 5631 368 5701 ‘mmmmm’
540 5631 633 5687 orate·
666 5665 695 5720 S.
714 5662 798 5730 Luca,
1133 5658 1197 5714 Ora.
1232 5655 1260 5712 S.
1279 5656 1374 5726 Paule,

145 5752 155 5759 -
263 5725 300 5780 Be
317 5723 456 5796 apostolia.
668 5733 696 5791 S.
715 5733 819 5799 Marce,
1132 5728 1197 5784 Ora.
1231 5726 1260 5783 S.
1281 5726 1432 5783 Donatiane

97 5816 184 5869 uncte
196 5815 289 5888 Petne,
303 5812 520 5891 orapronobis.
667 5807 695 5862 S·
715 5803 853 5886 Bernaba.
1133 5799 1198 5857 Ora·
1232 5798 1261 5857 S·
1281 5769 1445 5879 Rogatiane',

97 5885 223 5958 cl'aule,
568 5882 634 5943 Ora.
667 5878 696 5938 S.
715 5876 888 5948 timothea,
1133 5871 1199 5932 Ore.
1232 5869 1264 5929 8.
1282 5871 1435 5946 Agtutauu,
