<?xml version="1.0" encoding="UTF-8"?>
<!DOCTYPE html PUBLIC "-//W3C//DTD XHTML 1.0 Transitional//EN"
    "http://www.w3.org/TR/xhtml1/DTD/xhtml1-transitional.dtd">
<html xmlns="http://www.w3.org/1999/xhtml" xml:lang="en" lang="en">
 <head>
  <title>
</title>
<meta http-equiv="Content-Type" content="text/html;charset=utf-8" />
  <meta name='ocr-system' content='tesseract 3.04.00' />
  <meta name='ocr-capabilities' content='ocr_page ocr_carea ocr_par ocr_line ocrx_word'/>
</head>
<body>
  <div class='ocr_page' id='page_1' title='image "./patrologiaecurs00migngoog/patrologiaecurs00migngoog_0531.png"; bbox 0 0 3884 6150; ppageno 0'>
   <div class='ocr_carea' id='block_1_1' title="bbox 119 245 1810 5856">
    <p class='ocr_par' dir='ltr' id='par_1_1' title="bbox 119 245 1810 5856">
     <span class='ocr_line' id='line_1_1' title="bbox 136 245 1808 313; baseline 0.008 -7"><span class='ocrx_word' id='word_1_1' title='bbox 136 245 198 306; x_wconf 80' lang='lat' dir='ltr'><strong>last</strong></span> <span class='ocrx_word' id='word_1_2' title='bbox 705 253 830 310; x_wconf 77' lang='lat' dir='ltr'><strong>sacru</strong></span> <span class='ocrx_word' id='word_1_3' title='bbox 849 253 944 310; x_wconf 80' lang='lat' dir='ltr'><strong>seua</strong></span> <span class='ocrx_word' id='word_1_4' title='bbox 964 253 1240 313; x_wconf 72' lang='lat' dir='ltr'><strong>sutauaum‘mu.</strong></span> <span class='ocrx_word' id='word_1_5' title='bbox 1744 249 1808 310; x_wconf 73' lang='lat' dir='ltr'><strong>titt</strong></span> 
     </span>
     <span class='ocr_line' id='line_1_2' title="bbox 133 359 1809 447; baseline 0.002 -35"><span class='ocrx_word' id='word_1_6' title='bbox 133 359 272 427; x_wconf 91' lang='lat' dir='ltr'><strong>cedimus,</strong></span> <span class='ocrx_word' id='word_1_7' title='bbox 292 377 384 433; x_wconf 86' lang='lat' dir='ltr'><strong>neque</strong></span> <span class='ocrx_word' id='word_1_8' title='bbox 405 359 442 417; x_wconf 90' lang='lat' dir='ltr'><strong>ad</strong></span> <span class='ocrx_word' id='word_1_9' title='bbox 454 359 566 418; x_wconf 87' lang='lat' dir='ltr'><strong>civilem</strong></span> <span class='ocrx_word' id='word_1_10' title='bbox 579 363 853 420; x_wconf 70' lang='lat' dir='ltr'><strong>administrationem</strong></span> <span class='ocrx_word' id='word_1_11' title='bbox 868 381 944 419; x_wconf 87' lang='lat' dir='ltr'><strong>acca·</strong></span> <span class='ocrx_word' id='word_1_12' title='bbox 954 372 984 447; x_wconf 67' lang='grc' dir='ltr'>Α</span> <span class='ocrx_word' id='word_1_13' title='bbox 994 363 1107 419; x_wconf 88' lang='lat' dir='ltr'><strong>licentia</strong></span> <span class='ocrx_word' id='word_1_14' title='bbox 1120 365 1157 419; x_wconf 90' lang='lat' dir='ltr'><strong>sit</strong></span> <span class='ocrx_word' id='word_1_15' title='bbox 1171 365 1199 420; x_wconf 93' lang='lat' dir='ltr'><strong>in</strong></span> <span class='ocrx_word' id='word_1_16' title='bbox 1211 381 1312 421; x_wconf 90' lang='lat' dir='ltr'><strong>eorum</strong></span> <span class='ocrx_word' id='word_1_17' title='bbox 1325 363 1480 436; x_wconf 82' lang='lat' dir='ltr'><strong>synagogis</strong></span> <span class='ocrx_word' id='word_1_18' title='bbox 1489 365 1587 420; x_wconf 81' lang='lat' dir='ltr'><strong>Grsaca</strong></span> <span class='ocrx_word' id='word_1_19' title='bbox 1599 359 1691 418; x_wconf 89' lang='lat' dir='ltr'><strong>etiam</strong></span> <span class='ocrx_word' id='word_1_20' title='bbox 1701 360 1809 433; x_wconf 82' lang='lat' dir='ltr'><strong>lingua,</strong></span> 
     </span>
     <span class='ocr_line' id='line_1_3' title="bbox 133 451 1808 531; baseline 0.002 -25"><span class='ocrx_word' id='word_1_21' title='bbox 133 451 212 520; x_wconf 89' lang='lat' dir='ltr'><strong>dere,</strong></span> <span class='ocrx_word' id='word_1_22' title='bbox 229 471 321 526; x_wconf 90' lang='lat' dir='ltr'><strong>neque</strong></span> <span class='ocrx_word' id='word_1_23' title='bbox 336 457 478 526; x_wconf 91' lang='lat' dir='ltr'><strong>postulare</strong></span> <span class='ocrx_word' id='word_1_24' title='bbox 487 456 516 511; x_wconf 90' lang='lat' dir='ltr'><strong>in</strong></span> <span class='ocrx_word' id='word_1_25' title='bbox 525 457 643 528; x_wconf 86' lang='lat' dir='ltr'><strong>jndicio,</strong></span> <span class='ocrx_word' id='word_1_26' title='bbox 659 463 903 531; x_wconf 88' lang='lat' dir='ltr'><strong>aequepostramo</strong></span> <span class='ocrx_word' id='word_1_27' title='bbox 914 459 942 512; x_wconf 92' lang='lat' dir='ltr'><strong>in</strong></span> <span class='ocrx_word' id='word_1_28' title='bbox 994 456 1121 529; x_wconf 84' lang='lat' dir='ltr'><strong>itemque</strong></span> <span class='ocrx_word' id='word_1_29' title='bbox 1135 459 1228 529; x_wconf 90' lang='lat' dir='ltr'><strong>patria</strong></span> <span class='ocrx_word' id='word_1_30' title='bbox 1242 476 1275 514; x_wconf 89' lang='lat' dir='ltr'><strong>sc</strong></span> <span class='ocrx_word' id='word_1_31' title='bbox 1284 460 1369 527; x_wconf 82' lang='lat' dir='ltr'><strong>forte,</strong></span> <span class='ocrx_word' id='word_1_32' title='bbox 1380 476 1487 531; x_wconf 80' lang='lat' dir='ltr'><strong>nempe</strong></span> <span class='ocrx_word' id='word_1_33' title='bbox 1500 459 1607 525; x_wconf 84' lang='lat' dir='ltr'><strong>ltaliae,</strong></span> <span class='ocrx_word' id='word_1_34' title='bbox 1620 459 1808 526; x_wconf 88' lang='lat' dir='ltr'><strong>autquacun·</strong></span> 
     </span>
     <span class='ocr_line' id='line_1_4' title="bbox 131 547 1810 624; baseline -0.001 -22"><span class='ocrx_word' id='word_1_35' title='bbox 131 549 306 603; x_wconf 79' lang='lat' dir='ltr'><strong>consortium</strong></span> <span class='ocrx_word' id='word_1_36' title='bbox 315 549 566 606; x_wconf 75' lang='lat' dir='ltr'><strong>disertissimorum</strong></span> <span class='ocrx_word' id='word_1_37' title='bbox 575 552 943 624; x_wconf 85' lang='lat' dir='ltr'><strong>assumirhetorum,naqnc</strong></span> <span class='ocrx_word' id='word_1_38' title='bbox 992 566 1049 621; x_wconf 90' lang='lat' dir='ltr'><strong>quc</strong></span> <span class='ocrx_word' id='word_1_39' title='bbox 1061 551 1117 605; x_wconf 88' lang='lat' dir='ltr'><strong>alia</strong></span> <span class='ocrx_word' id='word_1_40' title='bbox 1127 568 1179 621; x_wconf 92' lang='lat' dir='ltr'><strong>pro</strong></span> <span class='ocrx_word' id='word_1_41' title='bbox 1189 552 1244 608; x_wconf 91' lang='lat' dir='ltr'><strong>loci</strong></span> <span class='ocrx_word' id='word_1_42' title='bbox 1252 552 1365 608; x_wconf 88' lang='lat' dir='ltr'><strong>ratione</strong></span> <span class='ocrx_word' id='word_1_43' title='bbox 1375 556 1487 609; x_wconf 85' lang='lat' dir='ltr'><strong>mutata</strong></span> <span class='ocrx_word' id='word_1_44' title='bbox 1497 553 1606 623; x_wconf 85' lang='lat' dir='ltr'><strong>lingua,</strong></span> <span class='ocrx_word' id='word_1_45' title='bbox 1616 564 1715 604; x_wconf 84' lang='lat' dir='ltr'><strong>sacros</strong></span> <span class='ocrx_word' id='word_1_46' title='bbox 1723 547 1810 602; x_wconf 86' lang='lat' dir='ltr'><strong>libms</strong></span> 
     </span>
     <span class='ocr_line' id='line_1_5' title="bbox 131 640 1810 718; baseline 0.001 -24"><span class='ocrx_word' id='word_1_47' title='bbox 131 640 328 696; x_wconf 86' lang='lat' dir='ltr'><strong>adolescentes</strong></span> <span class='ocrx_word' id='word_1_48' title='bbox 342 643 501 700; x_wconf 85' lang='lat' dir='ltr'><strong>instituere.</strong></span> <span class='ocrx_word' id='word_1_49' title='bbox 519 645 575 701; x_wconf 88' lang='lat' dir='ltr'><strong>Sed</strong></span> <span class='ocrx_word' id='word_1_50' title='bbox 589 650 617 701; x_wconf 88' lang='lat' dir='ltr'><strong>et</strong></span> <span class='ocrx_word' id='word_1_51' title='bbox 626 647 649 700; x_wconf 91' lang='lat' dir='ltr'><strong>si</strong></span> <span class='ocrx_word' id='word_1_52' title='bbox 665 647 713 718; x_wconf 93' lang='lat' dir='ltr'><strong>qui</strong></span> <span class='ocrx_word' id='word_1_53' title='bbox 726 664 758 701; x_wconf 84' lang='lat' dir='ltr'><strong>as</strong></span> <span class='ocrx_word' id='word_1_54' title='bbox 776 648 808 703; x_wconf 91' lang='lat' dir='ltr'><strong>iis</strong></span> <span class='ocrx_word' id='word_1_55' title='bbox 825 647 943 703; x_wconf 84' lang='lat' dir='ltr'><strong>salutari</strong></span> <span class='ocrx_word' id='word_1_56' title='bbox 992 643 1217 714; x_wconf 81' lang='lat' dir='ltr'><strong>intelligentibus</strong></span> <span class='ocrx_word' id='word_1_57' title='bbox 1228 646 1339 716; x_wconf 86' lang='lat' dir='ltr'><strong>legera:</strong></span> <span class='ocrx_word' id='word_1_58' title='bbox 1349 663 1405 717; x_wconf 93' lang='lat' dir='ltr'><strong>quo</strong></span> <span class='ocrx_word' id='word_1_59' title='bbox 1415 645 1506 717; x_wconf 86' lang='lat' dir='ltr'><strong>magis</strong></span> <span class='ocrx_word' id='word_1_60' title='bbox 1515 645 1706 716; x_wconf 87' lang='lat' dir='ltr'><strong>peripsorum</strong></span> <span class='ocrx_word' id='word_1_61' title='bbox 1717 640 1810 696; x_wconf 87' lang='lat' dir='ltr'><strong>lectio-</strong></span> 
     </span>
     <span class='ocr_line' id='line_1_6' title="bbox 132 732 1808 809; baseline 0.008 -32"><span class='ocrx_word' id='word_1_62' title='bbox 132 732 242 802; x_wconf 70' lang='lat' dir='ltr'><strong>dtguau</strong></span> <span class='ocrx_word' id='word_1_63' title='bbox 255 735 407 806; x_wconf 68' lang='lat' dir='ltr'><strong>baptisma,</strong></span> <span class='ocrx_word' id='word_1_64' title='bbox 420 738 456 792; x_wconf 77' lang='lat' dir='ltr'><strong>ad</strong></span> <span class='ocrx_word' id='word_1_65' title='bbox 474 739 624 809; x_wconf 66' lang='lat' dir='ltr'><strong>puta-uuum</strong></span> <span class='ocrx_word' id='word_1_66' title='bbox 639 740 735 797; x_wconf 69' lang='lat' dir='ltr'><strong>denua</strong></span> <span class='ocrx_word' id='word_1_67' title='bbox 750 759 877 797; x_wconf 64' lang='lat' dir='ltr'><strong>araurem</strong></span> <span class='ocrx_word' id='word_1_68' title='bbox 896 759 941 798; x_wconf 68' lang='lat' dir='ltr'><strong>aa.</strong></span> <span class='ocrx_word' id='word_1_69' title='bbox 993 753 1059 791; x_wconf 91' lang='lat' dir='ltr'><strong>nem</strong></span> <span class='ocrx_word' id='word_1_70' title='bbox 1073 737 1299 809; x_wconf 81' lang='lat' dir='ltr'><strong>intelligentibus</strong></span> <span class='ocrx_word' id='word_1_71' title='bbox 1309 743 1370 795; x_wconf 89' lang='lat' dir='ltr'><strong>tcta</strong></span> <span class='ocrx_word' id='word_1_72' title='bbox 1381 739 1522 795; x_wconf 88' lang='lat' dir='ltr'><strong>dictorum</strong></span> <span class='ocrx_word' id='word_1_73' title='bbox 1532 738 1620 793; x_wconf 88' lang='lat' dir='ltr'><strong>series</strong></span> <span class='ocrx_word' id='word_1_74' title='bbox 1632 735 1737 791; x_wconf 87' lang='lat' dir='ltr'><strong>ordine</strong></span> <span class='ocrx_word' id='word_1_75' title='bbox 1749 751 1808 790; x_wconf 84' lang='lat' dir='ltr'><strong>ma·</strong></span> 
     </span>
     <span class='ocr_line' id='line_1_7' title="bbox 130 827 1810 908; baseline 0.016 -29"><span class='ocrx_word' id='word_1_76' title='bbox 130 827 641 893; x_wconf 84' lang='lat' dir='ltr'><strong>versi,observaresabbataairtctiam</strong></span> <span class='ocrx_word' id='word_1_77' title='bbox 653 835 942 908; x_wconf 82' lang='lat' dir='ltr'><strong>aliaqusedamagere</strong></span> <span class='ocrx_word' id='word_1_78' title='bbox 992 831 1095 885; x_wconf 74' lang='lat' dir='ltr'><strong>liis⁰³i⁸</strong></span> <span class='ocrx_word' id='word_1_79' title='bbox 1110 831 1154 898; x_wconf 90' lang='lat' dir='ltr'><strong>sit,</strong></span> <span class='ocrx_word' id='word_1_80' title='bbox 1174 833 1389 905; x_wconf 56' lang='lat' dir='ltr'><strong>StetssldUfflqttss</strong></span> <span class='ocrx_word' id='word_1_81' title='bbox 1404 849 1438 887; x_wconf 68' lang='lat' dir='ltr'><strong>ea</strong></span> <span class='ocrx_word' id='word_1_82' title='bbox 1455 838 1483 887; x_wconf 67' lang='lat' dir='ltr'><strong>‘ti</strong></span> <span class='ocrx_word' id='word_1_83' title='bbox 1503 832 1590 887; x_wconf 65' lang='lat' dir='ltr'><strong>iiiam</strong></span> <span class='ocrx_word' id='word_1_84' title='bbox 1606 836 1636 884; x_wconf 66' lang='lat'><strong>⁰²</strong></span> <span class='ocrx_word' id='word_1_85' title='bbox 1652 828 1749 886; x_wconf 54' lang='lat' dir='ltr'><strong>mdia</strong></span> <span class='ocrx_word' id='word_1_86' title='bbox 1760 844 1810 883; x_wconf 68' lang='lat'><strong>⁵¹¹³</strong></span> 
     </span>
     <span class='ocr_line' id='line_1_8' title="bbox 129 918 1808 1001; baseline 0.005 -34"><span class='ocrx_word' id='word_1_87' title='bbox 129 918 290 989; x_wconf 79' lang='lat' dir='ltr'><strong>videantur,</strong></span> <span class='ocrx_word' id='word_1_88' title='bbox 311 939 376 993; x_wconf 71' lang='lat' dir='ltr'><strong>quaa</strong></span> <span class='ocrx_word' id='word_1_89' title='bbox 391 930 549 996; x_wconf 74' lang='lat' dir='ltr'><strong>coarguant</strong></span> <span class='ocrx_word' id='word_1_90' title='bbox 560 943 611 998; x_wconf 74' lang='lat' dir='ltr'><strong>par</strong></span> <span class='ocrx_word' id='word_1_91' title='bbox 629 927 841 983; x_wconf 73' lang='lat' dir='ltr'><strong>simulationem</strong></span> <span class='ocrx_word' id='word_1_92' title='bbox 868 930 942 1001; x_wconf 77' lang='lat' dir='ltr'><strong>ipsaa</strong></span> <span class='ocrx_word' id='word_1_93' title='bbox 992 923 1157 991; x_wconf 90' lang='lat' dir='ltr'><strong>instituant;</strong></span> <span class='ocrx_word' id='word_1_94' title='bbox 1169 941 1263 997; x_wconf 86' lang='lat' dir='ltr'><strong>neque</strong></span> <span class='ocrx_word' id='word_1_95' title='bbox 1276 927 1397 981; x_wconf 82' lang='lat' dir='ltr'><strong>facultas</strong></span> <span class='ocrx_word' id='word_1_96' title='bbox 1409 926 1445 981; x_wconf 88' lang='lat' dir='ltr'><strong>sit</strong></span> <span class='ocrx_word' id='word_1_97' title='bbox 1460 926 1586 997; x_wconf 90' lang='lat' dir='ltr'><strong>ipsorum</strong></span> <span class='ocrx_word' id='word_1_98' title='bbox 1600 921 1808 994; x_wconf 84' lang='lat' dir='ltr'><strong>interpretibus</strong></span> 
     </span>
     <span class='ocr_line' id='line_1_9' title="bbox 128 1015 1807 1095; baseline 0.001 -25"><span class='ocrx_word' id='word_1_99' title='bbox 128 1017 258 1069; x_wconf 82' lang='lat' dir='ltr'><strong>sanctum</strong></span> <span class='ocrx_word' id='word_1_100' title='bbox 276 1015 420 1087; x_wconf 86' lang='lat' dir='ltr'><strong>baptisma</strong></span> <span class='ocrx_word' id='word_1_101' title='bbox 437 1021 631 1091; x_wconf 82' lang='lat' dir='ltr'><strong>assumpsisse,</strong></span> <span class='ocrx_word' id='word_1_102' title='bbox 647 1037 696 1077; x_wconf 88' lang='lat' dir='ltr'><strong>eos</strong></span> <span class='ocrx_word' id='word_1_103' title='bbox 712 1023 848 1093; x_wconf 88' lang='lat' dir='ltr'><strong>proscribi</strong></span> <span class='ocrx_word' id='word_1_104' title='bbox 861 1024 942 1095; x_wconf 87' lang='lat' dir='ltr'><strong>jube-</strong></span> <span class='ocrx_word' id='word_1_105' title='bbox 992 1018 1041 1089; x_wconf 93' lang='lat' dir='ltr'><strong>qui</strong></span> <span class='ocrx_word' id='word_1_106' title='bbox 1056 1020 1146 1074; x_wconf 89' lang='lat' dir='ltr'><strong>sulam</strong></span> <span class='ocrx_word' id='word_1_107' title='bbox 1164 1020 1329 1076; x_wconf 85' lang='lat' dir='ltr'><strong>Hebraicam</strong></span> <span class='ocrx_word' id='word_1_108' title='bbox 1341 1025 1492 1076; x_wconf 87' lang='lat' dir='ltr'><strong>assumunt</strong></span> <span class='ocrx_word' id='word_1_109' title='bbox 1503 1021 1634 1091; x_wconf 87' lang='lat' dir='ltr'><strong>lingnam</strong></span> <span class='ocrx_word' id='word_1_110' title='bbox 1654 1021 1685 1071; x_wconf 94' lang='lat' dir='ltr'><strong>ut</strong></span> <span class='ocrx_word' id='word_1_111' title='bbox 1697 1033 1750 1071; x_wconf 89' lang='lat' dir='ltr'><strong>sao</strong></span> <span class='ocrx_word' id='word_1_112' title='bbox 1764 1033 1807 1071; x_wconf 87' lang='lat' dir='ltr'><strong>ar·</strong></span> 
     </span>
     <span class='ocr_line' id='line_1_10' title="bbox 129 1108 1808 1189; baseline 0.014 -29"><span class='ocrx_word' id='word_1_113' title='bbox 129 1122 203 1173; x_wconf 84' lang='lat' dir='ltr'><strong>inus,</strong></span> <span class='ocrx_word' id='word_1_114' title='bbox 220 1108 286 1163; x_wconf 89' lang='lat' dir='ltr'><strong>ctin</strong></span> <span class='ocrx_word' id='word_1_115' title='bbox 296 1114 550 1182; x_wconf 89' lang='lat' dir='ltr'><strong>perpetuumtradi</strong></span> <span class='ocrx_word' id='word_1_116' title='bbox 561 1116 700 1172; x_wconf 79' lang='lat' dir='ltr'><strong>exsilium.</strong></span> <span class='ocrx_word' id='word_1_117' title='bbox 713 1116 816 1172; x_wconf 89' lang='lat' dir='ltr'><strong>lisdem</strong></span> <span class='ocrx_word' id='word_1_118' title='bbox 827 1134 941 1189; x_wconf 89' lang='lat' dir='ltr'><strong>quoque</strong></span> <span class='ocrx_word' id='word_1_119' title='bbox 990 1111 1097 1168; x_wconf 76' lang='lat' dir='ltr'><strong>hiiraiu</strong></span> <span class='ocrx_word' id='word_1_120' title='bbox 1121 1114 1262 1170; x_wconf 71' lang='lat' dir='ltr'><strong>malitiose</strong></span> <span class='ocrx_word' id='word_1_121' title='bbox 1281 1116 1357 1171; x_wconf 71' lang='lat' dir='ltr'><strong>hanc</strong></span> <span class='ocrx_word' id='word_1_122' title='bbox 1379 1118 1513 1183; x_wconf 87' lang='lat' dir='ltr'><strong>tractent,</strong></span> <span class='ocrx_word' id='word_1_123' title='bbox 1542 1115 1621 1186; x_wconf 71' lang='lat' dir='ltr'><strong>tulgi</strong></span> <span class='ocrx_word' id='word_1_124' title='bbox 1643 1109 1808 1184; x_wconf 62' lang='lat' dir='ltr'><strong>i8¹¹⁰ffl¹¹ii⁸</strong></span> 
     </span>
     <span class='ocr_line' id='line_1_11' title="bbox 130 1200 1459 1281; baseline 0.014 -28"><span class='ocrx_word' id='word_1_125' title='bbox 130 1200 278 1270; x_wconf 83' lang='lat' dir='ltr'><strong>poenisaos</strong></span> <span class='ocrx_word' id='word_1_126' title='bbox 294 1204 451 1274; x_wconf 86' lang='lat' dir='ltr'><strong>subdimus,</strong></span> <span class='ocrx_word' id='word_1_127' title='bbox 463 1207 512 1278; x_wconf 93' lang='lat' dir='ltr'><strong>qni</strong></span> <span class='ocrx_word' id='word_1_128' title='bbox 527 1211 628 1266; x_wconf 87' lang='lat' dir='ltr'><strong>contra</strong></span> <span class='ocrx_word' id='word_1_129' title='bbox 640 1213 750 1266; x_wconf 84' lang='lat' dir='ltr'><strong>rectam</strong></span> <span class='ocrx_word' id='word_1_130' title='bbox 764 1211 941 1267; x_wconf 88' lang='lat' dir='ltr'><strong>Christiano·</strong></span> <span class='ocrx_word' id='word_1_131' title='bbox 991 1223 1072 1261; x_wconf 72' lang='lat' dir='ltr'><strong>suam</strong></span> <span class='ocrx_word' id='word_1_132' title='bbox 1089 1209 1220 1279; x_wconf 72' lang='lat' dir='ltr'><strong>tegentes</strong></span> <span class='ocrx_word' id='word_1_133' title='bbox 1231 1209 1459 1281; x_wconf 74' lang='lat' dir='ltr'><strong>imprubitaiem·</strong></span> 
     </span>
     <span class='ocr_line' id='line_1_12' title="bbox 128 1296 1806 1375; baseline 0 -23"><span class='ocrx_word' id='word_1_134' title='bbox 128 1308 194 1347; x_wconf 80' lang='lat' dir='ltr'><strong>rum</strong></span> <span class='ocrx_word' id='word_1_135' title='bbox 213 1296 300 1351; x_wconf 82' lang='lat' dir='ltr'><strong>fidem</strong></span> <span class='ocrx_word' id='word_1_136' title='bbox 320 1297 442 1370; x_wconf 90' lang='lat' dir='ltr'><strong>impium</strong></span> <span class='ocrx_word' id='word_1_137' title='bbox 457 1299 519 1355; x_wconf 90' lang='lat' dir='ltr'><strong>istis</strong></span> <span class='ocrx_word' id='word_1_138' title='bbox 538 1303 729 1373; x_wconf 86' lang='lat' dir='ltr'><strong>patrocinium</strong></span> <span class='ocrx_word' id='word_1_139' title='bbox 745 1305 940 1375; x_wconf 65' lang='lat' dir='ltr'><strong>prostiterint.</strong></span> <span class='ocrx_word' id='word_1_140' title='bbox 1027 1301 1178 1356; x_wconf 85' lang='lat' dir='ltr'><strong>Enimvero</strong></span> <span class='ocrx_word' id='word_1_141' title='bbox 1193 1303 1242 1373; x_wconf 90' lang='lat' dir='ltr'><strong>qni</strong></span> <span class='ocrx_word' id='word_1_142' title='bbox 1257 1303 1355 1358; x_wconf 84' lang='lat' dir='ltr'><strong>Graeca</strong></span> <span class='ocrx_word' id='word_1_143' title='bbox 1369 1303 1579 1375; x_wconf 85' lang='lat' dir='ltr'><strong>lingnalegunt</strong></span> <span class='ocrx_word' id='word_1_144' title='bbox 1592 1299 1806 1356; x_wconf 88' lang='lat' dir='ltr'><strong>utenturinter·</strong></span> 
     </span>
     <span class='ocr_line' id='line_1_13' title="bbox 127 1386 1807 1468; baseline 0.016 -28"><span class='ocrx_word' id='word_1_145' title='bbox 127 1386 334 1458; x_wconf 82' lang='lat' dir='ltr'><strong>Perpulchrum</strong></span> <span class='ocrx_word' id='word_1_146' title='bbox 346 1408 412 1447; x_wconf 84' lang='lat' dir='ltr'><strong>vero</strong></span> <span class='ocrx_word' id='word_1_147' title='bbox 425 1393 508 1448; x_wconf 90' lang='lat' dir='ltr'><strong>nobis</strong></span> <span class='ocrx_word' id='word_1_148' title='bbox 522 1395 632 1450; x_wconf 83' lang='lat' dir='ltr'><strong>ridetur</strong></span> <span class='ocrx_word' id='word_1_149' title='bbox 643 1397 719 1451; x_wconf 89' lang='lat' dir='ltr'><strong>atad</strong></span> <span class='ocrx_word' id='word_1_150' title='bbox 733 1397 942 1455; x_wconf 88' lang='lat' dir='ltr'><strong>incontamina·</strong></span> <span class='ocrx_word' id='word_1_151' title='bbox 990 1395 1570 1468; x_wconf 62' lang='lat' dir='ltr'><strong>prelationeSupittassissiflstluaeOfflssibtlss</strong></span> <span class='ocrx_word' id='word_1_152' title='bbox 1580 1396 1711 1450; x_wconf 64' lang='grc'><strong>81301101</strong></span> <span class='ocrx_word' id='word_1_153' title='bbox 1721 1398 1807 1460; x_wconf 60' lang='grc' dir='ltr'>θῦῐνθῑ</span> 
     </span>
     <span class='ocr_line' id='line_1_14' title="bbox 127 1485 1805 1563; baseline 0.007 -29"><span class='ocrx_word' id='word_1_154' title='bbox 127 1485 191 1534; x_wconf 87' lang='lat' dir='ltr'><strong>tum</strong></span> <span class='ocrx_word' id='word_1_155' title='bbox 201 1487 382 1539; x_wconf 85' lang='lat' dir='ltr'><strong>accurrentes</strong></span> <span class='ocrx_word' id='word_1_156' title='bbox 391 1485 534 1558; x_wconf 88' lang='lat' dir='ltr'><strong>baptisma</strong></span> <span class='ocrx_word' id='word_1_157' title='bbox 550 1506 608 1544; x_wconf 90' lang='lat' dir='ltr'><strong>non</strong></span> <span class='ocrx_word' id='word_1_158' title='bbox 621 1494 730 1545; x_wconf 90' lang='lat' dir='ltr'><strong>temere</strong></span> <span class='ocrx_word' id='word_1_159' title='bbox 741 1492 940 1563; x_wconf 89' lang='lat' dir='ltr'><strong>suscipiantur,</strong></span> <span class='ocrx_word' id='word_1_160' title='bbox 991 1491 1096 1559; x_wconf 83' lang='lat' dir='ltr'><strong>prater</strong></span> <span class='ocrx_word' id='word_1_161' title='bbox 1112 1494 1230 1543; x_wconf 78' lang='lat' dir='ltr'><strong>cataras</strong></span> <span class='ocrx_word' id='word_1_162' title='bbox 1246 1491 1336 1544; x_wconf 89' lang='lat' dir='ltr'><strong>multa</strong></span> <span class='ocrx_word' id='word_1_163' title='bbox 1358 1490 1487 1545; x_wconf 88' lang='lat' dir='ltr'><strong>continet</strong></span> <span class='ocrx_word' id='word_1_164' title='bbox 1505 1489 1629 1557; x_wconf 90' lang='lat' dir='ltr'><strong>occulta,</strong></span> <span class='ocrx_word' id='word_1_165' title='bbox 1647 1490 1805 1560; x_wconf 77' lang='lat' dir='ltr'><strong>prasertim</strong></span> 
     </span>
     <span class='ocr_line' id='line_1_15' title="bbox 128 1573 1804 1658; baseline 0.007 -32"><span class='ocrx_word' id='word_1_166' title='bbox 128 1573 178 1627; x_wconf 88' lang='lat' dir='ltr'><strong>sed</strong></span> <span class='ocrx_word' id='word_1_167' title='bbox 192 1592 257 1628; x_wconf 90' lang='lat' dir='ltr'><strong>cum</strong></span> <span class='ocrx_word' id='word_1_168' title='bbox 274 1578 399 1647; x_wconf 87' lang='lat' dir='ltr'><strong>quadum</strong></span> <span class='ocrx_word' id='word_1_169' title='bbox 412 1580 607 1637; x_wconf 87' lang='lat' dir='ltr'><strong>observatione</strong></span> <span class='ocrx_word' id='word_1_170' title='bbox 621 1584 651 1637; x_wconf 90' lang='lat' dir='ltr'><strong>et</strong></span> <span class='ocrx_word' id='word_1_171' title='bbox 664 1583 862 1653; x_wconf 91' lang='lat' dir='ltr'><strong>instructione,</strong></span> <span class='ocrx_word' id='word_1_172' title='bbox 877 1603 941 1658; x_wconf 78' lang='lat' dir='ltr'><strong>quae</strong></span> <span class='ocrx_word' id='word_1_173' title='bbox 991 1597 1057 1636; x_wconf 86' lang='lat' dir='ltr'><strong>varo</strong></span> <span class='ocrx_word' id='word_1_174' title='bbox 1073 1584 1192 1653; x_wconf 89' lang='lat' dir='ltr'><strong>propter</strong></span> <span class='ocrx_word' id='word_1_175' title='bbox 1204 1582 1234 1638; x_wconf 92' lang='lat' dir='ltr'><strong>id</strong></span> <span class='ocrx_word' id='word_1_176' title='bbox 1244 1582 1322 1654; x_wconf 93' lang='lat' dir='ltr'><strong>quod</strong></span> <span class='ocrx_word' id='word_1_177' title='bbox 1337 1582 1366 1637; x_wconf 93' lang='lat' dir='ltr'><strong>in</strong></span> <span class='ocrx_word' id='word_1_178' title='bbox 1381 1582 1600 1654; x_wconf 86' lang='lat' dir='ltr'><strong>interpretando</strong></span> <span class='ocrx_word' id='word_1_179' title='bbox 1610 1582 1726 1638; x_wconf 88' lang='lat' dir='ltr'><strong>accidit.</strong></span> <span class='ocrx_word' id='word_1_180' title='bbox 1739 1583 1804 1637; x_wconf 83' lang='lat' dir='ltr'><strong>Nam</strong></span> 
     </span>
     <span class='ocr_line' id='line_1_16' title="bbox 128 1666 1805 1758; baseline 0.006 -37"><span class='ocrx_word' id='word_1_181' title='bbox 128 1666 296 1723; x_wconf 83' lang='lat' dir='ltr'><strong>initiationis</strong></span> <span class='ocrx_word' id='word_1_182' title='bbox 304 1675 434 1743; x_wconf 88' lang='lat' dir='ltr'><strong>tempore</strong></span> <span class='ocrx_word' id='word_1_183' title='bbox 444 1673 506 1728; x_wconf 89' lang='lat' dir='ltr'><strong>lieri</strong></span> <span class='ocrx_word' id='word_1_184' title='bbox 520 1676 601 1730; x_wconf 88' lang='lat' dir='ltr'><strong>solat.</strong></span> <span class='ocrx_word' id='word_1_185' title='bbox 610 1676 733 1732; x_wconf 87' lang='lat' dir='ltr'><strong>Dicimus</strong></span> <span class='ocrx_word' id='word_1_186' title='bbox 745 1682 843 1733; x_wconf 91' lang='lat' dir='ltr'><strong>autem</strong></span> <span class='ocrx_word' id='word_1_187' title='bbox 855 1679 940 1751; x_wconf 90' lang='lat' dir='ltr'><strong>utqui</strong></span> <span class='ocrx_word' id='word_1_188' title='bbox 989 1690 1055 1728; x_wconf 77' lang='lat' dir='ltr'><strong>cum</strong></span> <span class='ocrx_word' id='word_1_189' title='bbox 1067 1676 1248 1747; x_wconf 73' lang='lat' dir='ltr'><strong>sempcrbini</strong></span> <span class='ocrx_word' id='word_1_190' title='bbox 1258 1676 1379 1732; x_wconf 83' lang='lat' dir='ltr'><strong>seorsim</strong></span> <span class='ocrx_word' id='word_1_191' title='bbox 1386 1676 1517 1758; x_wconf 71' lang='lat' dir='ltr'><strong>⁸conclusi</strong></span> <span class='ocrx_word' id='word_1_192' title='bbox 1528 1679 1635 1743; x_wconf 84' lang='lat' dir='ltr'><strong>essent,</strong></span> <span class='ocrx_word' id='word_1_193' title='bbox 1650 1678 1681 1731; x_wconf 91' lang='lat' dir='ltr'><strong>et</strong></span> <span class='ocrx_word' id='word_1_194' title='bbox 1694 1675 1805 1730; x_wconf 85' lang='lat' dir='ltr'><strong>dirersis</strong></span> 
     </span>
     <span class='ocr_line' id='line_1_17' title="bbox 129 1736 1804 1843; baseline 0.007 -31"><span class='ocrx_word' id='word_1_195' title='bbox 129 1761 248 1817; x_wconf 89' lang='lat' dir='ltr'><strong>omnino</strong></span> <span class='ocrx_word' id='word_1_196' title='bbox 264 1779 348 1818; x_wconf 90' lang='lat' dir='ltr'><strong>sensu</strong></span> <span class='ocrx_word' id='word_1_197' title='bbox 361 1766 458 1836; x_wconf 88' lang='lat' dir='ltr'><strong>aliquo</strong></span> <span class='ocrx_word' id='word_1_198' title='bbox 468 1767 552 1822; x_wconf 79' lang='lat' dir='ltr'><strong>bonae</strong></span> <span class='ocrx_word' id='word_1_199' title='bbox 566 1768 704 1824; x_wconf 75' lang='lat' dir='ltr'><strong>doctrinae</strong></span> <span class='ocrx_word' id='word_1_200' title='bbox 717 1772 798 1843; x_wconf 88' lang='lat' dir='ltr'><strong>tangi</strong></span> <span class='ocrx_word' id='word_1_201' title='bbox 809 1778 939 1843; x_wconf 89' lang='lat' dir='ltr'><strong>possunt,</strong></span> <span class='ocrx_word' id='word_1_202' title='bbox 951 1736 978 1810; x_wconf 79' lang='grc' dir='ltr'>Β</span> <span class='ocrx_word' id='word_1_203' title='bbox 991 1767 1058 1823; x_wconf 80' lang='lat' dir='ltr'><strong>locis</strong></span> <span class='ocrx_word' id='word_1_204' title='bbox 1070 1770 1334 1840; x_wconf 85' lang='lat' dir='ltr'><strong>interpretarentur,</strong></span> <span class='ocrx_word' id='word_1_205' title='bbox 1346 1786 1434 1825; x_wconf 91' lang='lat' dir='ltr'><strong>unam</strong></span> <span class='ocrx_word' id='word_1_206' title='bbox 1447 1775 1544 1825; x_wconf 70' lang='lat' dir='ltr'><strong>umen</strong></span> <span class='ocrx_word' id='word_1_207' title='bbox 1554 1785 1656 1825; x_wconf 88' lang='lat' dir='ltr'><strong>omnes</strong></span> <span class='ocrx_word' id='word_1_208' title='bbox 1671 1770 1804 1840; x_wconf 87' lang='lat' dir='ltr'><strong>composi-</strong></span> 
     </span>
     <span class='ocr_line' id='line_1_18' title="bbox 130 1854 1804 1937; baseline 0.007 -31"><span class='ocrx_word' id='word_1_209' title='bbox 130 1869 181 1924; x_wconf 87' lang='lat' dir='ltr'><strong>por</strong></span> <span class='ocrx_word' id='word_1_210' title='bbox 195 1854 266 1910; x_wconf 91' lang='lat' dir='ltr'><strong>duos</strong></span> <span class='ocrx_word' id='word_1_211' title='bbox 276 1857 401 1926; x_wconf 91' lang='lat' dir='ltr'><strong>primum</strong></span> <span class='ocrx_word' id='word_1_212' title='bbox 414 1875 506 1915; x_wconf 86' lang='lat' dir='ltr'><strong>annos</strong></span> <span class='ocrx_word' id='word_1_213' title='bbox 521 1861 550 1915; x_wconf 91' lang='lat' dir='ltr'><strong>in</strong></span> <span class='ocrx_word' id='word_1_214' title='bbox 566 1862 623 1917; x_wconf 87' lang='lat' dir='ltr'><strong>tide</strong></span> <span class='ocrx_word' id='word_1_215' title='bbox 639 1862 834 1931; x_wconf 88' lang='lat' dir='ltr'><strong>instituantur,</strong></span> <span class='ocrx_word' id='word_1_216' title='bbox 846 1868 876 1920; x_wconf 89' lang='lat' dir='ltr'><strong>ct</strong></span> <span class='ocrx_word' id='word_1_217' title='bbox 888 1882 940 1937; x_wconf 91' lang='lat' dir='ltr'><strong>pro</strong></span> <span class='ocrx_word' id='word_1_218' title='bbox 990 1864 1100 1919; x_wconf 89' lang='lat' dir='ltr'><strong>tionem</strong></span> <span class='ocrx_word' id='word_1_219' title='bbox 1117 1862 1279 1918; x_wconf 89' lang='lat' dir='ltr'><strong>ediderunt.</strong></span> <span class='ocrx_word' id='word_1_220' title='bbox 1294 1863 1406 1920; x_wconf 80' lang='lat' dir='ltr'><strong>hdhsec</strong></span> <span class='ocrx_word' id='word_1_221' title='bbox 1422 1863 1551 1935; x_wconf 90' lang='lat' dir='ltr'><strong>quisnon</strong></span> <span class='ocrx_word' id='word_1_222' title='bbox 1562 1862 1677 1918; x_wconf 90' lang='lat' dir='ltr'><strong>illudin</strong></span> <span class='ocrx_word' id='word_1_223' title='bbox 1687 1862 1804 1918; x_wconf 70' lang='lat' dir='ltr'><strong>busiris</strong></span> 
     </span>
     <span class='ocr_line' id='line_1_19' title="bbox 127 1946 1804 2028; baseline 0.007 -29"><span class='ocrx_word' id='word_1_224' title='bbox 127 1946 233 2002; x_wconf 84' lang='lat' dir='ltr'><strong>viribus</strong></span> <span class='ocrx_word' id='word_1_225' title='bbox 249 1949 407 2021; x_wconf 86' lang='lat' dir='ltr'><strong>Scripturas</strong></span> <span class='ocrx_word' id='word_1_226' title='bbox 422 1952 567 2024; x_wconf 82' lang='lat' dir='ltr'><strong>ediscant3</strong></span> <span class='ocrx_word' id='word_1_227' title='bbox 587 1958 711 2028; x_wconf 90' lang='lat' dir='ltr'><strong>tuncque</strong></span> <span class='ocrx_word' id='word_1_228' title='bbox 730 1957 848 2012; x_wconf 89' lang='lat' dir='ltr'><strong>demam</strong></span> <span class='ocrx_word' id='word_1_229' title='bbox 860 1976 941 2015; x_wconf 88' lang='lat' dir='ltr'><strong>sacro</strong></span> <span class='ocrx_word' id='word_1_230' title='bbox 990 1956 1156 2021; x_wconf 87' lang='lat' dir='ltr'><strong>admiretur,</strong></span> <span class='ocrx_word' id='word_1_231' title='bbox 1167 1956 1243 2027; x_wconf 92' lang='lat' dir='ltr'><strong>quod</strong></span> <span class='ocrx_word' id='word_1_232' title='bbox 1253 1956 1414 2027; x_wconf 88' lang='lat' dir='ltr'><strong>cumlongo</strong></span> <span class='ocrx_word' id='word_1_233' title='bbox 1428 1955 1804 2027; x_wconf 85' lang='lat' dir='ltr'><strong>temporesalutaremappa·</strong></span> 
     </span>
     <span class='ocr_line' id='line_1_20' title="bbox 128 2040 1804 2123; baseline 0.005 -30"><span class='ocrx_word' id='word_1_234' title='bbox 128 2040 336 2113; x_wconf 86' lang='lat' dir='ltr'><strong>redemptionis</strong></span> <span class='ocrx_word' id='word_1_235' title='bbox 346 2044 505 2101; x_wconf 82' lang='lat' dir='ltr'><strong>offerantur</strong></span> <span class='ocrx_word' id='word_1_236' title='bbox 520 2048 695 2120; x_wconf 86' lang='lat' dir='ltr'><strong>baptismati,</strong></span> <span class='ocrx_word' id='word_1_237' title='bbox 707 2055 767 2107; x_wconf 91' lang='lat' dir='ltr'><strong>tam</strong></span> <span class='ocrx_word' id='word_1_238' title='bbox 777 2053 856 2123; x_wconf 86' lang='lat' dir='ltr'><strong>longi</strong></span> <span class='ocrx_word' id='word_1_239' title='bbox 869 2057 941 2107; x_wconf 87' lang='lat' dir='ltr'><strong>tam·</strong></span> <span class='ocrx_word' id='word_1_240' title='bbox 990 2050 1124 2104; x_wconf 90' lang='lat' dir='ltr'><strong>ritionem</strong></span> <span class='ocrx_word' id='word_1_241' title='bbox 1140 2049 1238 2120; x_wconf 85' lang='lat' dir='ltr'><strong>magni</strong></span> <span class='ocrx_word' id='word_1_242' title='bbox 1255 2050 1306 2105; x_wconf 85' lang='lat' dir='ltr'><strong>Dei</strong></span> <span class='ocrx_word' id='word_1_243' title='bbox 1317 2054 1345 2104; x_wconf 91' lang='lat' dir='ltr'><strong>et</strong></span> <span class='ocrx_word' id='word_1_244' title='bbox 1354 2050 1511 2105; x_wconf 77' lang='lat' dir='ltr'><strong>serraturis</strong></span> <span class='ocrx_word' id='word_1_245' title='bbox 1522 2049 1611 2103; x_wconf 88' lang='lat' dir='ltr'><strong>nostri</strong></span> <span class='ocrx_word' id='word_1_246' title='bbox 1626 2051 1696 2104; x_wconf 83' lang='lat' dir='ltr'><strong>lesu</strong></span> <span class='ocrx_word' id='word_1_247' title='bbox 1710 2048 1804 2103; x_wconf 85' lang='lat' dir='ltr'><strong>Christi</strong></span> 
     </span>
     <span class='ocr_line' id='line_1_21' title="bbox 129 2133 1803 2215; baseline 0.006 -28"><span class='ocrx_word' id='word_1_248' title='bbox 129 2133 206 2204; x_wconf 92' lang='lat' dir='ltr'><strong>poris</strong></span> <span class='ocrx_word' id='word_1_249' title='bbox 217 2137 385 2206; x_wconf 74' lang='lat' dir='ltr'><strong>paenitentia</strong></span> <span class='ocrx_word' id='word_1_250' title='bbox 400 2156 516 2210; x_wconf 90' lang='lat' dir='ltr'><strong>prorsus</strong></span> <span class='ocrx_word' id='word_1_251' title='bbox 534 2142 743 2214; x_wconf 87' lang='lat' dir='ltr'><strong>redemptionis</strong></span> <span class='ocrx_word' id='word_1_252' title='bbox 758 2146 883 2201; x_wconf 83' lang='lat' dir='ltr'><strong>fructum</strong></span> <span class='ocrx_word' id='word_1_253' title='bbox 895 2163 940 2202; x_wconf 88' lang='lat' dir='ltr'><strong>as·</strong></span> <span class='ocrx_word' id='word_1_254' title='bbox 990 2142 1803 2215; x_wconf 73' lang='lat' dir='ltr'><strong>praecesserint,umeailamtutnramquasipresentibus</strong></span> 
     </span>
     <span class='ocr_line' id='line_1_22' title="bbox 128 2217 1804 2310; baseline 0.005 -29"><span class='ocrx_word' id='word_1_255' title='bbox 128 2228 226 2284; x_wconf 89' lang='lat' dir='ltr'><strong>secuti.</strong></span> <span class='ocrx_word' id='word_1_256' title='bbox 249 2231 355 2286; x_wconf 91' lang='lat' dir='ltr'><strong>Pueros</strong></span> <span class='ocrx_word' id='word_1_257' title='bbox 379 2236 475 2288; x_wconf 89' lang='lat' dir='ltr'><strong>autem</strong></span> <span class='ocrx_word' id='word_1_258' title='bbox 497 2234 665 2304; x_wconf 88' lang='lat' dir='ltr'><strong>admodum,</strong></span> <span class='ocrx_word' id='word_1_259' title='bbox 691 2238 739 2309; x_wconf 91' lang='lat' dir='ltr'><strong>qui</strong></span> <span class='ocrx_word' id='word_1_260' title='bbox 763 2244 941 2310; x_wconf 76' lang='lat' dir='ltr'><strong>permistam</strong></span> <span class='ocrx_word' id='word_1_261' title='bbox 991 2217 1649 2308; x_wconf 77' lang='lat' dir='ltr'><strong>carnantesoculis,propheticaquodammodo</strong></span> <span class='ocrx_word' id='word_1_262' title='bbox 1665 2235 1758 2306; x_wconf 87' lang='lat' dir='ltr'><strong>gratia</strong></span> <span class='ocrx_word' id='word_1_263' title='bbox 1772 2236 1804 2307; x_wconf 85' lang='lat' dir='ltr'><strong>ip</strong></span> 
     </span>
     <span class='ocr_line' id='line_1_23' title="bbox 128 2320 1804 2405; baseline 0 -23"><span class='ocrx_word' id='word_1_264' title='bbox 128 2320 272 2377; x_wconf 73' lang='lat' dir='ltr'><strong>doctrinas</strong></span> <span class='ocrx_word' id='word_1_265' title='bbox 293 2324 453 2396; x_wconf 83' lang='lat' dir='ltr'><strong>intelligere</strong></span> <span class='ocrx_word' id='word_1_266' title='bbox 473 2334 630 2400; x_wconf 86' lang='lat' dir='ltr'><strong>nequeunt,</strong></span> <span class='ocrx_word' id='word_1_267' title='bbox 653 2331 741 2386; x_wconf 90' lang='lat' dir='ltr'><strong>ctiam</strong></span> <span class='ocrx_word' id='word_1_268' title='bbox 759 2333 867 2405; x_wconf 91' lang='lat' dir='ltr'><strong>absque</strong></span> <span class='ocrx_word' id='word_1_269' title='bbox 887 2334 941 2390; x_wconf 84' lang='lat' dir='ltr'><strong>hac</strong></span> <span class='ocrx_word' id='word_1_270' title='bbox 991 2346 1035 2384; x_wconf 91' lang='lat' dir='ltr'><strong>sos</strong></span> <span class='ocrx_word' id='word_1_271' title='bbox 1047 2329 1293 2401; x_wconf 82' lang='lat' dir='ltr'><strong>circumfulgente,</strong></span> <span class='ocrx_word' id='word_1_272' title='bbox 1308 2328 1502 2385; x_wconf 89' lang='lat' dir='ltr'><strong>sacrorumilli</strong></span> <span class='ocrx_word' id='word_1_273' title='bbox 1513 2328 1655 2384; x_wconf 90' lang='lat' dir='ltr'><strong>librorum</strong></span> <span class='ocrx_word' id='word_1_274' title='bbox 1673 2329 1804 2400; x_wconf 89' lang='lat' dir='ltr'><strong>interpre-</strong></span> 
     </span>
     <span class='ocr_line' id='line_1_24' title="bbox 128 2413 1802 2493; baseline 0.005 -26"><span class='ocrx_word' id='word_1_275' title='bbox 128 2413 326 2472; x_wconf 88' lang='lat' dir='ltr'><strong>ohservatione</strong></span> <span class='ocrx_word' id='word_1_276' title='bbox 340 2435 420 2474; x_wconf 92' lang='lat' dir='ltr'><strong>sacro</strong></span> <span class='ocrx_word' id='word_1_277' title='bbox 437 2420 548 2491; x_wconf 88' lang='lat' dir='ltr'><strong>dignari</strong></span> <span class='ocrx_word' id='word_1_278' title='bbox 565 2423 738 2493; x_wconf 90' lang='lat' dir='ltr'><strong>baptismate</strong></span> <span class='ocrx_word' id='word_1_279' title='bbox 751 2425 939 2483; x_wconf 88' lang='lat' dir='ltr'><strong>admittimus.</strong></span> <span class='ocrx_word' id='word_1_280' title='bbox 991 2422 1129 2478; x_wconf 86' lang='lat' dir='ltr'><strong>tationem</strong></span> <span class='ocrx_word' id='word_1_281' title='bbox 1140 2423 1408 2478; x_wconf 82' lang='lat' dir='ltr'><strong>accommodarunt?</strong></span> <span class='ocrx_word' id='word_1_282' title='bbox 1418 2426 1509 2493; x_wconf 77' lang='lat' dir='ltr'><strong>Atque</strong></span> <span class='ocrx_word' id='word_1_283' title='bbox 1520 2422 1702 2493; x_wconf 87' lang='lat' dir='ltr'><strong>bacquidem</strong></span> <span class='ocrx_word' id='word_1_284' title='bbox 1711 2438 1802 2475; x_wconf 87' lang='lat' dir='ltr'><strong>omnes</strong></span> 
     </span>
     <span class='ocr_line' id='line_1_25' title="bbox 128 2507 1804 2587; baseline 0.005 -25"><span class='ocrx_word' id='word_1_285' title='bbox 128 2507 215 2563; x_wconf 88' lang='lat' dir='ltr'><strong>Porro</strong></span> <span class='ocrx_word' id='word_1_286' title='bbox 242 2511 336 2565; x_wconf 92' lang='lat' dir='ltr'><strong>nullas</strong></span> <span class='ocrx_word' id='word_1_287' title='bbox 370 2512 568 2569; x_wconf 87' lang='lat' dir='ltr'><strong>Samaritanus</strong></span> <span class='ocrx_word' id='word_1_288' title='bbox 600 2517 793 2573; x_wconf 88' lang='lat' dir='ltr'><strong>Christianum</strong></span> <span class='ocrx_word' id='word_1_289' title='bbox 823 2520 942 2576; x_wconf 91' lang='lat' dir='ltr'><strong>habebit</strong></span> <span class='ocrx_word' id='word_1_290' title='bbox 990 2515 1132 2587; x_wconf 81' lang='lat' dir='ltr'><strong>praecipuo</strong></span> <span class='ocrx_word' id='word_1_291' title='bbox 1155 2518 1281 2571; x_wconf 90' lang='lat' dir='ltr'><strong>utentur.</strong></span> <span class='ocrx_word' id='word_1_292' title='bbox 1295 2516 1445 2571; x_wconf 89' lang='lat' dir='ltr'><strong>Netamen</strong></span> <span class='ocrx_word' id='word_1_293' title='bbox 1460 2515 1488 2570; x_wconf 89' lang='lat' dir='ltr'><strong>in</strong></span> <span class='ocrx_word' id='word_1_294' title='bbox 1504 2531 1568 2570; x_wconf 84' lang='lat' dir='ltr'><strong>eam</strong></span> <span class='ocrx_word' id='word_1_295' title='bbox 1584 2515 1804 2586; x_wconf 72' lang='lat' dir='ltr'><strong>opinionemve</strong></span> 
     </span>
     <span class='ocr_line' id='line_1_26' title="bbox 128 2601 1802 2685; baseline 0.002 -28"><span class='ocrx_word' id='word_1_296' title='bbox 128 2601 315 2673; x_wconf 88' lang='lat' dir='ltr'><strong>mancipium,</strong></span> <span class='ocrx_word' id='word_1_297' title='bbox 330 2606 474 2662; x_wconf 91' lang='lat' dir='ltr'><strong>sedsimul</strong></span> <span class='ocrx_word' id='word_1_298' title='bbox 488 2612 574 2680; x_wconf 85' lang='lat' dir='ltr'><strong>atque</strong></span> <span class='ocrx_word' id='word_1_299' title='bbox 595 2614 727 2682; x_wconf 90' lang='lat' dir='ltr'><strong>amptum</strong></span> <span class='ocrx_word' id='word_1_300' title='bbox 748 2612 844 2680; x_wconf 82' lang='lat' dir='ltr'><strong>fuerit,</strong></span> <span class='ocrx_word' id='word_1_301' title='bbox 872 2631 939 2685; x_wconf 87' lang='lat' dir='ltr'><strong>pro·</strong></span> <span class='ocrx_word' id='word_1_302' title='bbox 991 2608 1079 2675; x_wconf 78' lang='lat' dir='ltr'><strong>niam,</strong></span> <span class='ocrx_word' id='word_1_303' title='bbox 1097 2609 1177 2680; x_wconf 91' lang='lat' dir='ltr'><strong>quasi</strong></span> <span class='ocrx_word' id='word_1_304' title='bbox 1194 2613 1310 2663; x_wconf 74' lang='lat' dir='ltr'><strong>cataras</strong></span> <span class='ocrx_word' id='word_1_305' title='bbox 1329 2608 1580 2680; x_wconf 87' lang='lat' dir='ltr'><strong>interpretationes</strong></span> <span class='ocrx_word' id='word_1_306' title='bbox 1592 2608 1802 2673; x_wconf 83' lang='lat' dir='ltr'><strong>excluserimus,</strong></span> 
     </span>
     <span class='ocr_line' id='line_1_27' title="bbox 126 2693 1801 2773; baseline 0.004 -25"><span class='ocrx_word' id='word_1_307' title='bbox 126 2693 204 2749; x_wconf 88' lang='lat' dir='ltr'><strong>tinus</strong></span> <span class='ocrx_word' id='word_1_308' title='bbox 217 2696 247 2751; x_wconf 93' lang='lat' dir='ltr'><strong>in</strong></span> <span class='ocrx_word' id='word_1_309' title='bbox 264 2697 426 2754; x_wconf 84' lang='lat' dir='ltr'><strong>libertatem</strong></span> <span class='ocrx_word' id='word_1_310' title='bbox 442 2701 582 2773; x_wconf 87' lang='lat' dir='ltr'><strong>rapiatur.</strong></span> <span class='ocrx_word' id='word_1_311' title='bbox 990 2703 1091 2757; x_wconf 86' lang='lat' dir='ltr'><strong>damus</strong></span> <span class='ocrx_word' id='word_1_312' title='bbox 1100 2700 1439 2757; x_wconf 88' lang='lat' dir='ltr'><strong>illislicentiamutetiam</strong></span> <span class='ocrx_word' id='word_1_313' title='bbox 1450 2701 1691 2772; x_wconf 85' lang='lat' dir='ltr'><strong>interpretatione</strong></span> <span class='ocrx_word' id='word_1_314' title='bbox 1702 2702 1801 2772; x_wconf 78' lang='lat' dir='ltr'><strong>Aspida</strong></span> 
     </span>
     <span class='ocr_line' id='line_1_28' title="bbox 163 2789 1802 2870; baseline 0.001 -23"><span class='ocrx_word' id='word_1_315' title='bbox 163 2789 245 2852; x_wconf 82' lang='lat' dir='ltr'><strong>Quod</strong></span> <span class='ocrx_word' id='word_1_316' title='bbox 261 2791 283 2845; x_wconf 87' lang='lat' dir='ltr'><strong>si</strong></span> <span class='ocrx_word' id='word_1_317' title='bbox 295 2807 377 2862; x_wconf 76' lang='lat' dir='ltr'><strong>aque</strong></span> <span class='ocrx_word' id='word_1_318' title='bbox 390 2809 525 2864; x_wconf 78' lang='lat' dir='ltr'><strong>perversa</strong></span> <span class='ocrx_word' id='word_1_319' title='bbox 547 2797 683 2867; x_wconf 89' lang='lat' dir='ltr'><strong>opinione</strong></span> <span class='ocrx_word' id='word_1_320' title='bbox 706 2798 892 2870; x_wconf 87' lang='lat' dir='ltr'><strong>mancipium,</strong></span> <span class='ocrx_word' id='word_1_321' title='bbox 910 2805 941 2856; x_wconf 89' lang='lat' dir='ltr'><strong>ut</strong></span> <span class='ocrx_word' id='word_1_322' title='bbox 990 2799 1118 2860; x_wconf 87' lang='lat' dir='ltr'><strong>utantur,</strong></span> <span class='ocrx_word' id='word_1_323' title='bbox 1131 2795 1245 2850; x_wconf 68' lang='lat' dir='ltr'><strong>uineta</strong></span> <span class='ocrx_word' id='word_1_324' title='bbox 1262 2795 1318 2849; x_wconf 76' lang='lat' dir='ltr'><strong>illas</strong></span> <span class='ocrx_word' id='word_1_325' title='bbox 1335 2795 1451 2850; x_wconf 77' lang='lat' dir='ltr'><strong>divarue</strong></span> <span class='ocrx_word' id='word_1_326' title='bbox 1468 2794 1594 2849; x_wconf 86' lang='lat' dir='ltr'><strong>nationis</strong></span> <span class='ocrx_word' id='word_1_327' title='bbox 1611 2795 1713 2861; x_wconf 87' lang='lat' dir='ltr'><strong>luerit,</strong></span> <span class='ocrx_word' id='word_1_328' title='bbox 1733 2798 1761 2848; x_wconf 89' lang='lat' dir='ltr'><strong>et</strong></span> <span class='ocrx_word' id='word_1_329' title='bbox 1777 2795 1802 2848; x_wconf 91' lang='lat' dir='ltr'><strong>in</strong></span> 
     </span>
     <span class='ocr_line' id='line_1_29' title="bbox 128 2881 1801 2958; baseline 0.003 -22"><span class='ocrx_word' id='word_1_330' title='bbox 128 2881 187 2952; x_wconf 91' lang='lat' dir='ltr'><strong>ipse</strong></span> <span class='ocrx_word' id='word_1_331' title='bbox 203 2882 347 2952; x_wconf 91' lang='lat' dir='ltr'><strong>dominus,</strong></span> <span class='ocrx_word' id='word_1_332' title='bbox 363 2887 458 2955; x_wconf 84' lang='lat' dir='ltr'><strong>fuerit,</strong></span> <span class='ocrx_word' id='word_1_333' title='bbox 474 2888 619 2945; x_wconf 90' lang='lat' dir='ltr'><strong>licitumei</strong></span> <span class='ocrx_word' id='word_1_334' title='bbox 635 2894 706 2956; x_wconf 87' lang='lat' dir='ltr'><strong>esto,</strong></span> <span class='ocrx_word' id='word_1_335' title='bbox 721 2892 744 2946; x_wconf 94' lang='lat' dir='ltr'><strong>si</strong></span> <span class='ocrx_word' id='word_1_336' title='bbox 764 2892 940 2948; x_wconf 90' lang='lat' dir='ltr'><strong>Christiano·</strong></span> <span class='ocrx_word' id='word_1_337' title='bbox 990 2887 1136 2944; x_wconf 90' lang='lat' dir='ltr'><strong>nonnullis</strong></span> <span class='ocrx_word' id='word_1_338' title='bbox 1150 2888 1321 2943; x_wconf 88' lang='lat' dir='ltr'><strong>dictionibus</strong></span> <span class='ocrx_word' id='word_1_339' title='bbox 1339 2905 1396 2943; x_wconf 89' lang='lat' dir='ltr'><strong>aon</strong></span> <span class='ocrx_word' id='word_1_340' title='bbox 1413 2888 1585 2942; x_wconf 85' lang='lat' dir='ltr'><strong>mediocrem</strong></span> <span class='ocrx_word' id='word_1_341' title='bbox 1603 2904 1672 2942; x_wconf 90' lang='lat' dir='ltr'><strong>cum</strong></span> <span class='ocrx_word' id='word_1_342' title='bbox 1691 2889 1801 2958; x_wconf 87' lang='lat' dir='ltr'><strong>Septua-</strong></span> 
     </span>
     <span class='ocr_line' id='line_1_30' title="bbox 127 2975 1800 3053; baseline 0.004 -26"><span class='ocrx_word' id='word_1_343' title='bbox 127 2975 300 3031; x_wconf 88' lang='lat' dir='ltr'><strong>rumdeilda</strong></span> <span class='ocrx_word' id='word_1_344' title='bbox 310 2980 482 3035; x_wconf 88' lang='lat' dir='ltr'><strong>senteutiam</strong></span> <span class='ocrx_word' id='word_1_345' title='bbox 494 2983 680 3052; x_wconf 80' lang='lat' dir='ltr'><strong>exosculetur,</strong></span> <span class='ocrx_word' id='word_1_346' title='bbox 692 2985 766 3039; x_wconf 92' lang='lat' dir='ltr'><strong>illico</strong></span> <span class='ocrx_word' id='word_1_347' title='bbox 776 2987 941 3041; x_wconf 83' lang='lat' dir='ltr'><strong>etltomana</strong></span> <span class='ocrx_word' id='word_1_348' title='bbox 991 2983 1071 3053; x_wconf 88' lang='lat' dir='ltr'><strong>ginta</strong></span> <span class='ocrx_word' id='word_1_349' title='bbox 1093 2981 1198 3036; x_wconf 87' lang='lat' dir='ltr'><strong>habeat</strong></span> <span class='ocrx_word' id='word_1_350' title='bbox 1220 2980 1423 3036; x_wconf 81' lang='lat' dir='ltr'><strong>differentiam.</strong></span> <span class='ocrx_word' id='word_1_351' title='bbox 1451 2981 1520 3046; x_wconf 83' lang='lat' dir='ltr'><strong>Onoe</strong></span> <span class='ocrx_word' id='word_1_352' title='bbox 1543 2997 1612 3035; x_wconf 87' lang='lat' dir='ltr'><strong>vero</strong></span> <span class='ocrx_word' id='word_1_353' title='bbox 1640 2981 1800 3048; x_wconf 83' lang='lat' dir='ltr'><strong>deuterosis,</strong></span> 
     </span>
     <span class='ocr_line' id='line_1_31' title="bbox 129 3065 1803 3173; baseline 0.002 -50"><span class='ocrx_word' id='word_1_354' title='bbox 129 3065 221 3137; x_wconf 79' lang='lat' dir='ltr'><strong>ipsunt</strong></span> <span class='ocrx_word' id='word_1_355' title='bbox 234 3068 365 3125; x_wconf 87' lang='lat' dir='ltr'><strong>libertate</strong></span> <span class='ocrx_word' id='word_1_356' title='bbox 376 3072 470 3142; x_wconf 88' lang='lat' dir='ltr'><strong>potiri.</strong></span> <span class='ocrx_word' id='word_1_357' title='bbox 483 3074 552 3138; x_wconf 76' lang='lat' dir='ltr'><strong>011ae</strong></span> <span class='ocrx_word' id='word_1_358' title='bbox 566 3075 652 3145; x_wconf 82' lang='lat' dir='ltr'><strong>igitur</strong></span> <span class='ocrx_word' id='word_1_359' title='bbox 665 3077 746 3131; x_wconf 91' lang='lat' dir='ltr'><strong>nobis</strong></span> <span class='ocrx_word' id='word_1_360' title='bbox 759 3079 938 3148; x_wconf 90' lang='lat' dir='ltr'><strong>placuerunt,</strong></span> <span class='ocrx_word' id='word_1_361' title='bbox 950 3099 977 3173; x_wconf 80' lang='lat' dir='ltr'>C</span> <span class='ocrx_word' id='word_1_362' title='bbox 991 3092 1062 3146; x_wconf 88' lang='lat' dir='ltr'><strong>quas</strong></span> <span class='ocrx_word' id='word_1_363' title='bbox 1081 3073 1251 3130; x_wconf 87' lang='lat' dir='ltr'><strong>secundarie</strong></span> <span class='ocrx_word' id='word_1_364' title='bbox 1266 3074 1371 3129; x_wconf 85' lang='lat' dir='ltr'><strong>tradito</strong></span> <span class='ocrx_word' id='word_1_365' title='bbox 1386 3075 1421 3129; x_wconf 90' lang='lat' dir='ltr'><strong>ab</strong></span> <span class='ocrx_word' id='word_1_366' title='bbox 1437 3074 1505 3146; x_wconf 92' lang='lat' dir='ltr'><strong>ipsis</strong></span> <span class='ocrx_word' id='word_1_367' title='bbox 1519 3073 1635 3140; x_wconf 91' lang='lat' dir='ltr'><strong>dicitur,</strong></span> <span class='ocrx_word' id='word_1_368' title='bbox 1651 3075 1681 3129; x_wconf 92' lang='lat' dir='ltr'><strong>in</strong></span> <span class='ocrx_word' id='word_1_369' title='bbox 1699 3075 1803 3128; x_wconf 75' lang='lat' dir='ltr'><strong>unirer</strong></span> 
     </span>
     <span class='ocr_line' id='line_1_32' title="bbox 127 3161 1802 3242; baseline 0.005 -31"><span class='ocrx_word' id='word_1_370' title='bbox 127 3161 156 3212; x_wconf 87' lang='lat' dir='ltr'><strong>at</strong></span> <span class='ocrx_word' id='word_1_371' title='bbox 170 3175 222 3229; x_wconf 91' lang='lat' dir='ltr'><strong>per</strong></span> <span class='ocrx_word' id='word_1_372' title='bbox 235 3167 406 3231; x_wconf 70' lang='lat' dir='ltr'><strong>presentem</strong></span> <span class='ocrx_word' id='word_1_373' title='bbox 419 3163 715 3238; x_wconf 87' lang='lat' dir='ltr'><strong>declaranturlegem,</strong></span> <span class='ocrx_word' id='word_1_374' title='bbox 727 3186 761 3224; x_wconf 88' lang='lat' dir='ltr'><strong>aa</strong></span> <span class='ocrx_word' id='word_1_375' title='bbox 776 3187 940 3242; x_wconf 91' lang='lat' dir='ltr'><strong>proponens</strong></span> <span class='ocrx_word' id='word_1_376' title='bbox 990 3185 1051 3223; x_wconf 89' lang='lat' dir='ltr'><strong>sum</strong></span> <span class='ocrx_word' id='word_1_377' title='bbox 1066 3167 1272 3234; x_wconf 90' lang='lat' dir='ltr'><strong>interdicimus,</strong></span> <span class='ocrx_word' id='word_1_378' title='bbox 1284 3170 1316 3222; x_wconf 90' lang='lat' dir='ltr'><strong>ut</strong></span> <span class='ocrx_word' id='word_1_379' title='bbox 1329 3184 1392 3239; x_wconf 77' lang='lat' dir='ltr'><strong>qam</strong></span> <span class='ocrx_word' id='word_1_380' title='bbox 1405 3168 1492 3222; x_wconf 88' lang='lat' dir='ltr'><strong>sacris</strong></span> <span class='ocrx_word' id='word_1_381' title='bbox 1501 3168 1582 3222; x_wconf 91' lang='lat' dir='ltr'><strong>libris</strong></span> <span class='ocrx_word' id='word_1_382' title='bbox 1597 3168 1802 3239; x_wconf 86' lang='lat' dir='ltr'><strong>comprehensa</strong></span> 
     </span>
     <span class='ocr_line' id='line_1_33' title="bbox 127 3253 1801 3332; baseline 0.005 -26"><span class='ocrx_word' id='word_1_383' title='bbox 127 3253 218 3321; x_wconf 87' lang='lat' dir='ltr'><strong>gloria</strong></span> <span class='ocrx_word' id='word_1_384' title='bbox 232 3257 281 3309; x_wconf 90' lang='lat' dir='ltr'><strong>tua</strong></span> <span class='ocrx_word' id='word_1_385' title='bbox 297 3257 473 3314; x_wconf 90' lang='lat' dir='ltr'><strong>solemnibus</strong></span> <span class='ocrx_word' id='word_1_386' title='bbox 486 3259 562 3328; x_wconf 91' lang='lat' dir='ltr'><strong>locis,</strong></span> <span class='ocrx_word' id='word_1_387' title='bbox 577 3260 691 3319; x_wconf 82' lang='lat' dir='ltr'><strong>affectui</strong></span> <span class='ocrx_word' id='word_1_388' title='bbox 702 3266 731 3320; x_wconf 91' lang='lat' dir='ltr'><strong>et</strong></span> <span class='ocrx_word' id='word_1_389' title='bbox 745 3263 795 3319; x_wconf 88' lang='lat' dir='ltr'><strong>tlui</strong></span> <span class='ocrx_word' id='word_1_390' title='bbox 809 3264 940 3320; x_wconf 89' lang='lat' dir='ltr'><strong>contradi</strong></span> <span class='ocrx_word' id='word_1_391' title='bbox 989 3278 1047 3316; x_wconf 93' lang='lat' dir='ltr'><strong>non</strong></span> <span class='ocrx_word' id='word_1_392' title='bbox 1065 3261 1111 3330; x_wconf 91' lang='lat' dir='ltr'><strong>sit,</strong></span> <span class='ocrx_word' id='word_1_393' title='bbox 1125 3276 1218 3332; x_wconf 89' lang='lat' dir='ltr'><strong>neque</strong></span> <span class='ocrx_word' id='word_1_394' title='bbox 1233 3261 1358 3332; x_wconf 82' lang='lat' dir='ltr'><strong>desuper</strong></span> <span class='ocrx_word' id='word_1_395' title='bbox 1371 3261 1476 3316; x_wconf 89' lang='lat' dir='ltr'><strong>tradita</strong></span> <span class='ocrx_word' id='word_1_396' title='bbox 1497 3277 1547 3332; x_wconf 88' lang='lat' dir='ltr'><strong>per</strong></span> <span class='ocrx_word' id='word_1_397' title='bbox 1570 3261 1738 3332; x_wconf 88' lang='lat' dir='ltr'><strong>propbetas,</strong></span> <span class='ocrx_word' id='word_1_398' title='bbox 1757 3260 1801 3314; x_wconf 81' lang='lat' dir='ltr'><strong>sad</strong></span> 
     </span>
     <span class='ocr_line' id='line_1_34' title="bbox 127 3347 1801 3426; baseline 0.004 -26"><span class='ocrx_word' id='word_1_399' title='bbox 127 3347 285 3423; x_wconf 85' lang='lat' dir='ltr'><strong>praecipito.</strong></span> <span class='ocrx_word' id='word_1_400' title='bbox 988 3358 1117 3426; x_wconf 84' lang='lat' dir='ltr'><strong>excerpts</strong></span> <span class='ocrx_word' id='word_1_401' title='bbox 1139 3354 1271 3426; x_wconf 81' lang='lat' dir='ltr'><strong>quaedam</strong></span> <span class='ocrx_word' id='word_1_402' title='bbox 1296 3353 1421 3409; x_wconf 76' lang='lat' dir='ltr'><strong>auorum</strong></span> <span class='ocrx_word' id='word_1_403' title='bbox 1441 3354 1597 3420; x_wconf 88' lang='lat' dir='ltr'><strong>contineat,</strong></span> <span class='ocrx_word' id='word_1_404' title='bbox 1621 3354 1673 3425; x_wconf 91' lang='lat' dir='ltr'><strong>qui</strong></span> <span class='ocrx_word' id='word_1_405' title='bbox 1694 3359 1801 3409; x_wconf 84' lang='lat' dir='ltr'><strong>terrena</strong></span> 
     </span>
     <span class='ocr_line' id='line_1_35' title="bbox 393 3423 1800 3519; baseline 0.006 -27"><span class='ocrx_word' id='word_1_406' title='bbox 393 3423 550 3480; x_wconf 61' lang='lat' dir='ltr'><strong>NOVELLA</strong></span> <span class='ocrx_word' id='word_1_407' title='bbox 563 3425 670 3481; x_wconf 71' lang='lat' dir='ltr'><strong>fflvi·</strong></span> <span class='ocrx_word' id='word_1_408' title='bbox 989 3447 1130 3503; x_wconf 86' lang='lat' dir='ltr'><strong>duntaxat</strong></span> <span class='ocrx_word' id='word_1_409' title='bbox 1149 3447 1313 3517; x_wconf 83' lang='lat' dir='ltr'><strong>loquantur,</strong></span> <span class='ocrx_word' id='word_1_410' title='bbox 1336 3461 1428 3518; x_wconf 88' lang='lat' dir='ltr'><strong>neque</strong></span> <span class='ocrx_word' id='word_1_411' title='bbox 1449 3447 1608 3519; x_wconf 87' lang='lat' dir='ltr'><strong>quidquem</strong></span> <span class='ocrx_word' id='word_1_412' title='bbox 1622 3446 1655 3500; x_wconf 92' lang='lat' dir='ltr'><strong>in</strong></span> <span class='ocrx_word' id='word_1_413' title='bbox 1669 3463 1699 3500; x_wconf 86' lang='lat' dir='ltr'><strong>se</strong></span> <span class='ocrx_word' id='word_1_414' title='bbox 1720 3445 1800 3501; x_wconf 81' lang='lat' dir='ltr'><strong>dirim</strong></span> 
     </span>
     <span class='ocr_line' id='line_1_36' title="bbox 144 3514 1264 3596; baseline 0.013 -27"><span class='ocrx_word' id='word_1_415' title='bbox 144 3514 320 3579; x_wconf 77' lang='lat' dir='ltr'><strong>llellrhraeis,</strong></span> <span class='ocrx_word' id='word_1_416' title='bbox 334 3518 465 3586; x_wconf 81' lang='lat' dir='ltr'><strong>quomodo</strong></span> <span class='ocrx_word' id='word_1_417' title='bbox 474 3525 595 3589; x_wconf 76' lang='lat' dir='ltr'><strong>opmteut</strong></span> <span class='ocrx_word' id='word_1_418' title='bbox 606 3536 648 3575; x_wconf 85' lang='lat' dir='ltr'><strong>eos</strong></span> <span class='ocrx_word' id='word_1_419' title='bbox 657 3521 814 3592; x_wconf 82' lang='lat' dir='ltr'><strong>Scripturas</strong></span> <span class='ocrx_word' id='word_1_420' title='bbox 825 3524 920 3594; x_wconf 73' lang='lat' dir='ltr'><strong>baara</strong></span> <span class='ocrx_word' id='word_1_421' title='bbox 988 3541 1112 3596; x_wconf 65' lang='lat' dir='ltr'><strong>habeant</strong></span> <span class='ocrx_word' id='word_1_422' title='bbox 1126 3539 1264 3595; x_wconf 69' lang='lat' dir='ltr'><strong>numinis,</strong></span> 
     </span>
     <span class='ocr_line' id='line_1_37' title="bbox 160 3631 1801 3712; baseline 0.002 -28"><span class='ocrx_word' id='word_1_423' title='bbox 160 3631 320 3702; x_wconf 85' lang='lat' dir='ltr'><strong>Imperator</strong></span> <span class='ocrx_word' id='word_1_424' title='bbox 337 3634 513 3689; x_wconf 85' lang='lat' dir='ltr'><strong>lastinianus</strong></span> <span class='ocrx_word' id='word_1_425' title='bbox 532 3640 673 3707; x_wconf 84' lang='lat' dir='ltr'><strong>Augustus</strong></span> <span class='ocrx_word' id='word_1_426' title='bbox 693 3638 858 3695; x_wconf 69' lang='lat' dir='ltr'><strong>areobindo</strong></span> <span class='ocrx_word' id='word_1_427' title='bbox 881 3641 939 3712; x_wconf 86' lang='lat' dir='ltr'><strong>glo·</strong></span> <span class='ocrx_word' id='word_1_428' title='bbox 1024 3634 1080 3689; x_wconf 87' lang='lat' dir='ltr'><strong>Sed</strong></span> <span class='ocrx_word' id='word_1_429' title='bbox 1099 3638 1129 3689; x_wconf 87' lang='lat' dir='ltr'><strong>at</strong></span> <span class='ocrx_word' id='word_1_430' title='bbox 1145 3633 1220 3705; x_wconf 88' lang='lat' dir='ltr'><strong>ipsas</strong></span> <span class='ocrx_word' id='word_1_431' title='bbox 1235 3633 1336 3705; x_wconf 87' lang='lat' dir='ltr'><strong>utique</strong></span> <span class='ocrx_word' id='word_1_432' title='bbox 1346 3648 1441 3688; x_wconf 87' lang='lat' dir='ltr'><strong>sacras</strong></span> <span class='ocrx_word' id='word_1_433' title='bbox 1456 3648 1539 3686; x_wconf 87' lang='lat' dir='ltr'><strong>rocas</strong></span> <span class='ocrx_word' id='word_1_434' title='bbox 1550 3634 1663 3704; x_wconf 87' lang='lat' dir='ltr'><strong>legant,</strong></span> <span class='ocrx_word' id='word_1_435' title='bbox 1682 3649 1747 3688; x_wconf 90' lang='lat' dir='ltr'><strong>cum</strong></span> <span class='ocrx_word' id='word_1_436' title='bbox 1759 3649 1801 3687; x_wconf 87' lang='lat' dir='ltr'><strong>sa-</strong></span> 
     </span>
     <span class='ocr_line' id='line_1_38' title="bbox 124 3723 1802 3800; baseline 0 -20"><span class='ocrx_word' id='word_1_437' title='bbox 124 3723 283 3780; x_wconf 87' lang='lat' dir='ltr'><strong>riasissimo</strong></span> <span class='ocrx_word' id='word_1_438' title='bbox 296 3727 496 3798; x_wconf 79' lang='lat' dir='ltr'><strong>praetoriorum</strong></span> <span class='ocrx_word' id='word_1_439' title='bbox 509 3730 654 3800; x_wconf 70' lang='lat' dir='ltr'><strong>proiecto.</strong></span> <span class='ocrx_word' id='word_1_440' title='bbox 988 3744 1051 3784; x_wconf 92' lang='lat' dir='ltr'><strong>cros</strong></span> <span class='ocrx_word' id='word_1_441' title='bbox 1067 3727 1154 3782; x_wconf 89' lang='lat' dir='ltr'><strong>libros</strong></span> <span class='ocrx_word' id='word_1_442' title='bbox 1167 3727 1316 3793; x_wconf 86' lang='lat' dir='ltr'><strong>evolvunt;</strong></span> <span class='ocrx_word' id='word_1_443' title='bbox 1335 3743 1429 3798; x_wconf 88' lang='lat' dir='ltr'><strong>aeque</strong></span> <span class='ocrx_word' id='word_1_444' title='bbox 1445 3725 1573 3780; x_wconf 89' lang='lat' dir='ltr'><strong>celantes</strong></span> <span class='ocrx_word' id='word_1_445' title='bbox 1596 3742 1634 3780; x_wconf 86' lang='lat' dir='ltr'><strong>ea</strong></span> <span class='ocrx_word' id='word_1_446' title='bbox 1656 3742 1722 3798; x_wconf 82' lang='lat' dir='ltr'><strong>quse</strong></span> <span class='ocrx_word' id='word_1_447' title='bbox 1739 3726 1802 3780; x_wconf 88' lang='lat' dir='ltr'><strong>inibi</strong></span> 
     </span>
     <span class='ocr_line' id='line_1_39' title="bbox 161 3819 1801 3894; baseline 0.001 -23"><span class='ocrx_word' id='word_1_448' title='bbox 161 3819 283 3887; x_wconf 84' lang='lat' dir='ltr'><strong>AEquam</strong></span> <span class='ocrx_word' id='word_1_449' title='bbox 295 3836 364 3875; x_wconf 88' lang='lat' dir='ltr'><strong>sana</strong></span> <span class='ocrx_word' id='word_1_450' title='bbox 378 3824 440 3876; x_wconf 90' lang='lat' dir='ltr'><strong>erat</strong></span> <span class='ocrx_word' id='word_1_451' title='bbox 452 3825 484 3876; x_wconf 94' lang='lat' dir='ltr'><strong>ut</strong></span> <span class='ocrx_word' id='word_1_452' title='bbox 493 3823 614 3891; x_wconf 79' lang='lat' dir='ltr'><strong>Hebraei,</strong></span> <span class='ocrx_word' id='word_1_453' title='bbox 628 3825 788 3880; x_wconf 86' lang='lat' dir='ltr'><strong>cumsacris</strong></span> <span class='ocrx_word' id='word_1_454' title='bbox 800 3826 936 3882; x_wconf 88' lang='lat' dir='ltr'><strong>librisau-</strong></span> <span class='ocrx_word' id='word_1_455' title='bbox 988 3823 1101 3894; x_wconf 66' lang='lat' dir='ltr'><strong>proluit</strong></span> <span class='ocrx_word' id='word_1_456' title='bbox 1118 3827 1193 3888; x_wconf 90' lang='lat' dir='ltr'><strong>sunt,</strong></span> <span class='ocrx_word' id='word_1_457' title='bbox 1215 3819 1392 3875; x_wconf 74' lang='lat' dir='ltr'><strong>01iriss³00115</strong></span> <span class='ocrx_word' id='word_1_458' title='bbox 1407 3823 1554 3874; x_wconf 67' lang='lat' dir='ltr'><strong>assumunt</strong></span> <span class='ocrx_word' id='word_1_459' title='bbox 1574 3835 1724 3890; x_wconf 85' lang='lat' dir='ltr'><strong>nusquam</strong></span> <span class='ocrx_word' id='word_1_460' title='bbox 1738 3819 1801 3874; x_wconf 87' lang='lat' dir='ltr'><strong>scri·</strong></span> 
     </span>
     <span class='ocr_line' id='line_1_40' title="bbox 127 3907 1802 3987; baseline 0.005 -28"><span class='ocrx_word' id='word_1_461' title='bbox 127 3920 173 3959; x_wconf 90' lang='lat' dir='ltr'><strong>res</strong></span> <span class='ocrx_word' id='word_1_462' title='bbox 189 3907 328 3977; x_wconf 74' lang='lat' dir='ltr'><strong>praebent,</strong></span> <span class='ocrx_word' id='word_1_463' title='bbox 342 3927 400 3965; x_wconf 90' lang='lat' dir='ltr'><strong>nou</strong></span> <span class='ocrx_word' id='word_1_464' title='bbox 414 3911 513 3966; x_wconf 87' lang='lat' dir='ltr'><strong>leviter</strong></span> <span class='ocrx_word' id='word_1_465' title='bbox 519 3917 548 3967; x_wconf 91' lang='lat' dir='ltr'><strong>at</strong></span> <span class='ocrx_word' id='word_1_466' title='bbox 556 3913 641 3968; x_wconf 89' lang='lat' dir='ltr'><strong>rebus</strong></span> <span class='ocrx_word' id='word_1_467' title='bbox 655 3915 837 3971; x_wconf 89' lang='lat' dir='ltr'><strong>solummodo</strong></span> <span class='ocrx_word' id='word_1_468' title='bbox 850 3918 939 3987; x_wconf 90' lang='lat' dir='ltr'><strong>gestis</strong></span> <span class='ocrx_word' id='word_1_469' title='bbox 987 3919 1051 3986; x_wconf 83' lang='lat' dir='ltr'><strong>ptos</strong></span> <span class='ocrx_word' id='word_1_470' title='bbox 1062 3931 1163 3970; x_wconf 86' lang='lat' dir='ltr'><strong>rocam</strong></span> <span class='ocrx_word' id='word_1_471' title='bbox 1176 3913 1339 3981; x_wconf 84' lang='lat' dir='ltr'><strong>inanitates,</strong></span> <span class='ocrx_word' id='word_1_472' title='bbox 1352 3913 1388 3968; x_wconf 87' lang='lat' dir='ltr'><strong>ab</strong></span> <span class='ocrx_word' id='word_1_473' title='bbox 1399 3913 1467 3984; x_wconf 90' lang='lat' dir='ltr'><strong>ipsis</strong></span> <span class='ocrx_word' id='word_1_474' title='bbox 1481 3912 1517 3967; x_wconf 86' lang='lat' dir='ltr'><strong>ad</strong></span> <span class='ocrx_word' id='word_1_475' title='bbox 1533 3912 1733 3984; x_wconf 88' lang='lat' dir='ltr'><strong>perditionem</strong></span> <span class='ocrx_word' id='word_1_476' title='bbox 1742 3914 1802 3968; x_wconf 81' lang='lat' dir='ltr'><strong>sim</strong></span> 
     </span>
     <span class='ocr_line' id='line_1_41' title="bbox 126 3992 1331 4079; baseline 0.011 -31"><span class='ocrx_word' id='word_1_477' title='bbox 126 3992 347 4065; x_wconf 87' lang='lat' dir='ltr'><strong>delectarentur,</strong></span> <span class='ocrx_word' id='word_1_478' title='bbox 363 3999 415 4054; x_wconf 91' lang='lat' dir='ltr'><strong>sed</strong></span> <span class='ocrx_word' id='word_1_479' title='bbox 428 4001 590 4056; x_wconf 91' lang='lat' dir='ltr'><strong>reconditos</strong></span> <span class='ocrx_word' id='word_1_480' title='bbox 603 4002 631 4056; x_wconf 89' lang='lat' dir='ltr'><strong>in</strong></span> <span class='ocrx_word' id='word_1_481' title='bbox 640 4002 710 4074; x_wconf 90' lang='lat' dir='ltr'><strong>ipsis</strong></span> <span class='ocrx_word' id='word_1_482' title='bbox 722 4021 821 4059; x_wconf 90' lang='lat' dir='ltr'><strong>sensas</strong></span> <span class='ocrx_word' id='word_1_483' title='bbox 831 4010 939 4078; x_wconf 88' lang='lat' dir='ltr'><strong>specta·</strong></span> <span class='ocrx_word' id='word_1_484' title='bbox 987 4008 1136 4079; x_wconf 90' lang='lat' dir='ltr'><strong>pliciorum</strong></span> <span class='ocrx_word' id='word_1_485' title='bbox 1149 4008 1331 4078; x_wconf 86' lang='lat' dir='ltr'><strong>excogitatas.</strong></span> 
     </span>
     <span class='ocr_line' id='line_1_42' title="bbox 124 4092 1802 4172; baseline 0.007 -30"><span class='ocrx_word' id='word_1_486' title='bbox 124 4092 200 4155; x_wconf 88' lang='lat' dir='ltr'><strong>rent,</strong></span> <span class='ocrx_word' id='word_1_487' title='bbox 213 4106 266 4161; x_wconf 90' lang='lat' dir='ltr'><strong>par</strong></span> <span class='ocrx_word' id='word_1_488' title='bbox 275 4106 346 4161; x_wconf 90' lang='lat' dir='ltr'><strong>quas</strong></span> <span class='ocrx_word' id='word_1_489' title='bbox 355 4094 543 4164; x_wconf 85' lang='lat' dir='ltr'><strong>magnumilli</strong></span> <span class='ocrx_word' id='word_1_490' title='bbox 553 4096 645 4151; x_wconf 85' lang='lat' dir='ltr'><strong>Deum</strong></span> <span class='ocrx_word' id='word_1_491' title='bbox 654 4102 683 4152; x_wconf 89' lang='lat' dir='ltr'><strong>et</strong></span> <span class='ocrx_word' id='word_1_492' title='bbox 693 4097 874 4154; x_wconf 76' lang='lat' dir='ltr'><strong>servatorem</strong></span> <span class='ocrx_word' id='word_1_493' title='bbox 884 4101 937 4154; x_wconf 92' lang='lat' dir='ltr'><strong>hu·</strong></span> <span class='ocrx_word' id='word_1_494' title='bbox 1023 4100 1103 4156; x_wconf 93' lang='lat' dir='ltr'><strong>Unde</strong></span> <span class='ocrx_word' id='word_1_495' title='bbox 1109 4101 1162 4155; x_wconf 87' lang='lat' dir='ltr'><strong>hac</strong></span> <span class='ocrx_word' id='word_1_496' title='bbox 1173 4100 1282 4155; x_wconf 85' lang='lat' dir='ltr'><strong>anobis</strong></span> <span class='ocrx_word' id='word_1_497' title='bbox 1292 4100 1412 4171; x_wconf 80' lang='lat' dir='ltr'><strong>praebita</strong></span> <span class='ocrx_word' id='word_1_498' title='bbox 1423 4100 1657 4171; x_wconf 66' lang='lat' dir='ltr'><strong>licentiamque</strong></span> <span class='ocrx_word' id='word_1_499' title='bbox 1665 4099 1802 4172; x_wconf 86' lang='lat' dir='ltr'><strong>aliquibus</strong></span> 
     </span>
     <span class='ocr_line' id='line_1_43' title="bbox 124 4183 1801 4265; baseline 0.007 -29"><span class='ocrx_word' id='word_1_500' title='bbox 124 4183 202 4237; x_wconf 89' lang='lat' dir='ltr'><strong>maui</strong></span> <span class='ocrx_word' id='word_1_501' title='bbox 227 4185 342 4254; x_wconf 85' lang='lat' dir='ltr'><strong>generis</strong></span> <span class='ocrx_word' id='word_1_502' title='bbox 360 4188 456 4242; x_wconf 85' lang='lat' dir='ltr'><strong>tesam</strong></span> <span class='ocrx_word' id='word_1_503' title='bbox 470 4188 613 4244; x_wconf 84' lang='lat' dir='ltr'><strong>Christum</strong></span> <span class='ocrx_word' id='word_1_504' title='bbox 633 4191 818 4247; x_wconf 88' lang='lat' dir='ltr'><strong>annuntiant.</strong></span> <span class='ocrx_word' id='word_1_505' title='bbox 832 4194 937 4250; x_wconf 88' lang='lat' dir='ltr'><strong>Verum</strong></span> <span class='ocrx_word' id='word_1_506' title='bbox 986 4190 1104 4249; x_wconf 57' lang='lat' dir='ltr'><strong>amabo</strong></span> <span class='ocrx_word' id='word_1_507' title='bbox 1114 4192 1476 4265; x_wconf 87' lang='lat' dir='ltr'><strong>subdenturdispendiishi</strong></span> <span class='ocrx_word' id='word_1_508' title='bbox 1488 4192 1538 4263; x_wconf 91' lang='lat' dir='ltr'><strong>qui</strong></span> <span class='ocrx_word' id='word_1_509' title='bbox 1548 4193 1683 4248; x_wconf 68' lang='lat' dir='ltr'><strong>Graecam</strong></span> <span class='ocrx_word' id='word_1_510' title='bbox 1697 4197 1726 4248; x_wconf 88' lang='lat' dir='ltr'><strong>et</strong></span> <span class='ocrx_word' id='word_1_511' title='bbox 1740 4194 1801 4247; x_wconf 81' lang='lat' dir='ltr'><strong>alias</strong></span> 
     </span>
     <span class='ocr_line' id='line_1_44' title="bbox 123 4277 1799 4358; baseline 0.006 -29"><span class='ocrx_word' id='word_1_512' title='bbox 123 4277 270 4334; x_wconf 87' lang='lat' dir='ltr'><strong>enimvero</strong></span> <span class='ocrx_word' id='word_1_513' title='bbox 281 4281 412 4350; x_wconf 84' lang='lat' dir='ltr'><strong>quemvis</strong></span> <span class='ocrx_word' id='word_1_514' title='bbox 423 4280 490 4336; x_wconf 90' lang='lat' dir='ltr'><strong>dum</strong></span> <span class='ocrx_word' id='word_1_515' title='bbox 500 4284 674 4339; x_wconf 89' lang='lat' dir='ltr'><strong>commentis</strong></span> <span class='ocrx_word' id='word_1_516' title='bbox 685 4284 935 4357; x_wconf 89' lang='lat' dir='ltr'><strong>interipsosintar-</strong></span> <span class='ocrx_word' id='word_1_517' title='bbox 986 4287 1266 4358; x_wconf 86' lang='lat' dir='ltr'><strong>linguasassumuut,</strong></span> <span class='ocrx_word' id='word_1_518' title='bbox 1277 4303 1370 4357; x_wconf 90' lang='lat' dir='ltr'><strong>neque</strong></span> <span class='ocrx_word' id='word_1_519' title='bbox 1380 4285 1799 4356; x_wconf 87' lang='lat' dir='ltr'><strong>itemaballoprobibehnutur.</strong></span> 
     </span>
     <span class='ocr_line' id='line_1_45' title="bbox 122 4371 1801 4452; baseline 0.004 -28"><span class='ocrx_word' id='word_1_520' title='bbox 122 4371 332 4440; x_wconf 89' lang='lat' dir='ltr'><strong>prolationibus</strong></span> <span class='ocrx_word' id='word_1_521' title='bbox 344 4390 374 4429; x_wconf 91' lang='lat' dir='ltr'><strong>se</strong></span> <span class='ocrx_word' id='word_1_522' title='bbox 389 4375 585 4443; x_wconf 90' lang='lat' dir='ltr'><strong>committunt,</strong></span> <span class='ocrx_word' id='word_1_523' title='bbox 596 4377 625 4431; x_wconf 91' lang='lat' dir='ltr'><strong>in</strong></span> <span class='ocrx_word' id='word_1_524' title='bbox 637 4379 712 4433; x_wconf 88' lang='lat' dir='ltr'><strong>hanc</strong></span> <span class='ocrx_word' id='word_1_525' title='bbox 724 4395 814 4450; x_wconf 91' lang='lat' dir='ltr'><strong>usque</strong></span> <span class='ocrx_word' id='word_1_526' title='bbox 826 4380 903 4434; x_wconf 90' lang='lat' dir='ltr'><strong>diam</strong></span> <span class='ocrx_word' id='word_1_527' title='bbox 919 4397 936 4436; x_wconf 88' lang='lat' dir='ltr'><strong>a</strong></span> <span class='ocrx_word' id='word_1_528' title='bbox 986 4383 1082 4452; x_wconf 88' lang='lat' dir='ltr'><strong>Neque</strong></span> <span class='ocrx_word' id='word_1_529' title='bbox 1089 4380 1137 4452; x_wconf 92' lang='lat' dir='ltr'><strong>qui</strong></span> <span class='ocrx_word' id='word_1_530' title='bbox 1147 4379 1393 4451; x_wconf 72' lang='lat' dir='ltr'><strong>archipherecitae,</strong></span> <span class='ocrx_word' id='word_1_531' title='bbox 1406 4383 1455 4433; x_wconf 89' lang='lat' dir='ltr'><strong>aut</strong></span> <span class='ocrx_word' id='word_1_532' title='bbox 1466 4378 1596 4434; x_wconf 89' lang='lat' dir='ltr'><strong>seniores</strong></span> <span class='ocrx_word' id='word_1_533' title='bbox 1611 4379 1742 4448; x_wconf 81' lang='lat' dir='ltr'><strong>interim,</strong></span> <span class='ocrx_word' id='word_1_534' title='bbox 1758 4383 1801 4433; x_wconf 82' lang='lat' dir='ltr'><strong>sat</strong></span> 
     </span>
     <span class='ocr_line' id='line_1_46' title="bbox 123 4466 1799 4543; baseline 0.007 -27"><span class='ocrx_word' id='word_1_535' title='bbox 123 4467 200 4518; x_wconf 87' lang='lat' dir='ltr'><strong>recta</strong></span> <span class='ocrx_word' id='word_1_536' title='bbox 219 4466 362 4522; x_wconf 88' lang='lat' dir='ltr'><strong>sententia</strong></span> <span class='ocrx_word' id='word_1_537' title='bbox 383 4468 554 4524; x_wconf 86' lang='lat' dir='ltr'><strong>aberrarunt</strong></span> <span class='ocrx_word' id='word_1_538' title='bbox 567 4487 573 4525; x_wconf 84' lang='lat' dir='ltr'>z</span> <span class='ocrx_word' id='word_1_539' title='bbox 592 4471 659 4542; x_wconf 89' lang='lat' dir='ltr'><strong>quia</strong></span> <span class='ocrx_word' id='word_1_540' title='bbox 672 4476 767 4527; x_wconf 88' lang='lat' dir='ltr'><strong>tamen</strong></span> <span class='ocrx_word' id='word_1_541' title='bbox 785 4468 974 4541; x_wconf 78' lang='lat' dir='ltr'><strong>didicimusl)</strong></span> <span class='ocrx_word' id='word_1_542' title='bbox 985 4475 1068 4530; x_wconf 88' lang='lat' dir='ltr'><strong>etiam</strong></span> <span class='ocrx_word' id='word_1_543' title='bbox 1080 4472 1209 4543; x_wconf 78' lang='lat' dir='ltr'><strong>magistri</strong></span> <span class='ocrx_word' id='word_1_544' title='bbox 1221 4472 1297 4543; x_wconf 89' lang='lat' dir='ltr'><strong>apud</strong></span> <span class='ocrx_word' id='word_1_545' title='bbox 1306 4487 1355 4526; x_wconf 90' lang='lat' dir='ltr'><strong>eos</strong></span> <span class='ocrx_word' id='word_1_546' title='bbox 1364 4470 1712 4543; x_wconf 85' lang='lat' dir='ltr'><strong>appellantur,licentiam</strong></span> <span class='ocrx_word' id='word_1_547' title='bbox 1723 4471 1799 4526; x_wconf 79' lang='lat' dir='ltr'><strong>habe</strong></span> 
     </span>
     <span class='ocr_line' id='line_1_47' title="bbox 122 4556 1797 4637; baseline 0.006 -27"><span class='ocrx_word' id='word_1_548' title='bbox 122 4556 229 4613; x_wconf 87' lang='lat' dir='ltr'><strong>habere</strong></span> <span class='ocrx_word' id='word_1_549' title='bbox 242 4559 319 4629; x_wconf 88' lang='lat' dir='ltr'><strong>ipsos</strong></span> <span class='ocrx_word' id='word_1_550' title='bbox 334 4560 409 4615; x_wconf 90' lang='lat' dir='ltr'><strong>inter</strong></span> <span class='ocrx_word' id='word_1_551' title='bbox 420 4579 449 4616; x_wconf 87' lang='lat' dir='ltr'><strong>se</strong></span> <span class='ocrx_word' id='word_1_552' title='bbox 465 4565 699 4632; x_wconf 89' lang='lat' dir='ltr'><strong>controversiam,</strong></span> <span class='ocrx_word' id='word_1_553' title='bbox 720 4581 779 4620; x_wconf 91' lang='lat' dir='ltr'><strong>non</strong></span> <span class='ocrx_word' id='word_1_554' title='bbox 803 4565 936 4620; x_wconf 91' lang='lat' dir='ltr'><strong>sustinui·</strong></span> <span class='ocrx_word' id='word_1_555' title='bbox 985 4565 1191 4622; x_wconf 82' lang='lat' dir='ltr'><strong>buntutrairis</strong></span> <span class='ocrx_word' id='word_1_556' title='bbox 1204 4565 1557 4637; x_wconf 88' lang='lat' dir='ltr'><strong>quibusdamcommentis</strong></span> <span class='ocrx_word' id='word_1_557' title='bbox 1568 4569 1621 4620; x_wconf 88' lang='lat' dir='ltr'><strong>aut</strong></span> <span class='ocrx_word' id='word_1_558' title='bbox 1636 4566 1797 4620; x_wconf 85' lang='lat' dir='ltr'><strong>anathema·</strong></span> 
     </span>
     <span class='ocr_line' id='line_1_48' title="bbox 122 4654 1797 4730; baseline 0.004 -26"><span class='ocrx_word' id='word_1_559' title='bbox 122 4666 185 4704; x_wconf 92' lang='lat' dir='ltr'><strong>mus</strong></span> <span class='ocrx_word' id='word_1_560' title='bbox 198 4667 265 4706; x_wconf 90' lang='lat' dir='ltr'><strong>eum</strong></span> <span class='ocrx_word' id='word_1_561' title='bbox 280 4654 433 4708; x_wconf 90' lang='lat' dir='ltr'><strong>tumultum</strong></span> <span class='ocrx_word' id='word_1_562' title='bbox 448 4655 610 4727; x_wconf 85' lang='lat' dir='ltr'><strong>relinquere</strong></span> <span class='ocrx_word' id='word_1_563' title='bbox 624 4657 692 4728; x_wconf 91' lang='lat' dir='ltr'><strong>ipsis</strong></span> <span class='ocrx_word' id='word_1_564' title='bbox 702 4657 933 4730; x_wconf 86' lang='lat' dir='ltr'><strong>incompositum.</strong></span> <span class='ocrx_word' id='word_1_565' title='bbox 984 4657 1455 4730; x_wconf 88' lang='lat' dir='ltr'><strong>tismisidprohibeant,nisivelint</strong></span> <span class='ocrx_word' id='word_1_566' title='bbox 1463 4658 1665 4728; x_wconf 87' lang='lat' dir='ltr'><strong>corporalibus</strong></span> <span class='ocrx_word' id='word_1_567' title='bbox 1672 4657 1797 4729; x_wconf 85' lang='lat' dir='ltr'><strong>castigati</strong></span> 
     </span>
     <span class='ocr_line' id='line_1_49' title="bbox 122 4742 1800 4826; baseline 0.004 -28"><span class='ocrx_word' id='word_1_568' title='bbox 122 4742 270 4815; x_wconf 87' lang='lat' dir='ltr'><strong>Siquidem</strong></span> <span class='ocrx_word' id='word_1_569' title='bbox 284 4747 659 4821; x_wconf 82' lang='lat' dir='ltr'><strong>periaterpeilationesqura</strong></span> <span class='ocrx_word' id='word_1_570' title='bbox 669 4749 705 4805; x_wconf 88' lang='lat' dir='ltr'><strong>ad</strong></span> <span class='ocrx_word' id='word_1_571' title='bbox 715 4752 936 4807; x_wconf 87' lang='lat' dir='ltr'><strong>uosralerantur</strong></span> <span class='ocrx_word' id='word_1_572' title='bbox 985 4754 1086 4826; x_wconf 77' lang='lat' dir='ltr'><strong>pranis,</strong></span> <span class='ocrx_word' id='word_1_573' title='bbox 1110 4758 1195 4824; x_wconf 87' lang='lat' dir='ltr'><strong>atque</strong></span> <span class='ocrx_word' id='word_1_574' title='bbox 1209 4751 1326 4823; x_wconf 90' lang='lat' dir='ltr'><strong>insuper</strong></span> <span class='ocrx_word' id='word_1_575' title='bbox 1341 4750 1423 4806; x_wconf 92' lang='lat' dir='ltr'><strong>bonis</strong></span> <span class='ocrx_word' id='word_1_576' title='bbox 1439 4751 1562 4822; x_wconf 89' lang='lat' dir='ltr'><strong>spoliati,</strong></span> <span class='ocrx_word' id='word_1_577' title='bbox 1581 4750 1629 4805; x_wconf 87' lang='lat' dir='ltr'><strong>rel</strong></span> <span class='ocrx_word' id='word_1_578' title='bbox 1643 4752 1728 4806; x_wconf 87' lang='lat' dir='ltr'><strong>inriti</strong></span> <span class='ocrx_word' id='word_1_579' title='bbox 1743 4767 1800 4806; x_wconf 88' lang='lat' dir='ltr'><strong>coa·</strong></span> 
     </span>
     <span class='ocr_line' id='line_1_50' title="bbox 121 4836 1800 4917; baseline 0.005 -26"><span class='ocrx_word' id='word_1_580' title='bbox 121 4836 358 4910; x_wconf 82' lang='lat' dir='ltr'><strong>‹lidicimusquod</strong></span> <span class='ocrx_word' id='word_1_581' title='bbox 372 4841 604 4913; x_wconf 82' lang='lat' dir='ltr'><strong>exipsisquidam</strong></span> <span class='ocrx_word' id='word_1_582' title='bbox 616 4844 786 4915; x_wconf 86' lang='lat' dir='ltr'><strong>solalingna</strong></span> <span class='ocrx_word' id='word_1_583' title='bbox 801 4848 936 4900; x_wconf 88' lang='lat' dir='ltr'><strong>tenentur</strong></span> <span class='ocrx_word' id='word_1_584' title='bbox 984 4847 1090 4902; x_wconf 89' lang='lat' dir='ltr'><strong>sentire</strong></span> <span class='ocrx_word' id='word_1_585' title='bbox 1103 4846 1196 4913; x_wconf 89' lang='lat' dir='ltr'><strong>uobis,</strong></span> <span class='ocrx_word' id='word_1_586' title='bbox 1213 4845 1261 4917; x_wconf 93' lang='lat' dir='ltr'><strong>qui</strong></span> <span class='ocrx_word' id='word_1_587' title='bbox 1277 4851 1306 4900; x_wconf 92' lang='lat' dir='ltr'><strong>et</strong></span> <span class='ocrx_word' id='word_1_588' title='bbox 1319 4843 1515 4914; x_wconf 70' lang='lat' dir='ltr'><strong>praestantiore</strong></span> <span class='ocrx_word' id='word_1_589' title='bbox 1531 4849 1559 4899; x_wconf 89' lang='lat' dir='ltr'><strong>ct</strong></span> <span class='ocrx_word' id='word_1_590' title='bbox 1575 4845 1635 4900; x_wconf 85' lang='lat' dir='ltr'><strong>Deo</strong></span> <span class='ocrx_word' id='word_1_591' title='bbox 1649 4845 1747 4916; x_wconf 88' lang='lat' dir='ltr'><strong>magis</strong></span> <span class='ocrx_word' id='word_1_592' title='bbox 1759 4860 1800 4899; x_wconf 83' lang='lat' dir='ltr'><strong>sc·</strong></span> 
     </span>
     <span class='ocr_line' id='line_1_51' title="bbox 122 4931 1801 5012; baseline 0.004 -28"><span class='ocrx_word' id='word_1_593' title='bbox 122 4931 266 4999; x_wconf 88' lang='lat' dir='ltr'><strong>llebraica,</strong></span> <span class='ocrx_word' id='word_1_594' title='bbox 278 4936 516 5005; x_wconf 88' lang='lat' dir='ltr'><strong>caqncuteadum</strong></span> <span class='ocrx_word' id='word_1_595' title='bbox 529 4937 627 4991; x_wconf 85' lang='lat' dir='ltr'><strong>esseio</strong></span> <span class='ocrx_word' id='word_1_596' title='bbox 641 4954 787 4993; x_wconf 90' lang='lat' dir='ltr'><strong>sacrorum</strong></span> <span class='ocrx_word' id='word_1_597' title='bbox 796 4938 934 4994; x_wconf 89' lang='lat' dir='ltr'><strong>librorum</strong></span> <span class='ocrx_word' id='word_1_598' title='bbox 984 4944 1067 5012; x_wconf 88' lang='lat' dir='ltr'><strong>cepta</strong></span> <span class='ocrx_word' id='word_1_599' title='bbox 1078 4939 1197 4995; x_wconf 81' lang='lat' dir='ltr'><strong>uelimus</strong></span> <span class='ocrx_word' id='word_1_600' title='bbox 1208 4937 1430 5009; x_wconf 87' lang='lat' dir='ltr'><strong>jubeamusque.</strong></span> <span class='ocrx_word' id='word_1_601' title='bbox 1443 4939 1527 4992; x_wconf 86' lang='lat' dir='ltr'><strong>Certe</strong></span> <span class='ocrx_word' id='word_1_602' title='bbox 1544 4936 1647 5008; x_wconf 88' lang='lat' dir='ltr'><strong>siquis</strong></span> <span class='ocrx_word' id='word_1_603' title='bbox 1661 4937 1766 5010; x_wconf 83' lang='lat' dir='ltr'><strong>impias</strong></span> <span class='ocrx_word' id='word_1_604' title='bbox 1776 4940 1801 4992; x_wconf 85' lang='lat' dir='ltr'><strong>et</strong></span> 
     </span>
     <span class='ocr_line' id='line_1_52' title="bbox 121 5021 1799 5104; baseline 0.005 -29"><span class='ocrx_word' id='word_1_605' title='bbox 121 5021 243 5079; x_wconf 89' lang='lat' dir='ltr'><strong>lectione</strong></span> <span class='ocrx_word' id='word_1_606' title='bbox 254 5027 361 5095; x_wconf 89' lang='lat' dir='ltr'><strong>volunt,</strong></span> <span class='ocrx_word' id='word_1_607' title='bbox 372 5028 488 5099; x_wconf 92' lang='lat' dir='ltr'><strong>quidam</strong></span> <span class='ocrx_word' id='word_1_608' title='bbox 499 5030 587 5084; x_wconf 88' lang='lat' dir='ltr'><strong>otiam</strong></span> <span class='ocrx_word' id='word_1_609' title='bbox 597 5031 933 5087; x_wconf 80' lang='lat' dir='ltr'><strong>Grucamassumendam</strong></span> <span class='ocrx_word' id='word_1_610' title='bbox 985 5033 1136 5104; x_wconf 85' lang='lat' dir='ltr'><strong>sacrilegas</strong></span> <span class='ocrx_word' id='word_1_611' title='bbox 1144 5048 1245 5088; x_wconf 88' lang='lat' dir='ltr'><strong>vocum</strong></span> <span class='ocrx_word' id='word_1_612' title='bbox 1256 5031 1408 5086; x_wconf 88' lang='lat' dir='ltr'><strong>inanitates</strong></span> <span class='ocrx_word' id='word_1_613' title='bbox 1417 5030 1600 5085; x_wconf 90' lang='lat' dir='ltr'><strong>introducere</strong></span> <span class='ocrx_word' id='word_1_614' title='bbox 1611 5030 1799 5095; x_wconf 84' lang='lat' dir='ltr'><strong>attentaverit,</strong></span> 
     </span>
     <span class='ocr_line' id='line_1_53' title="bbox 121 5118 1800 5196; baseline 0.008 -28"><span class='ocrx_word' id='word_1_615' title='bbox 121 5118 309 5188; x_wconf 87' lang='lat' dir='ltr'><strong>contendunt,</strong></span> <span class='ocrx_word' id='word_1_616' title='bbox 325 5125 353 5174; x_wconf 84' lang='lat' dir='ltr'><strong>at</strong></span> <span class='ocrx_word' id='word_1_617' title='bbox 367 5122 452 5194; x_wconf 89' lang='lat' dir='ltr'><strong>longo</strong></span> <span class='ocrx_word' id='word_1_618' title='bbox 462 5123 524 5194; x_wconf 89' lang='lat' dir='ltr'><strong>jam</strong></span> <span class='ocrx_word' id='word_1_619' title='bbox 539 5128 669 5196; x_wconf 88' lang='lat' dir='ltr'><strong>tempore</strong></span> <span class='ocrx_word' id='word_1_620' title='bbox 680 5140 714 5179; x_wconf 86' lang='lat' dir='ltr'><strong>aa</strong></span> <span class='ocrx_word' id='word_1_621' title='bbox 729 5124 765 5179; x_wconf 90' lang='lat' dir='ltr'><strong>de</strong></span> <span class='ocrx_word' id='word_1_622' title='bbox 775 5141 806 5178; x_wconf 86' lang='lat' dir='ltr'><strong>re</strong></span> <span class='ocrx_word' id='word_1_623' title='bbox 819 5124 935 5180; x_wconf 81' lang='lat' dir='ltr'><strong>seditio</strong></span> <span class='ocrx_word' id='word_1_624' title='bbox 985 5131 1014 5182; x_wconf 90' lang='lat' dir='ltr'><strong>et</strong></span> <span class='ocrx_word' id='word_1_625' title='bbox 1026 5128 1068 5181; x_wconf 90' lang='lat' dir='ltr'><strong>val</strong></span> <span class='ocrx_word' id='word_1_626' title='bbox 1081 5131 1261 5182; x_wconf 90' lang='lat' dir='ltr'><strong>mortuorum</strong></span> <span class='ocrx_word' id='word_1_627' title='bbox 1280 5125 1532 5191; x_wconf 89' lang='lat' dir='ltr'><strong>resurrectionem,</strong></span> <span class='ocrx_word' id='word_1_628' title='bbox 1548 5125 1594 5179; x_wconf 84' lang='lat' dir='ltr'><strong>rel</strong></span> <span class='ocrx_word' id='word_1_629' title='bbox 1603 5124 1752 5195; x_wconf 88' lang='lat' dir='ltr'><strong>judiciam</strong></span> <span class='ocrx_word' id='word_1_630' title='bbox 1762 5141 1800 5180; x_wconf 78' lang='lat' dir='ltr'><strong>cs·</strong></span> 
     </span>
     <span class='ocr_line' id='line_1_54' title="bbox 120 5209 1799 5290; baseline 0.005 -28"><span class='ocrx_word' id='word_1_631' title='bbox 120 5225 172 5263; x_wconf 87' lang='lat' dir='ltr'><strong>aas</strong></span> <span class='ocrx_word' id='word_1_632' title='bbox 184 5209 258 5265; x_wconf 88' lang='lat' dir='ltr'><strong>inter</strong></span> <span class='ocrx_word' id='word_1_633' title='bbox 272 5227 300 5265; x_wconf 89' lang='lat' dir='ltr'><strong>se</strong></span> <span class='ocrx_word' id='word_1_634' title='bbox 316 5214 436 5284; x_wconf 84' lang='lat' dir='ltr'><strong>agitant.</strong></span> <span class='ocrx_word' id='word_1_635' title='bbox 453 5217 509 5271; x_wconf 91' lang='lat' dir='ltr'><strong>Nos</strong></span> <span class='ocrx_word' id='word_1_636' title='bbox 524 5217 612 5289; x_wconf 83' lang='lat' dir='ltr'><strong>igitur</strong></span> <span class='ocrx_word' id='word_1_637' title='bbox 624 5216 659 5272; x_wconf 90' lang='lat' dir='ltr'><strong>dc</strong></span> <span class='ocrx_word' id='word_1_638' title='bbox 675 5218 934 5274; x_wconf 79' lang='lat' dir='ltr'><strong>haccontrouersia</strong></span> <span class='ocrx_word' id='word_1_639' title='bbox 983 5224 1109 5275; x_wconf 89' lang='lat' dir='ltr'><strong>tremum</strong></span> <span class='ocrx_word' id='word_1_640' title='bbox 1132 5234 1250 5290; x_wconf 89' lang='lat' dir='ltr'><strong>negare,</strong></span> <span class='ocrx_word' id='word_1_641' title='bbox 1265 5221 1315 5273; x_wconf 88' lang='lat' dir='ltr'><strong>aut</strong></span> <span class='ocrx_word' id='word_1_642' title='bbox 1333 5218 1477 5272; x_wconf 88' lang='lat' dir='ltr'><strong>ailirmare</strong></span> <span class='ocrx_word' id='word_1_643' title='bbox 1491 5217 1570 5288; x_wconf 93' lang='lat' dir='ltr'><strong>quod</strong></span> <span class='ocrx_word' id='word_1_644' title='bbox 1585 5218 1763 5289; x_wconf 85' lang='lat' dir='ltr'><strong>figmentum</strong></span> <span class='ocrx_word' id='word_1_645' title='bbox 1775 5219 1799 5271; x_wconf 87' lang='lat' dir='ltr'><strong>at</strong></span> 
     </span>
     <span class='ocr_line' id='line_1_55' title="bbox 121 5303 1798 5384; baseline 0.004 -27"><span class='ocrx_word' id='word_1_646' title='bbox 121 5303 224 5370; x_wconf 90' lang='lat' dir='ltr'><strong>edocti,</strong></span> <span class='ocrx_word' id='word_1_647' title='bbox 241 5304 374 5360; x_wconf 86' lang='lat' dir='ltr'><strong>meliores</strong></span> <span class='ocrx_word' id='word_1_648' title='bbox 388 5325 449 5362; x_wconf 87' lang='lat' dir='ltr'><strong>esse</strong></span> <span class='ocrx_word' id='word_1_649' title='bbox 460 5311 651 5379; x_wconf 86' lang='lat' dir='ltr'><strong>judicavimus</strong></span> <span class='ocrx_word' id='word_1_650' title='bbox 669 5328 719 5366; x_wconf 94' lang='lat' dir='ltr'><strong>eos</strong></span> <span class='ocrx_word' id='word_1_651' title='bbox 741 5312 791 5382; x_wconf 94' lang='lat' dir='ltr'><strong>qui</strong></span> <span class='ocrx_word' id='word_1_652' title='bbox 806 5312 933 5367; x_wconf 84' lang='lat' dir='ltr'><strong>Graecam</strong></span> <span class='ocrx_word' id='word_1_653' title='bbox 983 5319 1115 5370; x_wconf 87' lang='lat' dir='ltr'><strong>creatura</strong></span> <span class='ocrx_word' id='word_1_654' title='bbox 1128 5312 1178 5367; x_wconf 86' lang='lat' dir='ltr'><strong>ilci</strong></span> <span class='ocrx_word' id='word_1_655' title='bbox 1195 5328 1247 5384; x_wconf 89' lang='lat' dir='ltr'><strong>per</strong></span> <span class='ocrx_word' id='word_1_656' title='bbox 1264 5312 1383 5382; x_wconf 87' lang='lat' dir='ltr'><strong>angelos</strong></span> <span class='ocrx_word' id='word_1_657' title='bbox 1406 5311 1550 5377; x_wconf 85' lang='lat' dir='ltr'><strong>subsistat,</strong></span> <span class='ocrx_word' id='word_1_658' title='bbox 1578 5311 1609 5364; x_wconf 91' lang='lat' dir='ltr'><strong>bi</strong></span> <span class='ocrx_word' id='word_1_659' title='bbox 1624 5312 1758 5367; x_wconf 79' lang='lat' dir='ltr'><strong>volumus</strong></span> <span class='ocrx_word' id='word_1_660' title='bbox 1774 5313 1798 5365; x_wconf 90' lang='lat' dir='ltr'><strong>at</strong></span> 
     </span>
     <span class='ocr_line' id='line_1_56' title="bbox 121 5397 1798 5476; baseline 0.005 -24"><span class='ocrx_word' id='word_1_661' title='bbox 121 5399 205 5452; x_wconf 91' lang='lat' dir='ltr'><strong>etium</strong></span> <span class='ocrx_word' id='word_1_662' title='bbox 220 5397 348 5467; x_wconf 85' lang='lat' dir='ltr'><strong>linguam</strong></span> <span class='ocrx_word' id='word_1_663' title='bbox 363 5399 391 5452; x_wconf 90' lang='lat' dir='ltr'><strong>in</strong></span> <span class='ocrx_word' id='word_1_664' title='bbox 407 5416 552 5460; x_wconf 89' lang='lat' dir='ltr'><strong>sacrorum</strong></span> <span class='ocrx_word' id='word_1_665' title='bbox 562 5406 701 5461; x_wconf 90' lang='lat' dir='ltr'><strong>librorum</strong></span> <span class='ocrx_word' id='word_1_666' title='bbox 713 5405 934 5461; x_wconf 88' lang='lat' dir='ltr'><strong>lectionevolua-</strong></span> <span class='ocrx_word' id='word_1_667' title='bbox 984 5407 1069 5461; x_wconf 89' lang='lat' dir='ltr'><strong>etiam</strong></span> <span class='ocrx_word' id='word_1_668' title='bbox 1081 5405 1291 5461; x_wconf 86' lang='lat' dir='ltr'><strong>omnihuslocis</strong></span> <span class='ocrx_word' id='word_1_669' title='bbox 1301 5404 1495 5476; x_wconf 77' lang='lat' dir='ltr'><strong>expellantur3</strong></span> <span class='ocrx_word' id='word_1_670' title='bbox 1507 5419 1605 5475; x_wconf 87' lang='lat' dir='ltr'><strong>neque</strong></span> <span class='ocrx_word' id='word_1_671' title='bbox 1617 5407 1681 5460; x_wconf 88' lang='lat' dir='ltr'><strong>tam</strong></span> <span class='ocrx_word' id='word_1_672' title='bbox 1690 5403 1798 5460; x_wconf 82' lang='lat' dir='ltr'><strong>maledi·</strong></span> 
     </span>
     <span class='ocr_line' id='line_1_57' title="bbox 120 5493 1796 5571; baseline 0.004 -27"><span class='ocrx_word' id='word_1_673' title='bbox 120 5496 186 5547; x_wconf 89' lang='lat' dir='ltr'><strong>runt</strong></span> <span class='ocrx_word' id='word_1_674' title='bbox 208 5506 363 5560; x_wconf 88' lang='lat' dir='ltr'><strong>assumere,</strong></span> <span class='ocrx_word' id='word_1_675' title='bbox 381 5495 410 5546; x_wconf 91' lang='lat' dir='ltr'><strong>et</strong></span> <span class='ocrx_word' id='word_1_676' title='bbox 423 5493 489 5562; x_wconf 90' lang='lat' dir='ltr'><strong>(uno</strong></span> <span class='ocrx_word' id='word_1_677' title='bbox 504 5498 598 5567; x_wconf 82' lang='lat' dir='ltr'><strong>verba)</strong></span> <span class='ocrx_word' id='word_1_678' title='bbox 613 5515 728 5554; x_wconf 89' lang='lat' dir='ltr'><strong>omnem</strong></span> <span class='ocrx_word' id='word_1_679' title='bbox 743 5498 866 5571; x_wconf 90' lang='lat' dir='ltr'><strong>denique</strong></span> <span class='ocrx_word' id='word_1_680' title='bbox 882 5499 933 5553; x_wconf 89' lang='lat' dir='ltr'><strong>lia·</strong></span> <span class='ocrx_word' id='word_1_681' title='bbox 949 5518 953 5531; x_wconf 91' lang='lat'>·</span> <span class='ocrx_word' id='word_1_682' title='bbox 983 5517 1047 5554; x_wconf 87' lang='lat' dir='ltr'><strong>cam</strong></span> <span class='ocrx_word' id='word_1_683' title='bbox 1071 5516 1170 5556; x_wconf 88' lang='lat' dir='ltr'><strong>rocem</strong></span> <span class='ocrx_word' id='word_1_684' title='bbox 1189 5497 1333 5563; x_wconf 88' lang='lat' dir='ltr'><strong>emittant,</strong></span> <span class='ocrx_word' id='word_1_685' title='bbox 1354 5497 1401 5569; x_wconf 93' lang='lat' dir='ltr'><strong>qui</strong></span> <span class='ocrx_word' id='word_1_686' title='bbox 1420 5497 1449 5552; x_wconf 92' lang='lat' dir='ltr'><strong>ia</strong></span> <span class='ocrx_word' id='word_1_687' title='bbox 1461 5496 1629 5552; x_wconf 89' lang='lat' dir='ltr'><strong>universum</strong></span> <span class='ocrx_word' id='word_1_688' title='bbox 1641 5498 1708 5570; x_wconf 87' lang='lat' dir='ltr'><strong>ipsa</strong></span> <span class='ocrx_word' id='word_1_689' title='bbox 1720 5499 1796 5554; x_wconf 75' lang='lat' dir='ltr'><strong>ebant</strong></span> 
     </span>
     <span class='ocr_line' id='line_1_58' title="bbox 119 5587 1796 5665; baseline 0.003 -26"><span class='ocrx_word' id='word_1_690' title='bbox 119 5601 206 5656; x_wconf 89' lang='lat' dir='ltr'><strong>guam</strong></span> <span class='ocrx_word' id='word_1_691' title='bbox 222 5602 308 5656; x_wconf 89' lang='lat' dir='ltr'><strong>quam</strong></span> <span class='ocrx_word' id='word_1_692' title='bbox 319 5587 396 5641; x_wconf 87' lang='lat' dir='ltr'><strong>locus</strong></span> <span class='ocrx_word' id='word_1_693' title='bbox 410 5591 698 5647; x_wconf 86' lang='lat' dir='ltr'><strong>accommodatiorem</strong></span> <span class='ocrx_word' id='word_1_694' title='bbox 709 5596 738 5646; x_wconf 89' lang='lat' dir='ltr'><strong>ct</strong></span> <span class='ocrx_word' id='word_1_695' title='bbox 748 5591 930 5664; x_wconf 86' lang='lat' dir='ltr'><strong>magisiami·</strong></span> <span class='ocrx_word' id='word_1_696' title='bbox 983 5593 1144 5665; x_wconf 88' lang='lat' dir='ltr'><strong>cognitione</strong></span> <span class='ocrx_word' id='word_1_697' title='bbox 1156 5592 1205 5648; x_wconf 83' lang='lat' dir='ltr'><strong>bei</strong></span> <span class='ocrx_word' id='word_1_698' title='bbox 1220 5590 1395 5646; x_wconf 85' lang='lat' dir='ltr'><strong>exciderunt.</strong></span> <span class='ocrx_word' id='word_1_699' title='bbox 1407 5591 1461 5645; x_wconf 86' lang='lat' dir='ltr'><strong>Eos</strong></span> <span class='ocrx_word' id='word_1_700' title='bbox 1471 5590 1547 5644; x_wconf 91' lang='lat' dir='ltr'><strong>enim</strong></span> <span class='ocrx_word' id='word_1_701' title='bbox 1557 5590 1609 5661; x_wconf 93' lang='lat' dir='ltr'><strong>qui</strong></span> <span class='ocrx_word' id='word_1_702' title='bbox 1623 5591 1714 5664; x_wconf 80' lang='lat' dir='ltr'><strong>hujus</strong></span> <span class='ocrx_word' id='word_1_703' title='bbox 1724 5607 1796 5665; x_wconf 80' lang='lat' dir='ltr'><strong>gene</strong></span> 
     </span>
     <span class='ocr_line' id='line_1_59' title="bbox 119 5678 1796 5758; baseline 0.004 -28"><span class='ocrx_word' id='word_1_704' title='bbox 119 5678 219 5734; x_wconf 84' lang='lat' dir='ltr'><strong>liorem</strong></span> <span class='ocrx_word' id='word_1_705' title='bbox 241 5680 343 5735; x_wconf 83' lang='lat' dir='ltr'><strong>reddat</strong></span> <span class='ocrx_word' id='word_1_706' title='bbox 362 5680 548 5736; x_wconf 88' lang='lat' dir='ltr'><strong>auditoribus.</strong></span> <span class='ocrx_word' id='word_1_707' title='bbox 571 5685 721 5739; x_wconf 83' lang='lat' dir='ltr'><strong>Sancimas</strong></span> <span class='ocrx_word' id='word_1_708' title='bbox 743 5685 828 5756; x_wconf 91' lang='lat' dir='ltr'><strong>igitur</strong></span> <span class='ocrx_word' id='word_1_709' title='bbox 852 5691 882 5741; x_wconf 92' lang='lat' dir='ltr'><strong>ut</strong></span> <span class='ocrx_word' id='word_1_710' title='bbox 902 5686 931 5740; x_wconf 93' lang='lat' dir='ltr'><strong>in</strong></span> <span class='ocrx_word' id='word_1_711' title='bbox 983 5685 1021 5741; x_wconf 89' lang='lat' dir='ltr'><strong>ris</strong></span> <span class='ocrx_word' id='word_1_712' title='bbox 1033 5687 1138 5757; x_wconf 88' lang='lat' dir='ltr'><strong>aliquid</strong></span> <span class='ocrx_word' id='word_1_713' title='bbox 1152 5685 1283 5758; x_wconf 90' lang='lat' dir='ltr'><strong>proloqui</strong></span> <span class='ocrx_word' id='word_1_714' title='bbox 1296 5682 1523 5755; x_wconf 85' lang='lat' dir='ltr'><strong>pertentaverint</strong></span> <span class='ocrx_word' id='word_1_715' title='bbox 1536 5685 1676 5741; x_wconf 77' lang='lat' dir='ltr'><strong>oninium</strong></span> <span class='ocrx_word' id='word_1_716' title='bbox 1687 5684 1796 5741; x_wconf 72' lang='lat' dir='ltr'><strong>acerbis</strong></span> 
     </span>
     <span class='ocr_line' id='line_1_60' title="bbox 119 5773 1795 5856; baseline 0.005 -29"><span class='ocrx_word' id='word_1_717' title='bbox 119 5773 222 5845; x_wconf 91' lang='lat' dir='ltr'><strong>quihus</strong></span> <span class='ocrx_word' id='word_1_718' title='bbox 231 5775 422 5832; x_wconf 86' lang='lat' dir='ltr'><strong>oraninolocis</strong></span> <span class='ocrx_word' id='word_1_719' title='bbox 434 5775 543 5834; x_wconf 76' lang='lat' dir='ltr'><strong>{latrat</strong></span> <span class='ocrx_word' id='word_1_720' title='bbox 552 5780 627 5845; x_wconf 82' lang='lat' dir='ltr'><strong>sarit,</strong></span> <span class='ocrx_word' id='word_1_721' title='bbox 640 5777 763 5834; x_wconf 79' lang='lat' dir='ltr'><strong>llebraeis</strong></span> <span class='ocrx_word' id='word_1_722' title='bbox 773 5779 821 5851; x_wconf 91' lang='lat' dir='ltr'><strong>qai</strong></span> <span class='ocrx_word' id='word_1_723' title='bbox 833 5780 933 5835; x_wconf 79' lang='lat' dir='ltr'><strong>volitat</strong></span> <span class='ocrx_word' id='word_1_724' title='bbox 983 5779 1060 5837; x_wconf 90' lang='lat' dir='ltr'><strong>simis</strong></span> <span class='ocrx_word' id='word_1_725' title='bbox 1068 5779 1213 5856; x_wconf 89' lang='lat' dir='ltr'><strong>suppliciis</strong></span> <span class='ocrx_word' id='word_1_726' title='bbox 1226 5777 1401 5852; x_wconf 81' lang='lat' dir='ltr'><strong>subjicimus,</strong></span> <span class='ocrx_word' id='word_1_727' title='bbox 1410 5776 1575 5834; x_wconf 89' lang='lat' dir='ltr'><strong>introducto</strong></span> <span class='ocrx_word' id='word_1_728' title='bbox 1584 5779 1795 5853; x_wconf 81' lang='lat' dir='ltr'><strong>perhoserrorc</strong></span> 
     </span>
    </p>
   </div>
   <div class='ocr_carea' id='block_1_2' title="bbox 0 0 1946 6150">
    <p class='ocr_par' dir='ltr' id='par_1_2' title="bbox 0 0 1946 6150">
     <span class='ocr_line' id='line_1_61' title="bbox 0 0 1946 6150; baseline 0 2"><span class='ocrx_word' id='word_1_729' title='bbox 0 0 1946 6150; x_wconf 95' lang='lat' dir='ltr'><strong> </strong></span> 
     </span>
    </p>
   </div>
  </div>
 </body>
</html>
