<?xml version="1.0" encoding="UTF-8"?>
<!DOCTYPE html PUBLIC "-//W3C//DTD XHTML 1.0 Transitional//EN"
    "http://www.w3.org/TR/xhtml1/DTD/xhtml1-transitional.dtd">
<html xmlns="http://www.w3.org/1999/xhtml" xml:lang="en" lang="en">
 <head>
  <title>
</title>
<meta http-equiv="Content-Type" content="text/html;charset=utf-8" />
  <meta name='ocr-system' content='tesseract 3.04.00' />
  <meta name='ocr-capabilities' content='ocr_page ocr_carea ocr_par ocr_line ocrx_word'/>
</head>
<body>
  <div class='ocr_page' id='page_1' title='image "./patrologiaecurs00migngoog/patrologiaecurs00migngoog_0510.png"; bbox 0 0 3878 6150; ppageno 0'>
   <div class='ocr_carea' id='block_1_1' title="bbox 60 264 1743 356">
    <p class='ocr_par' dir='ltr' id='par_1_1' title="bbox 60 264 1743 356">
     <span class='ocr_line' id='line_1_1' title="bbox 60 264 1743 356; baseline 0.014 -24"><span class='ocrx_word' id='word_1_1' title='bbox 60 264 133 334; x_wconf 84' lang='grc' dir='ltr'>ιοοο</span> <span class='ocrx_word' id='word_1_2' title='bbox 496 278 678 337; x_wconf 77' lang='lat' dir='ltr'>susannam</span> <span class='ocrx_word' id='word_1_3' title='bbox 696 278 863 338; x_wconf 72' lang='lat' dir='ltr'>novatae</span> <span class='ocrx_word' id='word_1_4' title='bbox 883 284 1051 342; x_wconf 76' lang='lat' dir='ltr'>sumena.</span> <span class='ocrx_word' id='word_1_5' title='bbox 1070 283 1226 347; x_wconf 76' lang='lat' dir='ltr'>novumn</span> <span class='ocrx_word' id='word_1_6' title='bbox 1244 285 1310 348; x_wconf 81' lang='lat' dir='ltr'>cu.</span> <span class='ocrx_word' id='word_1_7' title='bbox 1674 296 1743 356; x_wconf 85' lang='grc' dir='ltr'>ιοιο</span> 
     </span>
    </p>
   </div>
   <div class='ocr_carea' id='block_1_2' title="bbox 14 379 1831 5885">
    <p class='ocr_par' dir='ltr' id='par_1_2' title="bbox 14 379 1831 5885">
     <span class='ocr_line' id='line_1_2' title="bbox 58 379 1743 476; baseline 0.015 -40"><span class='ocrx_word' id='word_1_8' title='bbox 58 382 196 448; x_wconf 77' lang='lat' dir='ltr'>fortuna,</span> <span class='ocrx_word' id='word_1_9' title='bbox 207 379 604 456; x_wconf 87' lang='lat' dir='ltr'>ampliorassportulasquam</span> <span class='ocrx_word' id='word_1_10' title='bbox 615 385 702 442; x_wconf 90' lang='lat' dir='ltr'>sacris</span> <span class='ocrx_word' id='word_1_11' title='bbox 717 388 875 444; x_wconf 89' lang='lat' dir='ltr'>nostrisde·</span> <span class='ocrx_word' id='word_1_12' title='bbox 885 403 969 476; x_wconf 68' lang='lat' dir='ltr'>Asos</span> <span class='ocrx_word' id='word_1_13' title='bbox 983 390 1018 446; x_wconf 90' lang='lat' dir='ltr'>ab</span> <span class='ocrx_word' id='word_1_14' title='bbox 1032 394 1098 448; x_wconf 85' lang='lat' dir='ltr'>ovili</span> <span class='ocrx_word' id='word_1_15' title='bbox 1110 396 1160 450; x_wconf 86' lang='lat' dir='ltr'>Dei</span> <span class='ocrx_word' id='word_1_16' title='bbox 1183 406 1348 471; x_wconf 87' lang='lat' dir='ltr'>segregant,</span> <span class='ocrx_word' id='word_1_17' title='bbox 1368 401 1482 473; x_wconf 88' lang='lat' dir='ltr'>quando</span> <span class='ocrx_word' id='word_1_18' title='bbox 1501 402 1617 476; x_wconf 88' lang='lat' dir='ltr'>quidem</span> <span class='ocrx_word' id='word_1_19' title='bbox 1629 400 1743 476; x_wconf 90' lang='lat' dir='ltr'>justum</span> 
     </span>
     <span class='ocr_line' id='line_1_3' title="bbox 57 474 1743 568; baseline 0.015 -39"><span class='ocrx_word' id='word_1_20' title='bbox 57 474 150 530; x_wconf 77' lang='lat' dir='ltr'>finita</span> <span class='ocrx_word' id='word_1_21' title='bbox 168 477 236 529; x_wconf 91' lang='lat' dir='ltr'>sunt</span> <span class='ocrx_word' id='word_1_22' title='bbox 253 474 505 532; x_wconf 75' lang='lat' dir='ltr'>constitutionibus</span> <span class='ocrx_word' id='word_1_23' title='bbox 521 478 672 549; x_wconf 86' lang='lat' dir='ltr'>acceperit,</span> <span class='ocrx_word' id='word_1_24' title='bbox 689 479 825 551; x_wconf 87' lang='lat' dir='ltr'>jubemus</span> <span class='ocrx_word' id='word_1_25' title='bbox 844 485 876 537; x_wconf 92' lang='lat' dir='ltr'>ut</span> <span class='ocrx_word' id='word_1_26' title='bbox 925 500 985 540; x_wconf 89' lang='lat' dir='ltr'>nou</span> <span class='ocrx_word' id='word_1_27' title='bbox 998 488 1041 540; x_wconf 89' lang='lat' dir='ltr'>est</span> <span class='ocrx_word' id='word_1_28' title='bbox 1053 490 1086 542; x_wconf 92' lang='lat' dir='ltr'>ut</span> <span class='ocrx_word' id='word_1_29' title='bbox 1098 491 1254 561; x_wconf 74' lang='lat' dir='ltr'>equalibus</span> <span class='ocrx_word' id='word_1_30' title='bbox 1267 493 1423 565; x_wconf 87' lang='lat' dir='ltr'>privilegiis</span> <span class='ocrx_word' id='word_1_31' title='bbox 1434 494 1581 551; x_wconf 78' lang='lat' dir='ltr'>haereticos</span> <span class='ocrx_word' id='word_1_32' title='bbox 1589 497 1743 568; x_wconf 83' lang='lat' dir='ltr'>dignemur</span> 
     </span>
     <span class='ocr_line' id='line_1_4' title="bbox 58 567 1744 664; baseline 0.015 -42"><span class='ocrx_word' id='word_1_33' title='bbox 58 584 168 640; x_wconf 82' lang='lat' dir='ltr'>praeses</span> <span class='ocrx_word' id='word_1_34' title='bbox 186 567 340 640; x_wconf 76' lang='lat' dir='ltr'>provinciae</span> <span class='ocrx_word' id='word_1_35' title='bbox 353 570 812 646; x_wconf 88' lang='lat' dir='ltr'>suopericulosecundumlegem</span> <span class='ocrx_word' id='word_1_36' title='bbox 823 591 876 630; x_wconf 85' lang='lat' dir='ltr'>no·</span> <span class='ocrx_word' id='word_1_37' title='bbox 926 594 991 633; x_wconf 89' lang='lat' dir='ltr'>eum</span> <span class='ocrx_word' id='word_1_38' title='bbox 1004 580 1173 652; x_wconf 85' lang='lat' dir='ltr'>orthodoxis,</span> <span class='ocrx_word' id='word_1_39' title='bbox 1190 591 1338 657; x_wconf 81' lang='lat' dir='ltr'>eapropter</span> <span class='ocrx_word' id='word_1_40' title='bbox 1359 593 1387 642; x_wconf 88' lang='lat' dir='ltr'>et</span> <span class='ocrx_word' id='word_1_41' title='bbox 1407 587 1442 643; x_wconf 92' lang='lat' dir='ltr'>ad</span> <span class='ocrx_word' id='word_1_42' title='bbox 1456 595 1626 659; x_wconf 75' lang='lat' dir='ltr'>praesentem</span> <span class='ocrx_word' id='word_1_43' title='bbox 1648 592 1744 664; x_wconf 89' lang='lat' dir='ltr'>legem</span> 
     </span>
     <span class='ocr_line' id='line_1_5' title="bbox 57 661 1744 753; baseline 0.014 -36"><span class='ocrx_word' id='word_1_44' title='bbox 57 665 152 717; x_wconf 87' lang='lat' dir='ltr'>stram</span> <span class='ocrx_word' id='word_1_45' title='bbox 169 661 403 718; x_wconf 90' lang='lat' dir='ltr'>modisomnibus</span> <span class='ocrx_word' id='word_1_46' title='bbox 415 663 611 735; x_wconf 89' lang='lat' dir='ltr'>hocvindicct,</span> <span class='ocrx_word' id='word_1_47' title='bbox 619 668 647 720; x_wconf 91' lang='lat' dir='ltr'>et</span> <span class='ocrx_word' id='word_1_48' title='bbox 660 666 876 737; x_wconf 79' lang='lat' dir='ltr'>castigationem</span> <span class='ocrx_word' id='word_1_49' title='bbox 925 672 1110 742; x_wconf 74' lang='lat' dir='ltr'>respeximus.</span> <span class='ocrx_word' id='word_1_50' title='bbox 1125 677 1163 730; x_wconf 86' lang='lat' dir='ltr'>Ex</span> <span class='ocrx_word' id='word_1_51' title='bbox 1177 693 1233 747; x_wconf 90' lang='lat' dir='ltr'>quo</span> <span class='ocrx_word' id='word_1_52' title='bbox 1246 680 1323 733; x_wconf 87' lang='lat' dir='ltr'>enim</span> <span class='ocrx_word' id='word_1_53' title='bbox 1341 682 1558 753; x_wconf 76' lang='lat' dir='ltr'>praerogativam</span> <span class='ocrx_word' id='word_1_54' title='bbox 1573 684 1744 743; x_wconf 78' lang='lat' dir='ltr'>mulieribus</span> 
     </span>
     <span class='ocr_line' id='line_1_6' title="bbox 59 754 1744 846; baseline 0.015 -37"><span class='ocrx_word' id='word_1_55' title='bbox 59 755 107 809; x_wconf 90' lang='lat' dir='ltr'>his</span> <span class='ocrx_word' id='word_1_56' title='bbox 120 755 170 827; x_wconf 93' lang='lat' dir='ltr'>qui</span> <span class='ocrx_word' id='word_1_57' title='bbox 185 754 252 810; x_wconf 90' lang='lat' dir='ltr'>talia</span> <span class='ocrx_word' id='word_1_58' title='bbox 267 757 502 827; x_wconf 77' lang='lat' dir='ltr'>presumpserint</span> <span class='ocrx_word' id='word_1_59' title='bbox 515 757 629 814; x_wconf 84' lang='lat' dir='ltr'>inierat.</span> <span class='ocrx_word' id='word_1_60' title='bbox 654 758 682 813; x_wconf 91' lang='lat' dir='ltr'>Si</span> <span class='ocrx_word' id='word_1_61' title='bbox 697 776 802 830; x_wconf 73' lang='lat' dir='ltr'>preses</span> <span class='ocrx_word' id='word_1_62' title='bbox 817 778 876 816; x_wconf 89' lang='lat' dir='ltr'>non</span> <span class='ocrx_word' id='word_1_63' title='bbox 926 763 1056 820; x_wconf 82' lang='lat' dir='ltr'>dedimus</span> <span class='ocrx_word' id='word_1_64' title='bbox 1069 767 1099 822; x_wconf 93' lang='lat' dir='ltr'>in</span> <span class='ocrx_word' id='word_1_65' title='bbox 1113 767 1226 824; x_wconf 89' lang='lat' dir='ltr'>dotibus</span> <span class='ocrx_word' id='word_1_66' title='bbox 1240 771 1365 842; x_wconf 89' lang='lat' dir='ltr'>quidem,</span> <span class='ocrx_word' id='word_1_67' title='bbox 1381 778 1414 829; x_wconf 91' lang='lat' dir='ltr'>ut</span> <span class='ocrx_word' id='word_1_68' title='bbox 1431 775 1638 846; x_wconf 79' lang='lat' dir='ltr'>antiquioribus</span> <span class='ocrx_word' id='word_1_69' title='bbox 1650 779 1744 835; x_wconf 83' lang='lat' dir='ltr'>credi-</span> 
     </span>
     <span class='ocr_line' id='line_1_7' title="bbox 57 847 1743 942; baseline 0.015 -41"><span class='ocrx_word' id='word_1_70' title='bbox 57 847 255 918; x_wconf 88' lang='lat' dir='ltr'>vindicaverit,</span> <span class='ocrx_word' id='word_1_71' title='bbox 283 848 429 904; x_wconf 85' lang='lat' dir='ltr'>licentiam</span> <span class='ocrx_word' id='word_1_72' title='bbox 449 849 552 905; x_wconf 91' lang='lat' dir='ltr'>damus</span> <span class='ocrx_word' id='word_1_73' title='bbox 567 851 781 923; x_wconf 90' lang='lat' dir='ltr'>religiosissimo</span> <span class='ocrx_word' id='word_1_74' title='bbox 802 854 876 910; x_wconf 87' lang='lat' dir='ltr'>illius</span> <span class='ocrx_word' id='word_1_75' title='bbox 926 857 1034 912; x_wconf 85' lang='lat' dir='ltr'>toribus</span> <span class='ocrx_word' id='word_1_76' title='bbox 1043 861 1238 934; x_wconf 67' lang='lat' dir='ltr'>praeferantur,</span> <span class='ocrx_word' id='word_1_77' title='bbox 1252 869 1280 919; x_wconf 91' lang='lat' dir='ltr'>et</span> <span class='ocrx_word' id='word_1_78' title='bbox 1293 866 1409 921; x_wconf 88' lang='lat' dir='ltr'>meliore</span> <span class='ocrx_word' id='word_1_79' title='bbox 1423 868 1485 923; x_wconf 93' lang='lat' dir='ltr'>loco</span> <span class='ocrx_word' id='word_1_80' title='bbox 1499 869 1565 936; x_wconf 92' lang='lat' dir='ltr'>sint,</span> <span class='ocrx_word' id='word_1_81' title='bbox 1575 885 1743 942; x_wconf 79' lang='lat' dir='ltr'>quanquam</span> 
     </span>
     <span class='ocr_line' id='line_1_8' title="bbox 58 940 1745 1036; baseline 0.014 -40"><span class='ocrx_word' id='word_1_82' title='bbox 58 940 183 996; x_wconf 90' lang='lat' dir='ltr'>civitatis</span> <span class='ocrx_word' id='word_1_83' title='bbox 206 940 350 1013; x_wconf 87' lang='lat' dir='ltr'>episeopo,</span> <span class='ocrx_word' id='word_1_84' title='bbox 371 942 508 998; x_wconf 86' lang='lat' dir='ltr'>certiores</span> <span class='ocrx_word' id='word_1_85' title='bbox 521 960 573 999; x_wconf 92' lang='lat' dir='ltr'>nos</span> <span class='ocrx_word' id='word_1_86' title='bbox 594 944 681 999; x_wconf 88' lang='lat' dir='ltr'>dehis</span> <span class='ocrx_word' id='word_1_87' title='bbox 700 946 834 1014; x_wconf 91' lang='lat' dir='ltr'>reddere,</span> <span class='ocrx_word' id='word_1_88' title='bbox 848 949 877 1003; x_wconf 89' lang='lat' dir='ltr'>ct</span> <span class='ocrx_word' id='word_1_89' title='bbox 927 953 1055 1024; x_wconf 85' lang='lat' dir='ltr'>tempore</span> <span class='ocrx_word' id='word_1_90' title='bbox 1076 955 1240 1027; x_wconf 89' lang='lat' dir='ltr'>vincantnr;</span> <span class='ocrx_word' id='word_1_91' title='bbox 1260 958 1290 1013; x_wconf 92' lang='lat' dir='ltr'>in</span> <span class='ocrx_word' id='word_1_92' title='bbox 1312 958 1512 1016; x_wconf 84' lang='lat' dir='ltr'>donationibus</span> <span class='ocrx_word' id='word_1_93' title='bbox 1538 979 1605 1017; x_wconf 91' lang='lat' dir='ltr'>vero</span> <span class='ocrx_word' id='word_1_94' title='bbox 1627 969 1745 1036; x_wconf 89' lang='lat' dir='ltr'>propter</span> 
     </span>
     <span class='ocr_line' id='line_1_9' title="bbox 59 1034 1746 1128; baseline 0.015 -40"><span class='ocrx_word' id='word_1_95' title='bbox 59 1035 178 1106; x_wconf 88' lang='lat' dir='ltr'>qualem</span> <span class='ocrx_word' id='word_1_96' title='bbox 195 1037 337 1105; x_wconf 76' lang='lat' dir='ltr'>praterea</span> <span class='ocrx_word' id='word_1_97' title='bbox 349 1034 481 1090; x_wconf 89' lang='lat' dir='ltr'>militiam</span> <span class='ocrx_word' id='word_1_98' title='bbox 496 1040 546 1091; x_wconf 90' lang='lat' dir='ltr'>aut</span> <span class='ocrx_word' id='word_1_99' title='bbox 555 1037 724 1108; x_wconf 88' lang='lat' dir='ltr'>dignitatem</span> <span class='ocrx_word' id='word_1_100' title='bbox 737 1039 841 1095; x_wconf 86' lang='lat' dir='ltr'>habeat</span> <span class='ocrx_word' id='word_1_101' title='bbox 854 1040 877 1096; x_wconf 88' lang='lat' dir='ltr'>is</span> <span class='ocrx_word' id='word_1_102' title='bbox 927 1045 1055 1116; x_wconf 80' lang='lat' dir='ltr'>nuptias,</span> <span class='ocrx_word' id='word_1_103' title='bbox 1071 1053 1102 1102; x_wconf 91' lang='lat' dir='ltr'>ut</span> <span class='ocrx_word' id='word_1_104' title='bbox 1115 1066 1167 1120; x_wconf 90' lang='lat' dir='ltr'>pro</span> <span class='ocrx_word' id='word_1_105' title='bbox 1180 1050 1289 1107; x_wconf 87' lang='lat' dir='ltr'>ratione</span> <span class='ocrx_word' id='word_1_106' title='bbox 1302 1056 1463 1124; x_wconf 84' lang='lat' dir='ltr'>temporum</span> <span class='ocrx_word' id='word_1_107' title='bbox 1476 1055 1578 1128; x_wconf 91' lang='lat' dir='ltr'>quibus</span> <span class='ocrx_word' id='word_1_108' title='bbox 1592 1057 1673 1112; x_wconf 74' lang='lat' dir='ltr'>iactae</span> <span class='ocrx_word' id='word_1_109' title='bbox 1688 1058 1746 1113; x_wconf 86' lang='lat' dir='ltr'>sint</span> 
     </span>
     <span class='ocr_line' id='line_1_10' title="bbox 14 1126 1746 1220; baseline 0.016 -41"><span class='ocrx_word' id='word_1_110' title='bbox 14 1159 38 1199; x_wconf 61' lang='lat'>0</span> <span class='ocrx_word' id='word_1_111' title='bbox 59 1126 386 1200; x_wconf 82' lang='lat' dir='ltr'>quihaecpraesumpsit‚</span> <span class='ocrx_word' id='word_1_112' title='bbox 402 1129 533 1201; x_wconf 88' lang='lat' dir='ltr'>adjicere,</span> <span class='ocrx_word' id='word_1_113' title='bbox 550 1133 582 1184; x_wconf 94' lang='lat' dir='ltr'>ut</span> <span class='ocrx_word' id='word_1_114' title='bbox 595 1133 624 1185; x_wconf 89' lang='lat' dir='ltr'>et</span> <span class='ocrx_word' id='word_1_115' title='bbox 635 1132 749 1203; x_wconf 77' lang='lat' dir='ltr'>prasidi</span> <span class='ocrx_word' id='word_1_116' title='bbox 762 1133 877 1205; x_wconf 89' lang='lat' dir='ltr'>pericu·</span> <span class='ocrx_word' id='word_1_117' title='bbox 927 1137 1152 1209; x_wconf 78' lang='lat' dir='ltr'>hypothecarum</span> <span class='ocrx_word' id='word_1_118' title='bbox 1167 1143 1215 1213; x_wconf 92' lang='lat' dir='ltr'>jus</span> <span class='ocrx_word' id='word_1_119' title='bbox 1237 1144 1378 1212; x_wconf 87' lang='lat' dir='ltr'>habeant;</span> <span class='ocrx_word' id='word_1_120' title='bbox 1395 1147 1526 1202; x_wconf 90' lang='lat' dir='ltr'>omnibus</span> <span class='ocrx_word' id='word_1_121' title='bbox 1546 1149 1577 1204; x_wconf 93' lang='lat' dir='ltr'>in</span> <span class='ocrx_word' id='word_1_122' title='bbox 1594 1151 1746 1220; x_wconf 78' lang='lat' dir='ltr'>praesentia</span> 
     </span>
     <span class='ocr_line' id='line_1_11' title="bbox 57 1219 1746 1316; baseline 0.015 -42"><span class='ocrx_word' id='word_1_123' title='bbox 57 1219 121 1275; x_wconf 90' lang='lat' dir='ltr'>lum</span> <span class='ocrx_word' id='word_1_124' title='bbox 132 1221 305 1292; x_wconf 90' lang='lat' dir='ltr'>irrogemus,</span> <span class='ocrx_word' id='word_1_125' title='bbox 327 1222 377 1294; x_wconf 93' lang='lat' dir='ltr'>qui</span> <span class='ocrx_word' id='word_1_126' title='bbox 396 1222 456 1276; x_wconf 83' lang='lat' dir='ltr'>haec</span> <span class='ocrx_word' id='word_1_127' title='bbox 475 1224 653 1294; x_wconf 86' lang='lat' dir='ltr'>concesserit,</span> <span class='ocrx_word' id='word_1_128' title='bbox 676 1227 705 1280; x_wconf 89' lang='lat' dir='ltr'>et</span> <span class='ocrx_word' id='word_1_129' title='bbox 720 1225 878 1295; x_wconf 89' lang='lat' dir='ltr'>jussionem</span> <span class='ocrx_word' id='word_1_130' title='bbox 927 1232 1176 1301; x_wconf 87' lang='lat' dir='ltr'>perhancsacram</span> <span class='ocrx_word' id='word_1_131' title='bbox 1189 1237 1282 1308; x_wconf 89' lang='lat' dir='ltr'>legem</span> <span class='ocrx_word' id='word_1_132' title='bbox 1292 1243 1528 1296; x_wconf 89' lang='lat' dir='ltr'>nostramnotum</span> <span class='ocrx_word' id='word_1_133' title='bbox 1540 1241 1746 1316; x_wconf 87' lang='lat' dir='ltr'>facimusquod</span> 
     </span>
     <span class='ocr_line' id='line_1_12' title="bbox 57 1313 1747 1406; baseline 0.015 -38"><span class='ocrx_word' id='word_1_134' title='bbox 57 1319 188 1368; x_wconf 84' lang='lat' dir='ltr'>nostram</span> <span class='ocrx_word' id='word_1_135' title='bbox 203 1313 370 1385; x_wconf 81' lang='lat' dir='ltr'>despexerit,</span> <span class='ocrx_word' id='word_1_136' title='bbox 386 1320 415 1370; x_wconf 90' lang='lat' dir='ltr'>et</span> <span class='ocrx_word' id='word_1_137' title='bbox 423 1315 518 1387; x_wconf 91' lang='lat' dir='ltr'>ipsum</span> <span class='ocrx_word' id='word_1_138' title='bbox 527 1317 576 1390; x_wconf 90' lang='lat' dir='ltr'>qui</span> <span class='ocrx_word' id='word_1_139' title='bbox 587 1317 653 1373; x_wconf 86' lang='lat' dir='ltr'>talia</span> <span class='ocrx_word' id='word_1_140' title='bbox 665 1321 879 1392; x_wconf 87' lang='lat' dir='ltr'>praesumpserit</span> <span class='ocrx_word' id='word_1_141' title='bbox 927 1329 956 1379; x_wconf 91' lang='lat' dir='ltr'>et</span> <span class='ocrx_word' id='word_1_142' title='bbox 983 1325 1056 1380; x_wconf 91' lang='lat' dir='ltr'>hanc</span> <span class='ocrx_word' id='word_1_143' title='bbox 1083 1329 1310 1401; x_wconf 75' lang='lat' dir='ltr'>prerogativam,</span> <span class='ocrx_word' id='word_1_144' title='bbox 1335 1337 1363 1387; x_wconf 91' lang='lat' dir='ltr'>et</span> <span class='ocrx_word' id='word_1_145' title='bbox 1382 1333 1481 1388; x_wconf 88' lang='lat' dir='ltr'>tacitas</span> <span class='ocrx_word' id='word_1_146' title='bbox 1506 1335 1688 1406; x_wconf 80' lang='lat' dir='ltr'>hypothecas,</span> <span class='ocrx_word' id='word_1_147' title='bbox 1717 1340 1747 1394; x_wconf 89' lang='lat' dir='ltr'>ct</span> 
     </span>
     <span class='ocr_line' id='line_1_13' title="bbox 53 1406 1747 1501; baseline 0.01 -33"><span class='ocrx_word' id='word_1_148' title='bbox 53 1406 209 1479; x_wconf 68' lang='lat' dir='ltr'>jubeamus</span> <span class='ocrx_word' id='word_1_149' title='bbox 221 1407 297 1462; x_wconf 67' lang='lat' dir='ltr'>affici</span> <span class='ocrx_word' id='word_1_150' title='bbox 310 1407 459 1479; x_wconf 74' lang='lat' dir='ltr'>supplicio·</span> <span class='ocrx_word' id='word_1_151' title='bbox 928 1419 1023 1472; x_wconf 90' lang='lat' dir='ltr'>omnia</span> <span class='ocrx_word' id='word_1_152' title='bbox 1044 1419 1100 1475; x_wconf 86' lang='lat' dir='ltr'>alia</span> <span class='ocrx_word' id='word_1_153' title='bbox 1113 1437 1177 1493; x_wconf 73' lang='lat' dir='ltr'>quar</span> <span class='ocrx_word' id='word_1_154' title='bbox 1192 1423 1359 1478; x_wconf 87' lang='lat' dir='ltr'>mulieribus</span> <span class='ocrx_word' id='word_1_155' title='bbox 1373 1425 1402 1479; x_wconf 92' lang='lat' dir='ltr'>in</span> <span class='ocrx_word' id='word_1_156' title='bbox 1421 1426 1537 1481; x_wconf 87' lang='lat' dir='ltr'>diversis</span> <span class='ocrx_word' id='word_1_157' title='bbox 1555 1428 1710 1501; x_wconf 88' lang='lat' dir='ltr'>privilegiis</span> <span class='ocrx_word' id='word_1_158' title='bbox 1729 1446 1747 1486; x_wconf 88' lang='lat' dir='ltr'>a</span> 
     </span>
     <span class='ocr_line' id='line_1_14' title="bbox 352 1511 1748 1614; baseline 0.011 -51"><span class='ocrx_word' id='word_1_159' title='bbox 352 1528 506 1612; x_wconf 61' lang='lat' dir='ltr'><strong>NOVELLA</strong></span> <span class='ocrx_word' id='word_1_160' title='bbox 522 1557 575 1614; x_wconf 64' lang='lat' dir='ltr'>CIX</span> <span class='ocrx_word' id='word_1_161' title='bbox 927 1511 1031 1566; x_wconf 90' lang='lat' dir='ltr'>nostris</span> <span class='ocrx_word' id='word_1_162' title='bbox 1041 1528 1172 1570; x_wconf 88' lang='lat' dir='ltr'>concessa</span> <span class='ocrx_word' id='word_1_163' title='bbox 1181 1520 1248 1571; x_wconf 88' lang='lat' dir='ltr'>sunt</span> <span class='ocrx_word' id='word_1_164' title='bbox 1262 1517 1382 1587; x_wconf 89' lang='lat' dir='ltr'>legibus,</span> <span class='ocrx_word' id='word_1_165' title='bbox 1397 1518 1441 1573; x_wconf 91' lang='lat' dir='ltr'>his</span> <span class='ocrx_word' id='word_1_166' title='bbox 1453 1519 1520 1574; x_wconf 88' lang='lat' dir='ltr'>sotis</span> <span class='ocrx_word' id='word_1_167' title='bbox 1529 1521 1699 1592; x_wconf 82' lang='lat' dir='ltr'>praebemus,</span> <span class='ocrx_word' id='word_1_168' title='bbox 1713 1525 1748 1579; x_wconf 90' lang='lat' dir='ltr'>ut</span> 
     </span>
     <span class='ocr_line' id='line_1_15' title="bbox 253 1599 1744 1720; baseline 0.011 -66"><span class='ocrx_word' id='word_1_169' title='bbox 253 1653 290 1705; x_wconf 64' lang='lat' dir='ltr'>De</span> <span class='ocrx_word' id='word_1_170' title='bbox 304 1650 463 1707; x_wconf 53' lang='lat' dir='ltr'><strong><em>muneribus</em></strong></span> <span class='ocrx_word' id='word_1_171' title='bbox 476 1651 530 1720; x_wconf 61' lang='lat' dir='ltr'>Me</span> <span class='ocrx_word' id='word_1_172' title='bbox 543 1599 685 1708; x_wconf 42' lang='lat' dir='ltr'>Quoi&amp;</span> <span class='ocrx_word' id='word_1_173' title='bbox 928 1620 963 1659; x_wconf 89' lang='lat' dir='ltr'>ex</span> <span class='ocrx_word' id='word_1_174' title='bbox 978 1604 1022 1659; x_wconf 91' lang='lat' dir='ltr'>his</span> <span class='ocrx_word' id='word_1_175' title='bbox 1032 1604 1157 1662; x_wconf 82' lang='lat' dir='ltr'>fructum</span> <span class='ocrx_word' id='word_1_176' title='bbox 1175 1610 1298 1681; x_wconf 87' lang='lat' dir='ltr'>capiunt,</span> <span class='ocrx_word' id='word_1_177' title='bbox 1314 1611 1486 1684; x_wconf 86' lang='lat' dir='ltr'>illorumque</span> <span class='ocrx_word' id='word_1_178' title='bbox 1504 1619 1622 1669; x_wconf 86' lang='lat' dir='ltr'>utantur</span> <span class='ocrx_word' id='word_1_179' title='bbox 1635 1614 1744 1670; x_wconf 83' lang='lat' dir='ltr'>banell-</span> 
     </span>
     <span class='ocr_line' id='line_1_16' title="bbox 929 1697 1748 1779; baseline 0.013 -26"><span class='ocrx_word' id='word_1_180' title='bbox 929 1697 989 1764; x_wconf 91' lang='lat' dir='ltr'>ciis,</span> <span class='ocrx_word' id='word_1_181' title='bbox 1002 1715 1068 1771; x_wconf 80' lang='lat' dir='ltr'>quae</span> <span class='ocrx_word' id='word_1_182' title='bbox 1080 1700 1258 1771; x_wconf 84' lang='lat' dir='ltr'>diligentiam</span> <span class='ocrx_word' id='word_1_183' title='bbox 1273 1703 1418 1771; x_wconf 88' lang='lat' dir='ltr'>adhibent,</span> <span class='ocrx_word' id='word_1_184' title='bbox 1429 1721 1486 1777; x_wconf 92' lang='lat' dir='ltr'>quo</span> <span class='ocrx_word' id='word_1_185' title='bbox 1495 1706 1587 1779; x_wconf 89' lang='lat' dir='ltr'>magis</span> <span class='ocrx_word' id='word_1_186' title='bbox 1599 1713 1705 1763; x_wconf 89' lang='lat' dir='ltr'>rectam</span> <span class='ocrx_word' id='word_1_187' title='bbox 1718 1711 1748 1765; x_wconf 87' lang='lat' dir='ltr'>et</span> 
     </span>
     <span class='ocr_line' id='line_1_17' title="bbox 95 1764 1746 1874; baseline 0.012 -36"><span class='ocrx_word' id='word_1_188' title='bbox 95 1785 253 1854; x_wconf 87' lang='lat' dir='ltr'>hnperator</span> <span class='ocrx_word' id='word_1_189' title='bbox 264 1783 437 1838; x_wconf 72' lang='lat' dir='ltr'>lastinianus</span> <span class='ocrx_word' id='word_1_190' title='bbox 450 1785 595 1856; x_wconf 80' lang='lat' dir='ltr'>Augustus</span> <span class='ocrx_word' id='word_1_191' title='bbox 611 1785 712 1840; x_wconf 85' lang='lat' dir='ltr'>loanni</span> <span class='ocrx_word' id='word_1_192' title='bbox 734 1786 876 1858; x_wconf 88' lang='lat' dir='ltr'>gloriosis·</span> <span class='ocrx_word' id='word_1_193' title='bbox 887 1764 915 1838; x_wconf 83' lang='grc' dir='ltr'><strong>Β</strong></span> <span class='ocrx_word' id='word_1_194' title='bbox 927 1792 1102 1848; x_wconf 87' lang='lat' dir='ltr'>adorandam</span> <span class='ocrx_word' id='word_1_195' title='bbox 1114 1794 1200 1849; x_wconf 84' lang='lat' dir='ltr'>tidem</span> <span class='ocrx_word' id='word_1_196' title='bbox 1213 1801 1338 1851; x_wconf 88' lang='lat' dir='ltr'>nostram</span> <span class='ocrx_word' id='word_1_197' title='bbox 1352 1798 1465 1869; x_wconf 84' lang='lat' dir='ltr'>(nempe</span> <span class='ocrx_word' id='word_1_198' title='bbox 1475 1800 1621 1855; x_wconf 73' lang='lat' dir='ltr'>catholicas</span> <span class='ocrx_word' id='word_1_199' title='bbox 1635 1805 1664 1856; x_wconf 89' lang='lat' dir='ltr'>et</span> <span class='ocrx_word' id='word_1_200' title='bbox 1676 1818 1746 1874; x_wconf 90' lang='lat' dir='ltr'>apo·</span> 
     </span>
     <span class='ocr_line' id='line_1_18' title="bbox 56 1876 1799 1963; baseline 0.012 -32"><span class='ocrx_word' id='word_1_201' title='bbox 56 1877 131 1932; x_wconf 91' lang='lat' dir='ltr'>simo</span> <span class='ocrx_word' id='word_1_202' title='bbox 158 1876 345 1932; x_wconf 86' lang='lat' dir='ltr'>Orientalium</span> <span class='ocrx_word' id='word_1_203' title='bbox 372 1877 571 1948; x_wconf 74' lang='lat' dir='ltr'>praetoriorum</span> <span class='ocrx_word' id='word_1_204' title='bbox 590 1878 743 1949; x_wconf 84' lang='lat' dir='ltr'>praeiecto,</span> <span class='ocrx_word' id='word_1_205' title='bbox 772 1880 878 1936; x_wconf 87' lang='lat' dir='ltr'>iterum</span> <span class='ocrx_word' id='word_1_206' title='bbox 927 1886 1032 1941; x_wconf 80' lang='lat' dir='ltr'>stolicae</span> <span class='ocrx_word' id='word_1_207' title='bbox 1045 1887 1183 1956; x_wconf 72' lang='lat' dir='ltr'>Ecclesiae)</span> <span class='ocrx_word' id='word_1_208' title='bbox 1196 1888 1392 1958; x_wconf 87' lang='lat' dir='ltr'>retineant,et</span> <span class='ocrx_word' id='word_1_209' title='bbox 1400 1891 1570 1963; x_wconf 86' lang='lat' dir='ltr'>participent</span> <span class='ocrx_word' id='word_1_210' title='bbox 1583 1894 1700 1949; x_wconf 85' lang='lat' dir='ltr'>salutari</span> <span class='ocrx_word' id='word_1_211' title='bbox 1714 1895 1746 1952; x_wconf 92' lang='lat' dir='ltr'>in</span> <span class='ocrx_word' id='word_1_212' title='bbox 1795 1889 1799 1900; x_wconf 84' lang='lat'>&#39;</span> 
     </span>
     <span class='ocr_line' id='line_1_19' title="bbox 57 1969 1748 2046; baseline 0.011 -22"><span class='ocrx_word' id='word_1_213' title='bbox 57 1969 212 2025; x_wconf 85' lang='lat' dir='ltr'>exconsule</span> <span class='ocrx_word' id='word_1_214' title='bbox 223 1969 364 2025; x_wconf 90' lang='lat' dir='ltr'>ordinario</span> <span class='ocrx_word' id='word_1_215' title='bbox 377 1974 406 2024; x_wconf 90' lang='lat' dir='ltr'>et</span> <span class='ocrx_word' id='word_1_216' title='bbox 418 1971 546 2041; x_wconf 90' lang='lat' dir='ltr'>patricio.</span> <span class='ocrx_word' id='word_1_217' title='bbox 927 1995 960 2034; x_wconf 87' lang='lat' dir='ltr'>ea</span> <span class='ocrx_word' id='word_1_218' title='bbox 978 1979 1189 2035; x_wconf 88' lang='lat' dir='ltr'>communione.</span> <span class='ocrx_word' id='word_1_219' title='bbox 1217 1983 1284 2046; x_wconf 83' lang='lat' dir='ltr'>011ae</span> <span class='ocrx_word' id='word_1_220' title='bbox 1308 1983 1386 2038; x_wconf 92' lang='lat' dir='ltr'>enim</span> <span class='ocrx_word' id='word_1_221' title='bbox 1409 2001 1426 2039; x_wconf 91' lang='lat' dir='ltr'>a</span> <span class='ocrx_word' id='word_1_222' title='bbox 1450 1987 1545 2040; x_wconf 80' lang='lat' dir='ltr'>sancta</span> <span class='ocrx_word' id='word_1_223' title='bbox 1563 1987 1699 2041; x_wconf 89' lang='lat' dir='ltr'>catholica</span> <span class='ocrx_word' id='word_1_224' title='bbox 1718 1990 1748 2044; x_wconf 88' lang='lat' dir='ltr'>et</span> 
     </span>
     <span class='ocr_line' id='line_1_20' title="bbox 95 2062 1745 2150; baseline 0.011 -33"><span class='ocrx_word' id='word_1_225' title='bbox 95 2062 216 2118; x_wconf 85' lang='lat' dir='ltr'>Unicum</span> <span class='ocrx_word' id='word_1_226' title='bbox 237 2063 318 2117; x_wconf 93' lang='lat' dir='ltr'>nobis</span> <span class='ocrx_word' id='word_1_227' title='bbox 337 2063 477 2118; x_wconf 88' lang='lat' dir='ltr'>auxilium</span> <span class='ocrx_word' id='word_1_228' title='bbox 499 2080 550 2135; x_wconf 90' lang='lat' dir='ltr'>per</span> <span class='ocrx_word' id='word_1_229' title='bbox 570 2081 654 2121; x_wconf 86' lang='lat' dir='ltr'>omne</span> <span class='ocrx_word' id='word_1_230' title='bbox 674 2065 878 2122; x_wconf 80' lang='lat' dir='ltr'>administratae</span> <span class='ocrx_word' id='word_1_231' title='bbox 927 2074 1079 2143; x_wconf 88' lang='lat' dir='ltr'>apostolica</span> <span class='ocrx_word' id='word_1_232' title='bbox 1089 2074 1138 2129; x_wconf 83' lang='lat' dir='ltr'>llei</span> <span class='ocrx_word' id='word_1_233' title='bbox 1150 2075 1271 2130; x_wconf 88' lang='lat' dir='ltr'>Ecclesia</span> <span class='ocrx_word' id='word_1_234' title='bbox 1281 2077 1387 2147; x_wconf 90' lang='lat' dir='ltr'>seipsas</span> <span class='ocrx_word' id='word_1_235' title='bbox 1401 2081 1532 2149; x_wconf 87' lang='lat' dir='ltr'>separant</span> <span class='ocrx_word' id='word_1_236' title='bbox 1543 2094 1636 2150; x_wconf 88' lang='lat' dir='ltr'>neque</span> <span class='ocrx_word' id='word_1_237' title='bbox 1646 2080 1745 2135; x_wconf 93' lang='lat' dir='ltr'>incon·</span> 
     </span>
     <span class='ocr_line' id='line_1_21' title="bbox 55 2155 1747 2232; baseline 0.011 -22"><span class='ocrx_word' id='word_1_238' title='bbox 55 2155 225 2229; x_wconf 74' lang='lat' dir='ltr'>reipublice</span> <span class='ocrx_word' id='word_1_239' title='bbox 239 2156 398 2227; x_wconf 89' lang='lat' dir='ltr'>gestiquea</span> <span class='ocrx_word' id='word_1_240' title='bbox 420 2156 502 2211; x_wconf 90' lang='lat' dir='ltr'>uobis</span> <span class='ocrx_word' id='word_1_241' title='bbox 518 2157 632 2228; x_wconf 89' lang='lat' dir='ltr'>imperii</span> <span class='ocrx_word' id='word_1_242' title='bbox 652 2164 774 2231; x_wconf 89' lang='lat' dir='ltr'>tempus,</span> <span class='ocrx_word' id='word_1_243' title='bbox 798 2176 878 2232; x_wconf 87' lang='lat' dir='ltr'>spem</span> <span class='ocrx_word' id='word_1_244' title='bbox 927 2167 1065 2221; x_wconf 74' lang='lat' dir='ltr'>matinata</span> <span class='ocrx_word' id='word_1_245' title='bbox 1078 2167 1108 2221; x_wconf 92' lang='lat' dir='ltr'>in</span> <span class='ocrx_word' id='word_1_246' title='bbox 1122 2184 1155 2223; x_wconf 88' lang='lat' dir='ltr'>ea</span> <span class='ocrx_word' id='word_1_247' title='bbox 1170 2169 1370 2224; x_wconf 89' lang='lat' dir='ltr'>communione</span> <span class='ocrx_word' id='word_1_248' title='bbox 1391 2186 1454 2225; x_wconf 90' lang='lat' dir='ltr'>cum</span> <span class='ocrx_word' id='word_1_249' title='bbox 1476 2172 1525 2226; x_wconf 88' lang='lat' dir='ltr'>llei</span> <span class='ocrx_word' id='word_1_250' title='bbox 1544 2173 1747 2228; x_wconf 87' lang='lat' dir='ltr'>amantissimis</span> 
     </span>
     <span class='ocr_line' id='line_1_22' title="bbox 55 2254 1745 2335; baseline 0.008 -26"><span class='ocrx_word' id='word_1_251' title='bbox 55 2256 89 2309; x_wconf 92' lang='lat' dir='ltr'>in</span> <span class='ocrx_word' id='word_1_252' title='bbox 106 2255 195 2309; x_wconf 87' lang='lat' dir='ltr'>Deum</span> <span class='ocrx_word' id='word_1_253' title='bbox 209 2270 268 2309; x_wconf 89' lang='lat' dir='ltr'>esse</span> <span class='ocrx_word' id='word_1_254' title='bbox 281 2254 450 2308; x_wconf 87' lang='lat' dir='ltr'>confidimus</span> <span class='ocrx_word' id='word_1_255' title='bbox 465 2271 472 2308; x_wconf 76' lang='grc' dir='ltr'><em>τ</em></span> <span class='ocrx_word' id='word_1_256' title='bbox 489 2254 610 2310; x_wconf 88' lang='lat' dir='ltr'>scientes</span> <span class='ocrx_word' id='word_1_257' title='bbox 628 2256 704 2328; x_wconf 91' lang='lat' dir='ltr'>quod</span> <span class='ocrx_word' id='word_1_258' title='bbox 724 2256 777 2311; x_wconf 91' lang='lat' dir='ltr'>hoc</span> <span class='ocrx_word' id='word_1_259' title='bbox 797 2258 878 2312; x_wconf 91' lang='lat' dir='ltr'>uobis</span> <span class='ocrx_word' id='word_1_260' title='bbox 928 2259 1013 2331; x_wconf 90' lang='lat' dir='ltr'>hujus</span> <span class='ocrx_word' id='word_1_261' title='bbox 1025 2261 1218 2317; x_wconf 88' lang='lat' dir='ltr'>sacerdotibus</span> <span class='ocrx_word' id='word_1_262' title='bbox 1235 2264 1405 2335; x_wconf 84' lang='lat' dir='ltr'>participare</span> <span class='ocrx_word' id='word_1_263' title='bbox 1419 2265 1574 2332; x_wconf 86' lang='lat' dir='ltr'>sustinent,</span> <span class='ocrx_word' id='word_1_264' title='bbox 1590 2283 1636 2320; x_wconf 90' lang='lat' dir='ltr'>eas</span> <span class='ocrx_word' id='word_1_265' title='bbox 1651 2270 1745 2324; x_wconf 89' lang='lat' dir='ltr'>neuti-</span> 
     </span>
     <span class='ocr_line' id='line_1_23' title="bbox 56 2347 1747 2429; baseline 0.009 -27"><span class='ocrx_word' id='word_1_266' title='bbox 56 2347 147 2419; x_wconf 89' lang='lat' dir='ltr'>ipsius</span> <span class='ocrx_word' id='word_1_267' title='bbox 161 2347 248 2402; x_wconf 88' lang='lat' dir='ltr'>etiarn</span> <span class='ocrx_word' id='word_1_268' title='bbox 261 2348 363 2402; x_wconf 76' lang='lat' dir='ltr'>animae</span> <span class='ocrx_word' id='word_1_269' title='bbox 377 2348 497 2402; x_wconf 89' lang='lat' dir='ltr'>satutem</span> <span class='ocrx_word' id='word_1_270' title='bbox 507 2349 642 2419; x_wconf 65' lang='lat' dir='ltr'>praebent.</span> <span class='ocrx_word' id='word_1_271' title='bbox 658 2351 736 2405; x_wconf 85' lang='lat' dir='ltr'>Unde</span> <span class='ocrx_word' id='word_1_272' title='bbox 749 2352 879 2407; x_wconf 91' lang='lat' dir='ltr'>convenit</span> <span class='ocrx_word' id='word_1_273' title='bbox 927 2370 1013 2424; x_wconf 89' lang='lat' dir='ltr'>quam</span> <span class='ocrx_word' id='word_1_274' title='bbox 1028 2353 1156 2408; x_wconf 86' lang='lat' dir='ltr'>volnums</span> <span class='ocrx_word' id='word_1_275' title='bbox 1166 2356 1330 2427; x_wconf 68' lang='lat' dir='ltr'>hujusmodi</span> <span class='ocrx_word' id='word_1_276' title='bbox 1341 2357 1499 2429; x_wconf 83' lang='lat' dir='ltr'>privilegiis</span> <span class='ocrx_word' id='word_1_277' title='bbox 1510 2359 1628 2429; x_wconf 82' lang='lat' dir='ltr'>pertrui.</span> <span class='ocrx_word' id='word_1_278' title='bbox 1643 2361 1747 2418; x_wconf 79' lang='lat' dir='ltr'>Nomai</span> 
     </span>
     <span class='ocr_line' id='line_1_24' title="bbox 55 2441 1746 2521; baseline 0.008 -24"><span class='ocrx_word' id='word_1_279' title='bbox 55 2447 91 2497; x_wconf 90' lang='lat' dir='ltr'>ut</span> <span class='ocrx_word' id='word_1_280' title='bbox 103 2446 132 2497; x_wconf 86' lang='lat' dir='ltr'>et</span> <span class='ocrx_word' id='word_1_281' title='bbox 154 2441 344 2513; x_wconf 83' lang='lat' dir='ltr'>legislationes</span> <span class='ocrx_word' id='word_1_282' title='bbox 366 2446 477 2496; x_wconf 89' lang='lat' dir='ltr'>nostras</span> <span class='ocrx_word' id='word_1_283' title='bbox 498 2442 601 2497; x_wconf 85' lang='lat' dir='ltr'>exinde</span> <span class='ocrx_word' id='word_1_284' title='bbox 619 2443 771 2514; x_wconf 89' lang='lat' dir='ltr'>pendeant,</span> <span class='ocrx_word' id='word_1_285' title='bbox 795 2449 823 2499; x_wconf 90' lang='lat' dir='ltr'>et</span> <span class='ocrx_word' id='word_1_286' title='bbox 844 2460 877 2501; x_wconf 90' lang='lat' dir='ltr'>eo</span> <span class='ocrx_word' id='word_1_287' title='bbox 928 2448 1009 2501; x_wconf 83' lang='lat' dir='ltr'>allei</span> <span class='ocrx_word' id='word_1_288' title='bbox 1021 2464 1049 2501; x_wconf 91' lang='lat' dir='ltr'>se</span> <span class='ocrx_word' id='word_1_289' title='bbox 1061 2448 1227 2504; x_wconf 89' lang='lat' dir='ltr'>muneribus</span> <span class='ocrx_word' id='word_1_290' title='bbox 1237 2454 1378 2521; x_wconf 86' lang='lat' dir='ltr'>separant,</span> <span class='ocrx_word' id='word_1_291' title='bbox 1394 2454 1452 2506; x_wconf 90' lang='lat' dir='ltr'>eta</span> <span class='ocrx_word' id='word_1_292' title='bbox 1468 2457 1563 2507; x_wconf 89' lang='lat' dir='ltr'>sancta</span> <span class='ocrx_word' id='word_1_293' title='bbox 1575 2458 1603 2509; x_wconf 90' lang='lat' dir='ltr'>et</span> <span class='ocrx_word' id='word_1_294' title='bbox 1616 2452 1746 2510; x_wconf 89' lang='lat' dir='ltr'>inconta-</span> 
     </span>
     <span class='ocr_line' id='line_1_25' title="bbox 56 2535 1831 2619; baseline 0.006 -28"><span class='ocrx_word' id='word_1_295' title='bbox 56 2535 220 2608; x_wconf 88' lang='lat' dir='ltr'>respiciant,</span> <span class='ocrx_word' id='word_1_296' title='bbox 234 2539 262 2590; x_wconf 88' lang='lat' dir='ltr'>et</span> <span class='ocrx_word' id='word_1_297' title='bbox 275 2535 330 2590; x_wconf 90' lang='lat' dir='ltr'>hoc</span> <span class='ocrx_word' id='word_1_298' title='bbox 350 2551 449 2590; x_wconf 87' lang='lat' dir='ltr'>eorum</span> <span class='ocrx_word' id='word_1_299' title='bbox 467 2535 638 2607; x_wconf 90' lang='lat' dir='ltr'>principium</span> <span class='ocrx_word' id='word_1_300' title='bbox 653 2536 754 2605; x_wconf 91' lang='lat' dir='ltr'>simul,</span> <span class='ocrx_word' id='word_1_301' title='bbox 769 2540 798 2592; x_wconf 87' lang='lat' dir='ltr'>et</span> <span class='ocrx_word' id='word_1_302' title='bbox 815 2554 876 2593; x_wconf 88' lang='lat' dir='ltr'>me·</span> <span class='ocrx_word' id='word_1_303' title='bbox 927 2541 1037 2596; x_wconf 87' lang='lat' dir='ltr'>minata</span> <span class='ocrx_word' id='word_1_304' title='bbox 1046 2558 1076 2596; x_wconf 89' lang='lat' dir='ltr'>se</span> <span class='ocrx_word' id='word_1_305' title='bbox 1089 2543 1290 2598; x_wconf 91' lang='lat' dir='ltr'>communione</span> <span class='ocrx_word' id='word_1_306' title='bbox 1304 2544 1409 2598; x_wconf 90' lang='lat' dir='ltr'>alienas</span> <span class='ocrx_word' id='word_1_307' title='bbox 1422 2545 1540 2613; x_wconf 84' lang='lat' dir='ltr'>iaciunt,</span> <span class='ocrx_word' id='word_1_308' title='bbox 1550 2548 1641 2603; x_wconf 90' lang='lat' dir='ltr'>multo</span> <span class='ocrx_word' id='word_1_309' title='bbox 1655 2548 1747 2619; x_wconf 88' lang='lat' dir='ltr'>magis</span> <span class='ocrx_word' id='word_1_310' title='bbox 1826 2592 1831 2601; x_wconf 93' lang='lat'>.</span> 
     </span>
     <span class='ocr_line' id='line_1_26' title="bbox 56 2628 1744 2711; baseline 0.006 -27"><span class='ocrx_word' id='word_1_311' title='bbox 56 2629 151 2697; x_wconf 91' lang='lat' dir='ltr'>dium,</span> <span class='ocrx_word' id='word_1_312' title='bbox 169 2632 254 2700; x_wconf 89' lang='lat' dir='ltr'>atque</span> <span class='ocrx_word' id='word_1_313' title='bbox 268 2628 333 2683; x_wconf 83' lang='lat' dir='ltr'>linis</span> <span class='ocrx_word' id='word_1_314' title='bbox 347 2628 393 2683; x_wconf 92' lang='lat' dir='ltr'>sit.</span> <span class='ocrx_word' id='word_1_315' title='bbox 927 2649 1020 2705; x_wconf 88' lang='lat' dir='ltr'>neque</span> <span class='ocrx_word' id='word_1_316' title='bbox 1040 2651 1092 2689; x_wconf 90' lang='lat' dir='ltr'>nos</span> <span class='ocrx_word' id='word_1_317' title='bbox 1113 2637 1335 2691; x_wconf 86' lang='lat' dir='ltr'>concesserimus</span> <span class='ocrx_word' id='word_1_318' title='bbox 1355 2639 1388 2691; x_wconf 91' lang='lat' dir='ltr'>ut</span> <span class='ocrx_word' id='word_1_319' title='bbox 1407 2638 1563 2710; x_wconf 86' lang='lat' dir='ltr'>privilegiis</span> <span class='ocrx_word' id='word_1_320' title='bbox 1583 2639 1677 2711; x_wconf 81' lang='lat' dir='ltr'>dignae</span> <span class='ocrx_word' id='word_1_321' title='bbox 1691 2640 1744 2695; x_wconf 90' lang='lat' dir='ltr'>ha-</span> 
     </span>
     <span class='ocr_line' id='line_1_27' title="bbox 94 2721 1745 2802; baseline 0.005 -23"><span class='ocrx_word' id='word_1_322' title='bbox 94 2723 201 2779; x_wconf 87' lang='lat' dir='ltr'>Omnes</span> <span class='ocrx_word' id='word_1_323' title='bbox 221 2723 310 2795; x_wconf 88' lang='lat' dir='ltr'>igitur</span> <span class='ocrx_word' id='word_1_324' title='bbox 322 2726 464 2778; x_wconf 89' lang='lat' dir='ltr'>noverunt</span> <span class='ocrx_word' id='word_1_325' title='bbox 477 2721 554 2794; x_wconf 92' lang='lat' dir='ltr'>quod</span> <span class='ocrx_word' id='word_1_326' title='bbox 569 2722 618 2795; x_wconf 93' lang='lat' dir='ltr'>qui</span> <span class='ocrx_word' id='word_1_327' title='bbox 634 2727 699 2778; x_wconf 88' lang='lat' dir='ltr'>ante</span> <span class='ocrx_word' id='word_1_328' title='bbox 715 2740 766 2779; x_wconf 90' lang='lat' dir='ltr'>nos</span> <span class='ocrx_word' id='word_1_329' title='bbox 782 2724 876 2797; x_wconf 88' lang='lat' dir='ltr'>impe·</span> <span class='ocrx_word' id='word_1_330' title='bbox 927 2726 1057 2796; x_wconf 86' lang='lat' dir='ltr'>beantur,</span> <span class='ocrx_word' id='word_1_331' title='bbox 1074 2731 1158 2799; x_wconf 89' lang='lat' dir='ltr'>atque</span> <span class='ocrx_word' id='word_1_332' title='bbox 1171 2745 1205 2783; x_wconf 90' lang='lat' dir='ltr'>ex</span> <span class='ocrx_word' id='word_1_333' title='bbox 1218 2729 1315 2799; x_wconf 85' lang='lat' dir='ltr'>legum</span> <span class='ocrx_word' id='word_1_334' title='bbox 1329 2733 1489 2785; x_wconf 87' lang='lat' dir='ltr'>nostrarum</span> <span class='ocrx_word' id='word_1_335' title='bbox 1505 2731 1643 2802; x_wconf 88' lang='lat' dir='ltr'>applausu</span> <span class='ocrx_word' id='word_1_336' title='bbox 1656 2748 1688 2786; x_wconf 89' lang='lat' dir='ltr'>ac</span> <span class='ocrx_word' id='word_1_337' title='bbox 1702 2732 1745 2787; x_wconf 82' lang='lat' dir='ltr'>ia·</span> 
     </span>
     <span class='ocr_line' id='line_1_28' title="bbox 54 2816 1746 2893; baseline 0.005 -21"><span class='ocrx_word' id='word_1_338' title='bbox 54 2819 135 2872; x_wconf 89' lang='lat' dir='ltr'>rium</span> <span class='ocrx_word' id='word_1_339' title='bbox 149 2821 295 2885; x_wconf 89' lang='lat' dir='ltr'>rexerunt,</span> <span class='ocrx_word' id='word_1_340' title='bbox 317 2821 345 2872; x_wconf 90' lang='lat' dir='ltr'>et</span> <span class='ocrx_word' id='word_1_341' title='bbox 365 2816 488 2870; x_wconf 91' lang='lat' dir='ltr'>maxime</span> <span class='ocrx_word' id='word_1_342' title='bbox 510 2816 564 2871; x_wconf 91' lang='lat' dir='ltr'>Leo</span> <span class='ocrx_word' id='word_1_343' title='bbox 587 2817 643 2887; x_wconf 79' lang='lat' dir='ltr'>piae</span> <span class='ocrx_word' id='word_1_344' title='bbox 664 2818 826 2884; x_wconf 72' lang='lat' dir='ltr'>memoriae,</span> <span class='ocrx_word' id='word_1_345' title='bbox 850 2823 878 2874; x_wconf 88' lang='lat' dir='ltr'>et</span> <span class='ocrx_word' id='word_1_346' title='bbox 927 2836 992 2874; x_wconf 90' lang='lat' dir='ltr'>vore</span> <span class='ocrx_word' id='word_1_347' title='bbox 1004 2821 1129 2875; x_wconf 82' lang='lat' dir='ltr'>fructum</span> <span class='ocrx_word' id='word_1_348' title='bbox 1142 2822 1311 2893; x_wconf 82' lang='lat' dir='ltr'>percipiant.</span> <span class='ocrx_word' id='word_1_349' title='bbox 1325 2823 1397 2886; x_wconf 79' lang='lat' dir='ltr'>Quin</span> <span class='ocrx_word' id='word_1_350' title='bbox 1410 2823 1505 2893; x_wconf 90' lang='lat' dir='ltr'>potius</span> <span class='ocrx_word' id='word_1_351' title='bbox 1518 2823 1655 2880; x_wconf 84' lang='lat' dir='ltr'>beneficia</span> <span class='ocrx_word' id='word_1_352' title='bbox 1672 2841 1688 2879; x_wconf 87' lang='lat' dir='ltr'>e</span> <span class='ocrx_word' id='word_1_353' title='bbox 1703 2825 1746 2881; x_wconf 87' lang='lat' dir='ltr'>le-</span> 
     </span>
     <span class='ocr_line' id='line_1_29' title="bbox 56 2909 1747 2987; baseline 0.005 -21"><span class='ocrx_word' id='word_1_354' title='bbox 56 2911 264 2966; x_wconf 88' lang='lat' dir='ltr'>sacratissimus</span> <span class='ocrx_word' id='word_1_355' title='bbox 276 2910 407 2981; x_wconf 87' lang='lat' dir='ltr'>priuceps</span> <span class='ocrx_word' id='word_1_356' title='bbox 418 2909 544 2964; x_wconf 81' lang='lat' dir='ltr'>tustinus</span> <span class='ocrx_word' id='word_1_357' title='bbox 555 2912 752 2980; x_wconf 88' lang='lat' dir='ltr'>paternoster,</span> <span class='ocrx_word' id='word_1_358' title='bbox 765 2912 795 2966; x_wconf 94' lang='lat' dir='ltr'>in</span> <span class='ocrx_word' id='word_1_359' title='bbox 809 2929 876 2967; x_wconf 91' lang='lat' dir='ltr'>con·</span> <span class='ocrx_word' id='word_1_360' title='bbox 928 2913 1009 2984; x_wconf 87' lang='lat' dir='ltr'>gibus</span> <span class='ocrx_word' id='word_1_361' title='bbox 1022 2914 1148 2985; x_wconf 84' lang='lat' dir='ltr'>prolecta</span> <span class='ocrx_word' id='word_1_362' title='bbox 1161 2915 1275 2986; x_wconf 87' lang='lat' dir='ltr'>penitus</span> <span class='ocrx_word' id='word_1_363' title='bbox 1290 2915 1357 2987; x_wconf 91' lang='lat' dir='ltr'>ipsis</span> <span class='ocrx_word' id='word_1_364' title='bbox 1370 2916 1510 2970; x_wconf 88' lang='lat' dir='ltr'>inaccessa</span> <span class='ocrx_word' id='word_1_365' title='bbox 1523 2921 1618 2986; x_wconf 91' lang='lat' dir='ltr'>sunto,</span> <span class='ocrx_word' id='word_1_366' title='bbox 1629 2921 1657 2972; x_wconf 89' lang='lat' dir='ltr'>et</span> <span class='ocrx_word' id='word_1_367' title='bbox 1667 2918 1747 2975; x_wconf 90' lang='lat' dir='ltr'>omni</span> 
     </span>
     <span class='ocr_line' id='line_1_30' title="bbox 55 3003 1746 3081; baseline 0.005 -21"><span class='ocrx_word' id='word_1_368' title='bbox 55 3004 252 3061; x_wconf 83' lang='lat' dir='ltr'>stitutionibus</span> <span class='ocrx_word' id='word_1_369' title='bbox 273 3003 331 3058; x_wconf 90' lang='lat' dir='ltr'>suis</span> <span class='ocrx_word' id='word_1_370' title='bbox 349 3003 380 3058; x_wconf 92' lang='lat' dir='ltr'>in</span> <span class='ocrx_word' id='word_1_371' title='bbox 399 3003 564 3058; x_wconf 88' lang='lat' dir='ltr'>universum</span> <span class='ocrx_word' id='word_1_372' title='bbox 586 3004 717 3058; x_wconf 89' lang='lat' dir='ltr'>omnibus</span> <span class='ocrx_word' id='word_1_373' title='bbox 736 3005 877 3060; x_wconf 76' lang='lat' dir='ltr'>haereticis</span> <span class='ocrx_word' id='word_1_374' title='bbox 926 3006 1108 3078; x_wconf 85' lang='lat' dir='ltr'>privilegioa</span> <span class='ocrx_word' id='word_1_375' title='bbox 1130 3007 1379 3063; x_wconf 89' lang='lat' dir='ltr'>constitutionibus</span> <span class='ocrx_word' id='word_1_376' title='bbox 1402 3009 1504 3064; x_wconf 91' lang='lat' dir='ltr'>nostris</span> <span class='ocrx_word' id='word_1_377' title='bbox 1525 3010 1593 3081; x_wconf 86' lang='lat' dir='ltr'>ipsis</span> <span class='ocrx_word' id='word_1_378' title='bbox 1615 3026 1746 3069; x_wconf 88' lang='lat' dir='ltr'>concesso</span> 
     </span>
     <span class='ocr_line' id='line_1_31' title="bbox 54 3096 1747 3172; baseline 0.004 -19"><span class='ocrx_word' id='word_1_379' title='bbox 54 3098 267 3163; x_wconf 79' lang='lat' dir='ltr'>interdixerint,</span> <span class='ocrx_word' id='word_1_380' title='bbox 280 3113 317 3152; x_wconf 91' lang='lat' dir='ltr'>ne</span> <span class='ocrx_word' id='word_1_381' title='bbox 329 3113 417 3169; x_wconf 90' lang='lat' dir='ltr'>quam</span> <span class='ocrx_word' id='word_1_382' title='bbox 430 3096 483 3167; x_wconf 91' lang='lat' dir='ltr'>ipsi</span> <span class='ocrx_word' id='word_1_383' title='bbox 493 3096 537 3151; x_wconf 91' lang='lat' dir='ltr'>vel</span> <span class='ocrx_word' id='word_1_384' title='bbox 549 3097 681 3152; x_wconf 89' lang='lat' dir='ltr'>militiam</span> <span class='ocrx_word' id='word_1_385' title='bbox 688 3104 875 3170; x_wconf 86' lang='lat' dir='ltr'>capesserent,</span> <span class='ocrx_word' id='word_1_386' title='bbox 927 3100 1124 3172; x_wconf 89' lang='lat' dir='ltr'>privabuntur.</span> <span class='ocrx_word' id='word_1_387' title='bbox 1141 3101 1247 3156; x_wconf 88' lang='lat' dir='ltr'>Licebit</span> <span class='ocrx_word' id='word_1_388' title='bbox 1258 3106 1355 3156; x_wconf 75' lang='lat' dir='ltr'>aretem</span> <span class='ocrx_word' id='word_1_389' title='bbox 1368 3101 1424 3172; x_wconf 89' lang='lat' dir='ltr'>eis,</span> <span class='ocrx_word' id='word_1_390' title='bbox 1449 3102 1496 3157; x_wconf 91' lang='lat' dir='ltr'>ubi</span> <span class='ocrx_word' id='word_1_391' title='bbox 1515 3102 1666 3158; x_wconf 89' lang='lat' dir='ltr'>meliorem</span> <span class='ocrx_word' id='word_1_392' title='bbox 1681 3120 1747 3160; x_wconf 90' lang='lat' dir='ltr'>seu·</span> 
     </span>
     <span class='ocr_line' id='line_1_32' title="bbox 55 3189 1747 3267; baseline 0.006 -25"><span class='ocrx_word' id='word_1_393' title='bbox 55 3192 99 3247; x_wconf 87' lang='lat' dir='ltr'>vel</span> <span class='ocrx_word' id='word_1_394' title='bbox 109 3192 142 3246; x_wconf 90' lang='lat' dir='ltr'>in</span> <span class='ocrx_word' id='word_1_395' title='bbox 153 3190 275 3262; x_wconf 87' lang='lat' dir='ltr'>publicis</span> <span class='ocrx_word' id='word_1_396' title='bbox 290 3189 525 3245; x_wconf 89' lang='lat' dir='ltr'>sollicitudinibus</span> <span class='ocrx_word' id='word_1_397' title='bbox 538 3190 628 3245; x_wconf 91' lang='lat' dir='ltr'>ullam</span> <span class='ocrx_word' id='word_1_398' title='bbox 645 3192 877 3246; x_wconf 89' lang='lat' dir='ltr'>communionem</span> <span class='ocrx_word' id='word_1_399' title='bbox 927 3194 1046 3249; x_wconf 90' lang='lat' dir='ltr'>tentiam</span> <span class='ocrx_word' id='word_1_400' title='bbox 1055 3195 1204 3266; x_wconf 78' lang='lat' dir='ltr'>amplexa,</span> <span class='ocrx_word' id='word_1_401' title='bbox 1217 3199 1246 3248; x_wconf 89' lang='lat' dir='ltr'>et</span> <span class='ocrx_word' id='word_1_402' title='bbox 1256 3200 1361 3249; x_wconf 86' lang='lat' dir='ltr'>rectam</span> <span class='ocrx_word' id='word_1_403' title='bbox 1371 3212 1525 3267; x_wconf 88' lang='lat' dir='ltr'>veramque</span> <span class='ocrx_word' id='word_1_404' title='bbox 1533 3195 1619 3251; x_wconf 85' lang='lat' dir='ltr'>fidem</span> <span class='ocrx_word' id='word_1_405' title='bbox 1630 3212 1747 3252; x_wconf 88' lang='lat' dir='ltr'>exoscu-</span> 
     </span>
     <span class='ocr_line' id='line_1_33' title="bbox 55 3283 1747 3359; baseline 0.002 -20"><span class='ocrx_word' id='word_1_406' title='bbox 55 3285 198 3340; x_wconf 88' lang='lat' dir='ltr'>haberent</span> <span class='ocrx_word' id='word_1_407' title='bbox 212 3301 218 3338; x_wconf 94' lang='lat'><strong>:</strong></span> <span class='ocrx_word' id='word_1_408' title='bbox 233 3284 387 3356; x_wconf 91' lang='lat' dir='ltr'>quominus</span> <span class='ocrx_word' id='word_1_409' title='bbox 400 3283 543 3338; x_wconf 87' lang='lat' dir='ltr'>occasione</span> <span class='ocrx_word' id='word_1_410' title='bbox 552 3289 613 3338; x_wconf 90' lang='lat' dir='ltr'>tum</span> <span class='ocrx_word' id='word_1_411' title='bbox 628 3284 803 3353; x_wconf 87' lang='lat' dir='ltr'>militiarum,</span> <span class='ocrx_word' id='word_1_412' title='bbox 815 3290 878 3340; x_wconf 92' lang='lat' dir='ltr'>tum</span> <span class='ocrx_word' id='word_1_413' title='bbox 927 3286 1000 3355; x_wconf 77' lang='lat' dir='ltr'>latre,</span> <span class='ocrx_word' id='word_1_414' title='bbox 1013 3304 1103 3358; x_wconf 88' lang='lat' dir='ltr'>neque</span> <span class='ocrx_word' id='word_1_415' title='bbox 1113 3305 1170 3342; x_wconf 91' lang='lat' dir='ltr'>non</span> <span class='ocrx_word' id='word_1_416' title='bbox 1179 3287 1323 3341; x_wconf 83' lang='lat' dir='ltr'>mordicus</span> <span class='ocrx_word' id='word_1_417' title='bbox 1336 3303 1539 3359; x_wconf 86' lang='lat' dir='ltr'>usquequaque</span> <span class='ocrx_word' id='word_1_418' title='bbox 1550 3304 1613 3343; x_wconf 90' lang='lat' dir='ltr'>eam</span> <span class='ocrx_word' id='word_1_419' title='bbox 1623 3289 1747 3344; x_wconf 75' lang='lat' dir='ltr'>retinere</span> 
     </span>
     <span class='ocr_line' id='line_1_34' title="bbox 56 3362 1747 3453; baseline 0.002 -20"><span class='ocrx_word' id='word_1_420' title='bbox 56 3377 225 3433; x_wconf 86' lang='lat' dir='ltr'>tractatione</span> <span class='ocrx_word' id='word_1_421' title='bbox 238 3377 354 3448; x_wconf 91' lang='lat' dir='ltr'>insuper</span> <span class='ocrx_word' id='word_1_422' title='bbox 367 3377 547 3447; x_wconf 89' lang='lat' dir='ltr'>publicorum</span> <span class='ocrx_word' id='word_1_423' title='bbox 562 3376 745 3447; x_wconf 81' lang='lat' dir='ltr'>negotiorum</span> <span class='ocrx_word' id='word_1_424' title='bbox 757 3419 763 3445; x_wconf 96' lang='lat'>,</span> <span class='ocrx_word' id='word_1_425' title='bbox 775 3383 878 3432; x_wconf 73' lang='lat' dir='ltr'>sancte</span> <span class='ocrx_word' id='word_1_426' title='bbox 927 3385 1034 3433; x_wconf 81' lang='lat' dir='ltr'>conatae</span> <span class='ocrx_word' id='word_1_427' title='bbox 1047 3380 1170 3448; x_wconf 84' lang='lat' dir='ltr'>inerint,</span> <span class='ocrx_word' id='word_1_428' title='bbox 1185 3379 1344 3434; x_wconf 90' lang='lat' dir='ltr'>istiusmodi</span> <span class='ocrx_word' id='word_1_429' title='bbox 1365 3362 1530 3435; x_wconf 89' lang='lat' dir='ltr'>muneribus</span> <span class='ocrx_word' id='word_1_430' title='bbox 1545 3385 1574 3435; x_wconf 90' lang='lat' dir='ltr'>et</span> <span class='ocrx_word' id='word_1_431' title='bbox 1589 3380 1747 3453; x_wconf 88' lang='lat' dir='ltr'>privilegiis</span> 
     </span>
     <span class='ocr_line' id='line_1_35' title="bbox 55 3469 1748 3543; baseline 0.002 -16"><span class='ocrx_word' id='word_1_432' title='bbox 55 3470 238 3527; x_wconf 78' lang='lat' dir='ltr'>catholicaeet</span> <span class='ocrx_word' id='word_1_433' title='bbox 245 3470 462 3542; x_wconf 84' lang='lat' dir='ltr'>apostolicoeDei</span> <span class='ocrx_word' id='word_1_434' title='bbox 471 3469 600 3523; x_wconf 87' lang='lat' dir='ltr'>Ecclesiae</span> <span class='ocrx_word' id='word_1_435' title='bbox 611 3472 705 3540; x_wconf 88' lang='lat' dir='ltr'>partes</span> <span class='ocrx_word' id='word_1_436' title='bbox 714 3470 878 3524; x_wconf 85' lang='lat' dir='ltr'>viderentur</span> <span class='ocrx_word' id='word_1_437' title='bbox 927 3472 1046 3543; x_wconf 81' lang='lat' dir='ltr'>pertrui.</span> <span class='ocrx_word' id='word_1_438' title='bbox 1068 3472 1114 3526; x_wconf 84' lang='lat' dir='ltr'>llis</span> <span class='ocrx_word' id='word_1_439' title='bbox 1129 3488 1180 3543; x_wconf 89' lang='lat' dir='ltr'>per</span> <span class='ocrx_word' id='word_1_440' title='bbox 1194 3471 1354 3526; x_wconf 86' lang='lat' dir='ltr'>universam</span> <span class='ocrx_word' id='word_1_441' title='bbox 1369 3471 1483 3543; x_wconf 88' lang='lat' dir='ltr'>imperii</span> <span class='ocrx_word' id='word_1_442' title='bbox 1501 3472 1591 3528; x_wconf 90' lang='lat' dir='ltr'>nostri</span> <span class='ocrx_word' id='word_1_443' title='bbox 1610 3473 1748 3530; x_wconf 84' lang='lat' dir='ltr'>ditionem</span> 
     </span>
     <span class='ocr_line' id='line_1_36' title="bbox 55 3562 1747 3638; baseline 0.002 -19"><span class='ocrx_word' id='word_1_444' title='bbox 55 3580 253 3634; x_wconf 88' lang='lat' dir='ltr'>corrumpere.</span> <span class='ocrx_word' id='word_1_445' title='bbox 265 3564 299 3618; x_wconf 88' lang='lat' dir='ltr'>Et</span> <span class='ocrx_word' id='word_1_446' title='bbox 308 3580 359 3618; x_wconf 90' lang='lat' dir='ltr'>nos</span> <span class='ocrx_word' id='word_1_447' title='bbox 368 3579 480 3635; x_wconf 89' lang='lat' dir='ltr'>quoque</span> <span class='ocrx_word' id='word_1_448' title='bbox 492 3563 546 3616; x_wconf 92' lang='lat' dir='ltr'>hoc</span> <span class='ocrx_word' id='word_1_449' title='bbox 556 3562 651 3634; x_wconf 90' lang='lat' dir='ltr'>ipsum</span> <span class='ocrx_word' id='word_1_450' title='bbox 660 3562 788 3632; x_wconf 84' lang='lat' dir='ltr'>lecimus,</span> <span class='ocrx_word' id='word_1_451' title='bbox 801 3563 878 3618; x_wconf 88' lang='lat' dir='ltr'>hisce</span> <span class='ocrx_word' id='word_1_452' title='bbox 928 3565 1121 3620; x_wconf 90' lang='lat' dir='ltr'>obtinentibus</span> <span class='ocrx_word' id='word_1_453' title='bbox 1140 3570 1168 3620; x_wconf 91' lang='lat' dir='ltr'>et</span> <span class='ocrx_word' id='word_1_454' title='bbox 1186 3564 1366 3620; x_wconf 85' lang='lat' dir='ltr'>observandis</span> <span class='ocrx_word' id='word_1_455' title='bbox 1384 3565 1581 3636; x_wconf 83' lang='lat' dir='ltr'>principaliter</span> <span class='ocrx_word' id='word_1_456' title='bbox 1595 3566 1713 3638; x_wconf 87' lang='lat' dir='ltr'>quidem</span> <span class='ocrx_word' id='word_1_457' title='bbox 1728 3583 1747 3623; x_wconf 82' lang='lat' dir='ltr'>a</span> 
     </span>
     <span class='ocr_line' id='line_1_37' title="bbox 55 3655 1747 3730; baseline 0.001 -16"><span class='ocrx_word' id='word_1_458' title='bbox 55 3674 109 3730; x_wconf 89' lang='lat' dir='ltr'>per</span> <span class='ocrx_word' id='word_1_459' title='bbox 123 3657 276 3712; x_wconf 88' lang='lat' dir='ltr'>constituta</span> <span class='ocrx_word' id='word_1_460' title='bbox 290 3661 388 3713; x_wconf 88' lang='lat' dir='ltr'>nostra</span> <span class='ocrx_word' id='word_1_461' title='bbox 401 3655 597 3718; x_wconf 90' lang='lat' dir='ltr'>corroboratis.</span> <span class='ocrx_word' id='word_1_462' title='bbox 615 3657 766 3710; x_wconf 85' lang='lat' dir='ltr'>ltaereticos</span> <span class='ocrx_word' id='word_1_463' title='bbox 783 3661 878 3711; x_wconf 88' lang='lat' dir='ltr'>autem</span> <span class='ocrx_word' id='word_1_464' title='bbox 928 3659 977 3712; x_wconf 86' lang='lat' dir='ltr'>Dei</span> <span class='ocrx_word' id='word_1_465' title='bbox 992 3658 1194 3713; x_wconf 88' lang='lat' dir='ltr'>amantissimis</span> <span class='ocrx_word' id='word_1_466' title='bbox 1210 3658 1411 3727; x_wconf 87' lang='lat' dir='ltr'>sacerdotibus,</span> <span class='ocrx_word' id='word_1_467' title='bbox 1428 3658 1531 3714; x_wconf 87' lang='lat' dir='ltr'>deinde</span> <span class='ocrx_word' id='word_1_468' title='bbox 1544 3676 1609 3714; x_wconf 90' lang='lat' dir='ltr'>vero</span> <span class='ocrx_word' id='word_1_469' title='bbox 1622 3663 1680 3715; x_wconf 90' lang='lat' dir='ltr'>eta</span> <span class='ocrx_word' id='word_1_470' title='bbox 1694 3676 1747 3715; x_wconf 92' lang='lat' dir='ltr'>uo·</span> 
     </span>
     <span class='ocr_line' id='line_1_38' title="bbox 55 3748 1748 3824; baseline 0.002 -18"><span class='ocrx_word' id='word_1_471' title='bbox 55 3751 97 3806; x_wconf 91' lang='lat' dir='ltr'>illi</span> <span class='ocrx_word' id='word_1_472' title='bbox 110 3750 254 3818; x_wconf 85' lang='lat' dir='ltr'>dixerunt,</span> <span class='ocrx_word' id='word_1_473' title='bbox 267 3755 296 3806; x_wconf 90' lang='lat' dir='ltr'>et</span> <span class='ocrx_word' id='word_1_474' title='bbox 308 3764 361 3806; x_wconf 93' lang='lat' dir='ltr'>nos</span> <span class='ocrx_word' id='word_1_475' title='bbox 376 3749 510 3817; x_wconf 92' lang='lat' dir='ltr'>dicimus,</span> <span class='ocrx_word' id='word_1_476' title='bbox 525 3749 687 3822; x_wconf 88' lang='lat' dir='ltr'>quicunque</span> <span class='ocrx_word' id='word_1_477' title='bbox 701 3748 879 3804; x_wconf 88' lang='lat' dir='ltr'>diversamm</span> <span class='ocrx_word' id='word_1_478' title='bbox 928 3751 991 3806; x_wconf 87' lang='lat' dir='ltr'>stris</span> <span class='ocrx_word' id='word_1_479' title='bbox 1006 3751 1218 3823; x_wconf 86' lang='lat' dir='ltr'>magistratibus</span> <span class='ocrx_word' id='word_1_480' title='bbox 1238 3754 1267 3806; x_wconf 88' lang='lat' dir='ltr'>et</span> <span class='ocrx_word' id='word_1_481' title='bbox 1281 3750 1436 3823; x_wconf 81' lang='lat' dir='ltr'>judicibus,</span> <span class='ocrx_word' id='word_1_482' title='bbox 1457 3752 1515 3807; x_wconf 85' lang='lat' dir='ltr'>sive</span> <span class='ocrx_word' id='word_1_483' title='bbox 1536 3753 1667 3824; x_wconf 88' lang='lat' dir='ltr'>majores,</span> <span class='ocrx_word' id='word_1_484' title='bbox 1690 3753 1748 3809; x_wconf 86' lang='lat' dir='ltr'>siva</span> 
     </span>
     <span class='ocr_line' id='line_1_39' title="bbox 56 3843 1749 3916; baseline 0.001 -16"><span class='ocrx_word' id='word_1_485' title='bbox 56 3843 631 3908; x_wconf 87' lang='lat' dir='ltr'>sectarumsunt.Quihusconnectimuset</span> <span class='ocrx_word' id='word_1_486' title='bbox 639 3859 879 3900; x_wconf 89' lang='lat' dir='ltr'>connumeramus</span> <span class='ocrx_word' id='word_1_487' title='bbox 929 3844 1054 3900; x_wconf 90' lang='lat' dir='ltr'>minores</span> <span class='ocrx_word' id='word_1_488' title='bbox 1075 3845 1207 3911; x_wconf 86' lang='lat' dir='ltr'>existant,</span> <span class='ocrx_word' id='word_1_489' title='bbox 1229 3849 1258 3899; x_wconf 88' lang='lat' dir='ltr'>et</span> <span class='ocrx_word' id='word_1_490' title='bbox 1272 3844 1387 3916; x_wconf 88' lang='lat' dir='ltr'>insuper</span> <span class='ocrx_word' id='word_1_491' title='bbox 1401 3845 1437 3900; x_wconf 90' lang='lat' dir='ltr'>ab</span> <span class='ocrx_word' id='word_1_492' title='bbox 1451 3846 1617 3901; x_wconf 87' lang='lat' dir='ltr'>excellentia</span> <span class='ocrx_word' id='word_1_493' title='bbox 1637 3849 1697 3914; x_wconf 90' lang='lat' dir='ltr'>tua,</span> <span class='ocrx_word' id='word_1_494' title='bbox 1712 3846 1749 3903; x_wconf 89' lang='lat' dir='ltr'>ad</span> 
     </span>
     <span class='ocr_line' id='line_1_40' title="bbox 57 3937 1749 4011; baseline 0.001 -17"><span class='ocrx_word' id='word_1_495' title='bbox 57 3955 105 3994; x_wconf 86' lang='lat' dir='ltr'>eos</span> <span class='ocrx_word' id='word_1_496' title='bbox 118 3954 234 4010; x_wconf 91' lang='lat' dir='ltr'>quoque</span> <span class='ocrx_word' id='word_1_497' title='bbox 246 3938 296 4010; x_wconf 93' lang='lat' dir='ltr'>qui</span> <span class='ocrx_word' id='word_1_498' title='bbox 315 3937 460 3993; x_wconf 73' lang='lat' dir='ltr'>iudaicam</span> <span class='ocrx_word' id='word_1_499' title='bbox 478 3937 598 3993; x_wconf 89' lang='lat' dir='ltr'>Nestorii</span> <span class='ocrx_word' id='word_1_500' title='bbox 621 3942 782 4008; x_wconf 85' lang='lat' dir='ltr'>sequuntur</span> <span class='ocrx_word' id='word_1_501' title='bbox 797 3953 878 3992; x_wconf 58' lang='lat' dir='ltr'>vesun</span> <span class='ocrx_word' id='word_1_502' title='bbox 928 3955 1014 4011; x_wconf 91' lang='lat' dir='ltr'>quam</span> <span class='ocrx_word' id='word_1_503' title='bbox 1029 3942 1057 3992; x_wconf 89' lang='lat' dir='ltr'>et</span> <span class='ocrx_word' id='word_1_504' title='bbox 1069 3943 1240 4011; x_wconf 72' lang='lat' dir='ltr'>presentem</span> <span class='ocrx_word' id='word_1_505' title='bbox 1252 3938 1347 4010; x_wconf 89' lang='lat' dir='ltr'>legem</span> <span class='ocrx_word' id='word_1_506' title='bbox 1359 3938 1541 4010; x_wconf 85' lang='lat' dir='ltr'>proferimus.</span> <span class='ocrx_word' id='word_1_507' title='bbox 1556 3939 1634 3995; x_wconf 89' lang='lat' dir='ltr'>Unde</span> <span class='ocrx_word' id='word_1_508' title='bbox 1650 3955 1749 3996; x_wconf 85' lang='lat' dir='ltr'>convc-</span> 
     </span>
     <span class='ocr_line' id='line_1_41' title="bbox 57 4029 1748 4104; baseline 0.001 -17"><span class='ocrx_word' id='word_1_509' title='bbox 57 4032 148 4098; x_wconf 87' lang='lat' dir='ltr'>niam‚</span> <span class='ocrx_word' id='word_1_510' title='bbox 162 4034 191 4086; x_wconf 89' lang='lat' dir='ltr'>et</span> <span class='ocrx_word' id='word_1_511' title='bbox 204 4030 474 4102; x_wconf 86' lang='lat' dir='ltr'>Eutychianistas,et</span> <span class='ocrx_word' id='word_1_512' title='bbox 483 4029 738 4103; x_wconf 63' lang='lat' dir='ltr'>acephalosetqui</span> <span class='ocrx_word' id='word_1_513' title='bbox 748 4046 881 4102; x_wconf 87' lang='lat' dir='ltr'>perversa</span> <span class='ocrx_word' id='word_1_514' title='bbox 929 4031 1011 4087; x_wconf 87' lang='lat' dir='ltr'>niens</span> <span class='ocrx_word' id='word_1_515' title='bbox 1023 4035 1065 4087; x_wconf 86' lang='lat' dir='ltr'>est</span> <span class='ocrx_word' id='word_1_516' title='bbox 1079 4036 1112 4086; x_wconf 92' lang='lat' dir='ltr'>ut</span> <span class='ocrx_word' id='word_1_517' title='bbox 1129 4032 1239 4104; x_wconf 86' lang='lat' dir='ltr'>judices</span> <span class='ocrx_word' id='word_1_518' title='bbox 1253 4033 1329 4104; x_wconf 90' lang='lat' dir='ltr'>apud</span> <span class='ocrx_word' id='word_1_519' title='bbox 1342 4048 1412 4104; x_wconf 89' lang='lat' dir='ltr'>quos</span> <span class='ocrx_word' id='word_1_520' title='bbox 1426 4032 1471 4087; x_wconf 89' lang='lat' dir='ltr'>vel</span> <span class='ocrx_word' id='word_1_521' title='bbox 1484 4037 1582 4088; x_wconf 90' lang='lat' dir='ltr'>contra</span> <span class='ocrx_word' id='word_1_522' title='bbox 1596 4033 1748 4104; x_wconf 87' lang='lat' dir='ltr'>mulieres,</span> 
     </span>
     <span class='ocr_line' id='line_1_42' title="bbox 59 4124 1748 4197; baseline 0 -17"><span class='ocrx_word' id='word_1_523' title='bbox 59 4124 653 4197; x_wconf 83' lang='lat' dir='ltr'>DioscorietSeveriopinionclaboraut‚qui</span> <span class='ocrx_word' id='word_1_524' title='bbox 661 4124 881 4180; x_wconf 82' lang='lat' dir='ltr'>Manichaeorum</span> <span class='ocrx_word' id='word_1_525' title='bbox 930 4125 973 4181; x_wconf 90' lang='lat' dir='ltr'>vel</span> <span class='ocrx_word' id='word_1_526' title='bbox 986 4143 1004 4180; x_wconf 91' lang='lat' dir='ltr'>a</span> <span class='ocrx_word' id='word_1_527' title='bbox 1018 4126 1187 4181; x_wconf 90' lang='lat' dir='ltr'>mulieribus</span> <span class='ocrx_word' id='word_1_528' title='bbox 1208 4126 1339 4197; x_wconf 71' lang='lat' dir='ltr'>quasdam</span> <span class='ocrx_word' id='word_1_529' title='bbox 1360 4125 1413 4181; x_wconf 88' lang='lat' dir='ltr'>sihi</span> <span class='ocrx_word' id='word_1_530' title='bbox 1435 4126 1583 4197; x_wconf 90' lang='lat' dir='ltr'>privilegia</span> <span class='ocrx_word' id='word_1_531' title='bbox 1606 4125 1748 4180; x_wconf 85' lang='lat' dir='ltr'>vindicare</span> 
     </span>
     <span class='ocr_line' id='line_1_43' title="bbox 58 4216 1750 4291; baseline -0.001 -17"><span class='ocrx_word' id='word_1_532' title='bbox 58 4224 88 4274; x_wconf 91' lang='lat' dir='ltr'>et</span> <span class='ocrx_word' id='word_1_533' title='bbox 95 4218 267 4290; x_wconf 80' lang='lat' dir='ltr'>Apollinaris</span> <span class='ocrx_word' id='word_1_534' title='bbox 277 4218 454 4291; x_wconf 87' lang='lat' dir='ltr'>impietatem</span> <span class='ocrx_word' id='word_1_535' title='bbox 464 4222 649 4287; x_wconf 75' lang='lat' dir='ltr'>renovarunt,</span> <span class='ocrx_word' id='word_1_536' title='bbox 658 4221 686 4274; x_wconf 91' lang='lat' dir='ltr'>et</span> <span class='ocrx_word' id='word_1_537' title='bbox 695 4217 882 4290; x_wconf 89' lang='lat' dir='ltr'>insuperqui·</span> <span class='ocrx_word' id='word_1_538' title='bbox 930 4219 1096 4285; x_wconf 88' lang='lat' dir='ltr'>volentibus,</span> <span class='ocrx_word' id='word_1_539' title='bbox 1111 4219 1213 4290; x_wconf 78' lang='lat' dir='ltr'>aliqua.</span> <span class='ocrx_word' id='word_1_540' title='bbox 1226 4221 1378 4273; x_wconf 89' lang='lat' dir='ltr'>moventur</span> <span class='ocrx_word' id='word_1_541' title='bbox 1391 4219 1464 4287; x_wconf 88' lang='lat' dir='ltr'>lites,</span> <span class='ocrx_word' id='word_1_542' title='bbox 1475 4217 1510 4272; x_wconf 90' lang='lat' dir='ltr'>ad</span> <span class='ocrx_word' id='word_1_543' title='bbox 1520 4217 1667 4288; x_wconf 76' lang='lat' dir='ltr'>presentis</span> <span class='ocrx_word' id='word_1_544' title='bbox 1676 4216 1750 4289; x_wconf 85' lang='lat' dir='ltr'>legis</span> 
     </span>
     <span class='ocr_line' id='line_1_44' title="bbox 57 4309 1751 4385; baseline -0.002 -17"><span class='ocrx_word' id='word_1_545' title='bbox 57 4327 171 4383; x_wconf 91' lang='lat' dir='ltr'>cunque</span> <span class='ocrx_word' id='word_1_546' title='bbox 179 4312 343 4366; x_wconf 90' lang='lat' dir='ltr'>membmm</span> <span class='ocrx_word' id='word_1_547' title='bbox 355 4315 459 4366; x_wconf 77' lang='lat' dir='ltr'>sanctae</span> <span class='ocrx_word' id='word_1_548' title='bbox 472 4313 519 4367; x_wconf 86' lang='lat' dir='ltr'>Dei</span> <span class='ocrx_word' id='word_1_549' title='bbox 529 4312 674 4367; x_wconf 87' lang='lat' dir='ltr'>catholicae</span> <span class='ocrx_word' id='word_1_550' title='bbox 685 4311 881 4383; x_wconf 79' lang='lat' dir='ltr'>etapostolicae</span> <span class='ocrx_word' id='word_1_551' title='bbox 932 4313 1084 4385; x_wconf 87' lang='lat' dir='ltr'>respiciant</span> <span class='ocrx_word' id='word_1_552' title='bbox 1093 4312 1230 4384; x_wconf 87' lang='lat' dir='ltr'>vigorem,</span> <span class='ocrx_word' id='word_1_553' title='bbox 1246 4317 1274 4366; x_wconf 92' lang='lat' dir='ltr'>et</span> <span class='ocrx_word' id='word_1_554' title='bbox 1285 4310 1454 4383; x_wconf 87' lang='lat' dir='ltr'>potentiam.</span> <span class='ocrx_word' id='word_1_555' title='bbox 1471 4309 1540 4365; x_wconf 89' lang='lat' dir='ltr'>Etsi</span> <span class='ocrx_word' id='word_1_556' title='bbox 1558 4310 1751 4382; x_wconf 89' lang='lat' dir='ltr'>deprehende·</span> 
     </span>
     <span class='ocr_line' id='line_1_45' title="bbox 57 4403 1751 4476; baseline -0.002 -16"><span class='ocrx_word' id='word_1_557' title='bbox 57 4404 191 4460; x_wconf 73' lang='lat' dir='ltr'>Ecclesiae</span> <span class='ocrx_word' id='word_1_558' title='bbox 202 4420 259 4458; x_wconf 94' lang='lat' dir='ltr'>non</span> <span class='ocrx_word' id='word_1_559' title='bbox 273 4405 387 4472; x_wconf 90' lang='lat' dir='ltr'>sunt,in</span> <span class='ocrx_word' id='word_1_560' title='bbox 400 4421 457 4476; x_wconf 93' lang='lat' dir='ltr'>qua</span> <span class='ocrx_word' id='word_1_561' title='bbox 471 4410 498 4460; x_wconf 94' lang='lat' dir='ltr'>et</span> <span class='ocrx_word' id='word_1_562' title='bbox 510 4420 609 4459; x_wconf 92' lang='lat' dir='ltr'>omnes</span> <span class='ocrx_word' id='word_1_563' title='bbox 619 4404 787 4459; x_wconf 89' lang='lat' dir='ltr'>sanctissimi</span> <span class='ocrx_word' id='word_1_564' title='bbox 794 4405 882 4459; x_wconf 91' lang='lat' dir='ltr'>totius</span> <span class='ocrx_word' id='word_1_565' title='bbox 932 4406 989 4460; x_wconf 90' lang='lat' dir='ltr'>rint</span> <span class='ocrx_word' id='word_1_566' title='bbox 1002 4422 1048 4460; x_wconf 90' lang='lat' dir='ltr'>eas</span> <span class='ocrx_word' id='word_1_567' title='bbox 1060 4404 1225 4459; x_wconf 79' lang='lat' dir='ltr'>orthodoxae</span> <span class='ocrx_word' id='word_1_568' title='bbox 1237 4403 1303 4459; x_wconf 86' lang='lat' dir='ltr'>[idei</span> <span class='ocrx_word' id='word_1_569' title='bbox 1316 4419 1375 4457; x_wconf 91' lang='lat' dir='ltr'>non</span> <span class='ocrx_word' id='word_1_570' title='bbox 1388 4419 1459 4470; x_wconf 87' lang='lat' dir='ltr'>esse,</span> <span class='ocrx_word' id='word_1_571' title='bbox 1474 4418 1567 4475; x_wconf 86' lang='lat' dir='ltr'>neque</span> <span class='ocrx_word' id='word_1_572' title='bbox 1580 4403 1751 4458; x_wconf 89' lang='lat' dir='ltr'>incontami-</span> 
     </span>
     <span class='ocr_line' id='line_1_46' title="bbox 57 4488 1751 4576; baseline -0.001 -23"><span class='ocrx_word' id='word_1_573' title='bbox 57 4497 178 4553; x_wconf 89' lang='lat' dir='ltr'>habitati</span> <span class='ocrx_word' id='word_1_574' title='bbox 204 4496 279 4551; x_wconf 91' lang='lat' dir='ltr'>orbis</span> <span class='ocrx_word' id='word_1_575' title='bbox 306 4498 484 4569; x_wconf 77' lang='lat' dir='ltr'>patriarchae,</span> <span class='ocrx_word' id='word_1_576' title='bbox 501 4503 561 4553; x_wconf 88' lang='lat' dir='ltr'>tam</span> <span class='ocrx_word' id='word_1_577' title='bbox 578 4488 676 4554; x_wconf 80' lang='lat' dir='ltr'>Romae</span> <span class='ocrx_word' id='word_1_578' title='bbox 701 4497 919 4576; x_wconf 72' lang='lat' dir='ltr'>occidentalisl)</span> <span class='ocrx_word' id='word_1_579' title='bbox 931 4502 1034 4554; x_wconf 89' lang='lat' dir='ltr'>nataet</span> <span class='ocrx_word' id='word_1_580' title='bbox 1046 4495 1751 4553; x_wconf 81' lang='lat' dir='ltr'>adorandaillacommunionomsanctacatholica</span> 
     </span>
     <span class='ocr_line' id='line_1_47' title="bbox 56 4589 1750 4664; baseline -0.001 -18"><span class='ocrx_word' id='word_1_581' title='bbox 56 4606 149 4664; x_wconf 88' lang='lat' dir='ltr'>quarn</span> <span class='ocrx_word' id='word_1_582' title='bbox 160 4590 246 4662; x_wconf 89' lang='lat' dir='ltr'>hujus</span> <span class='ocrx_word' id='word_1_583' title='bbox 255 4590 341 4661; x_wconf 77' lang='lat' dir='ltr'>regia</span> <span class='ocrx_word' id='word_1_584' title='bbox 351 4590 438 4658; x_wconf 89' lang='lat' dir='ltr'>urbis,</span> <span class='ocrx_word' id='word_1_585' title='bbox 447 4595 476 4645; x_wconf 90' lang='lat' dir='ltr'>et</span> <span class='ocrx_word' id='word_1_586' title='bbox 485 4591 671 4659; x_wconf 75' lang='lat' dir='ltr'>Alexandria,</span> <span class='ocrx_word' id='word_1_587' title='bbox 681 4595 709 4645; x_wconf 90' lang='lat' dir='ltr'>et</span> <span class='ocrx_word' id='word_1_588' title='bbox 717 4590 879 4662; x_wconf 85' lang='lat' dir='ltr'>Theopolis,</span> <span class='ocrx_word' id='word_1_589' title='bbox 929 4599 957 4648; x_wconf 88' lang='lat' dir='ltr'>et</span> <span class='ocrx_word' id='word_1_590' title='bbox 969 4591 1120 4664; x_wconf 88' lang='lat' dir='ltr'>apostolica</span> <span class='ocrx_word' id='word_1_591' title='bbox 1133 4591 1255 4646; x_wconf 87' lang='lat' dir='ltr'>Ecclesia</span> <span class='ocrx_word' id='word_1_592' title='bbox 1271 4607 1337 4645; x_wconf 92' lang='lat' dir='ltr'>cum</span> <span class='ocrx_word' id='word_1_593' title='bbox 1349 4589 1597 4645; x_wconf 84' lang='lat' dir='ltr'>venerandissimis</span> <span class='ocrx_word' id='word_1_594' title='bbox 1609 4590 1693 4663; x_wconf 88' lang='lat' dir='ltr'>hujus</span> <span class='ocrx_word' id='word_1_595' title='bbox 1706 4607 1750 4644; x_wconf 92' lang='lat' dir='ltr'>sa·</span> 
     </span>
     <span class='ocr_line' id='line_1_48' title="bbox 55 4683 1752 4758; baseline -0.002 -16"><span class='ocrx_word' id='word_1_596' title='bbox 55 4691 87 4742; x_wconf 87' lang='lat' dir='ltr'>et</span> <span class='ocrx_word' id='word_1_597' title='bbox 100 4684 373 4756; x_wconf 81' lang='lat' dir='ltr'>Hierosolymorum,</span> <span class='ocrx_word' id='word_1_598' title='bbox 389 4688 417 4739; x_wconf 89' lang='lat' dir='ltr'>et</span> <span class='ocrx_word' id='word_1_599' title='bbox 431 4701 529 4739; x_wconf 89' lang='lat' dir='ltr'>omnes</span> <span class='ocrx_word' id='word_1_600' title='bbox 544 4684 595 4740; x_wconf 92' lang='lat' dir='ltr'>sub</span> <span class='ocrx_word' id='word_1_601' title='bbox 610 4684 645 4739; x_wconf 91' lang='lat' dir='ltr'>iis</span> <span class='ocrx_word' id='word_1_602' title='bbox 660 4684 804 4739; x_wconf 88' lang='lat' dir='ltr'>constituti</span> <span class='ocrx_word' id='word_1_603' title='bbox 818 4683 881 4740; x_wconf 85' lang='lat' dir='ltr'>reli·</span> <span class='ocrx_word' id='word_1_604' title='bbox 930 4685 1092 4741; x_wconf 88' lang='lat' dir='ltr'>cerdatibus</span> <span class='ocrx_word' id='word_1_605' title='bbox 1103 4684 1285 4758; x_wconf 87' lang='lat' dir='ltr'>participare,</span> <span class='ocrx_word' id='word_1_606' title='bbox 1296 4701 1354 4739; x_wconf 93' lang='lat' dir='ltr'>non</span> <span class='ocrx_word' id='word_1_607' title='bbox 1369 4683 1526 4739; x_wconf 90' lang='lat' dir='ltr'>concedant</span> <span class='ocrx_word' id='word_1_608' title='bbox 1535 4684 1612 4738; x_wconf 88' lang='lat' dir='ltr'>hisce</span> <span class='ocrx_word' id='word_1_609' title='bbox 1623 4688 1655 4738; x_wconf 92' lang='grc' dir='ltr'>ιιι</span> <span class='ocrx_word' id='word_1_610' title='bbox 1669 4683 1752 4755; x_wconf 89' lang='lat' dir='ltr'>privi-</span> 
     </span>
     <span class='ocr_line' id='line_1_49' title="bbox 56 4776 1750 4851; baseline -0.001 -18"><span class='ocrx_word' id='word_1_611' title='bbox 56 4777 213 4850; x_wconf 83' lang='lat' dir='ltr'>giosissimi</span> <span class='ocrx_word' id='word_1_612' title='bbox 228 4778 360 4849; x_wconf 88' lang='lat' dir='ltr'>episcopi,</span> <span class='ocrx_word' id='word_1_613' title='bbox 371 4795 427 4832; x_wconf 92' lang='lat' dir='ltr'>uno</span> <span class='ocrx_word' id='word_1_614' title='bbox 436 4794 484 4833; x_wconf 90' lang='lat' dir='ltr'>ore</span> <span class='ocrx_word' id='word_1_615' title='bbox 497 4778 680 4850; x_wconf 90' lang='lat' dir='ltr'>apostolicam</span> <span class='ocrx_word' id='word_1_616' title='bbox 693 4778 778 4833; x_wconf 87' lang='lat' dir='ltr'>tidem</span> <span class='ocrx_word' id='word_1_617' title='bbox 788 4782 817 4834; x_wconf 91' lang='lat' dir='ltr'>et</span> <span class='ocrx_word' id='word_1_618' title='bbox 826 4782 882 4833; x_wconf 90' lang='lat' dir='ltr'>tra·</span> <span class='ocrx_word' id='word_1_619' title='bbox 930 4779 1012 4851; x_wconf 90' lang='lat' dir='ltr'>legiis</span> <span class='ocrx_word' id='word_1_620' title='bbox 1022 4796 1037 4834; x_wconf 90' lang='lat' dir='ltr'>e</span> <span class='ocrx_word' id='word_1_621' title='bbox 1046 4778 1150 4834; x_wconf 87' lang='lat' dir='ltr'>nostris</span> <span class='ocrx_word' id='word_1_622' title='bbox 1163 4778 1410 4834; x_wconf 88' lang='lat' dir='ltr'>constitutionibus</span> <span class='ocrx_word' id='word_1_623' title='bbox 1420 4776 1750 4850; x_wconf 73' lang='lat' dir='ltr'>protectisperiruautur.</span> 
     </span>
     <span class='ocr_line' id='line_1_50' title="bbox 55 4865 1751 4944; baseline -0.005 -16"><span class='ocrx_word' id='word_1_624' title='bbox 55 4872 199 4928; x_wconf 87' lang='lat' dir='ltr'>ditionem</span> <span class='ocrx_word' id='word_1_625' title='bbox 213 4871 375 4943; x_wconf 74' lang='lat' dir='ltr'>predicant.</span> <span class='ocrx_word' id='word_1_626' title='bbox 390 4872 443 4937; x_wconf 82' lang='lat' dir='ltr'>Qui</span> <span class='ocrx_word' id='word_1_627' title='bbox 457 4871 544 4944; x_wconf 88' lang='lat' dir='ltr'>igitur</span> <span class='ocrx_word' id='word_1_628' title='bbox 555 4871 779 4927; x_wconf 90' lang='lat' dir='ltr'>incontaminata</span> <span class='ocrx_word' id='word_1_629' title='bbox 799 4887 880 4927; x_wconf 90' lang='lat' dir='ltr'>com·</span> <span class='ocrx_word' id='word_1_630' title='bbox 966 4869 1033 4934; x_wconf 76' lang='lat' dir='ltr'>Qum</span> <span class='ocrx_word' id='word_1_631' title='bbox 1046 4868 1134 4939; x_wconf 88' lang='lat' dir='ltr'>igitur</span> <span class='ocrx_word' id='word_1_632' title='bbox 1149 4867 1229 4922; x_wconf 89' lang='lat' dir='ltr'>nohis</span> <span class='ocrx_word' id='word_1_633' title='bbox 1246 4867 1431 4939; x_wconf 89' lang='lat' dir='ltr'>placuerunt,</span> <span class='ocrx_word' id='word_1_634' title='bbox 1449 4869 1477 4920; x_wconf 92' lang='lat' dir='ltr'>et</span> <span class='ocrx_word' id='word_1_635' title='bbox 1491 4865 1627 4936; x_wconf 89' lang='lat' dir='ltr'>perhanc</span> <span class='ocrx_word' id='word_1_636' title='bbox 1644 4881 1751 4920; x_wconf 88' lang='lat' dir='ltr'>sacram</span> 
     </span>
     <span class='ocr_line' id='line_1_51' title="bbox 56 4958 1751 5033; baseline -0.005 -11"><span class='ocrx_word' id='word_1_637' title='bbox 56 4965 197 5022; x_wconf 88' lang='lat' dir='ltr'>munione</span> <span class='ocrx_word' id='word_1_638' title='bbox 210 4965 240 5019; x_wconf 95' lang='lat' dir='ltr'>in</span> <span class='ocrx_word' id='word_1_639' title='bbox 253 4965 391 5020; x_wconf 88' lang='lat' dir='ltr'>catholica</span> <span class='ocrx_word' id='word_1_640' title='bbox 404 4965 519 5021; x_wconf 89' lang='lat' dir='ltr'>ecclesia</span> <span class='ocrx_word' id='word_1_641' title='bbox 537 4982 603 5019; x_wconf 91' lang='lat' dir='ltr'>cum</span> <span class='ocrx_word' id='word_1_642' title='bbox 615 4965 665 5020; x_wconf 86' lang='lat' dir='ltr'>[lei</span> <span class='ocrx_word' id='word_1_643' title='bbox 679 4963 882 5020; x_wconf 88' lang='lat' dir='ltr'>amantissimis</span> <span class='ocrx_word' id='word_1_644' title='bbox 932 4962 1113 5018; x_wconf 90' lang='lat' dir='ltr'>declarantur</span> <span class='ocrx_word' id='word_1_645' title='bbox 1132 4962 1235 5033; x_wconf 90' lang='lat' dir='ltr'>legem,</span> <span class='ocrx_word' id='word_1_646' title='bbox 1256 4976 1289 5015; x_wconf 86' lang='lat' dir='ltr'>ca</span> <span class='ocrx_word' id='word_1_647' title='bbox 1313 4974 1483 5030; x_wconf 87' lang='lat' dir='ltr'>cognoscens</span> <span class='ocrx_word' id='word_1_648' title='bbox 1501 4958 1667 5014; x_wconf 89' lang='lat' dir='ltr'>excellentia</span> <span class='ocrx_word' id='word_1_649' title='bbox 1691 4963 1751 5027; x_wconf 90' lang='lat' dir='ltr'>tua,</span> 
     </span>
     <span class='ocr_line' id='line_1_52' title="bbox 56 5051 1754 5131; baseline -0.004 -16"><span class='ocrx_word' id='word_1_650' title='bbox 56 5059 149 5130; x_wconf 87' lang='lat' dir='ltr'>hujus</span> <span class='ocrx_word' id='word_1_651' title='bbox 162 5058 354 5114; x_wconf 88' lang='lat' dir='ltr'>sacerdotibus</span> <span class='ocrx_word' id='word_1_652' title='bbox 367 5075 424 5114; x_wconf 92' lang='lat' dir='ltr'>non</span> <span class='ocrx_word' id='word_1_653' title='bbox 440 5058 621 5131; x_wconf 88' lang='lat' dir='ltr'>participant,</span> <span class='ocrx_word' id='word_1_654' title='bbox 636 5059 745 5131; x_wconf 92' lang='lat' dir='ltr'>optimo</span> <span class='ocrx_word' id='word_1_655' title='bbox 757 5058 823 5129; x_wconf 89' lang='lat' dir='ltr'>jure</span> <span class='ocrx_word' id='word_1_656' title='bbox 836 5073 882 5112; x_wconf 81' lang='lat' dir='ltr'>vo</span> <span class='ocrx_word' id='word_1_657' title='bbox 932 5056 1016 5112; x_wconf 91' lang='lat' dir='ltr'>simul</span> <span class='ocrx_word' id='word_1_658' title='bbox 1029 5055 1223 5121; x_wconf 80' lang='lat' dir='ltr'>curaehaheto,</span> <span class='ocrx_word' id='word_1_659' title='bbox 1235 5053 1304 5109; x_wconf 92' lang='lat' dir='ltr'>utin</span> <span class='ocrx_word' id='word_1_660' title='bbox 1314 5052 1461 5108; x_wconf 87' lang='lat' dir='ltr'>movendis</span> <span class='ocrx_word' id='word_1_661' title='bbox 1470 5052 1546 5124; x_wconf 87' lang='lat' dir='ltr'>apud</span> <span class='ocrx_word' id='word_1_662' title='bbox 1556 5052 1647 5124; x_wconf 89' lang='lat' dir='ltr'>ipsam</span> <span class='ocrx_word' id='word_1_663' title='bbox 1656 5051 1754 5108; x_wconf 88' lang='lat' dir='ltr'>litibus</span> 
     </span>
     <span class='ocr_line' id='line_1_53' title="bbox 58 5145 1754 5219; baseline -0.004 -10"><span class='ocrx_word' id='word_1_664' title='bbox 58 5168 162 5209; x_wconf 87' lang='lat' dir='ltr'>camus</span> <span class='ocrx_word' id='word_1_665' title='bbox 176 5151 332 5208; x_wconf 78' lang='lat' dir='ltr'>haereticos.</span> <span class='ocrx_word' id='word_1_666' title='bbox 351 5152 474 5207; x_wconf 87' lang='lat' dir='ltr'>Tametsi</span> <span class='ocrx_word' id='word_1_667' title='bbox 491 5151 568 5207; x_wconf 89' lang='lat' dir='ltr'>enim</span> <span class='ocrx_word' id='word_1_668' title='bbox 585 5152 813 5207; x_wconf 85' lang='lat' dir='ltr'>Christianorum</span> <span class='ocrx_word' id='word_1_669' title='bbox 830 5151 883 5207; x_wconf 90' lang='lat' dir='ltr'>sibi</span> <span class='ocrx_word' id='word_1_670' title='bbox 933 5150 1069 5219; x_wconf 89' lang='lat' dir='ltr'>observet,</span> <span class='ocrx_word' id='word_1_671' title='bbox 1083 5155 1112 5205; x_wconf 89' lang='lat' dir='ltr'>et</span> <span class='ocrx_word' id='word_1_672' title='bbox 1125 5148 1235 5204; x_wconf 79' lang='lat' dir='ltr'>effectui</span> <span class='ocrx_word' id='word_1_673' title='bbox 1251 5164 1283 5202; x_wconf 87' lang='lat' dir='ltr'>ac</span> <span class='ocrx_word' id='word_1_674' title='bbox 1296 5146 1347 5201; x_wconf 87' lang='lat' dir='ltr'>fini</span> <span class='ocrx_word' id='word_1_675' title='bbox 1368 5145 1479 5214; x_wconf 89' lang='lat' dir='ltr'>tradat,</span> <span class='ocrx_word' id='word_1_676' title='bbox 1499 5145 1583 5201; x_wconf 89' lang='lat' dir='ltr'>simul</span> <span class='ocrx_word' id='word_1_677' title='bbox 1606 5163 1657 5218; x_wconf 91' lang='lat' dir='ltr'>per</span> <span class='ocrx_word' id='word_1_678' title='bbox 1672 5147 1754 5203; x_wconf 86' lang='lat' dir='ltr'>solita</span> 
     </span>
     <span class='ocr_line' id='line_1_54' title="bbox 57 5239 1755 5317; baseline -0.005 -14"><span class='ocrx_word' id='word_1_679' title='bbox 57 5261 168 5303; x_wconf 86' lang='lat' dir='ltr'>nomen</span> <span class='ocrx_word' id='word_1_680' title='bbox 178 5245 339 5317; x_wconf 88' lang='lat' dir='ltr'>imponunt,</span> <span class='ocrx_word' id='word_1_681' title='bbox 348 5262 382 5301; x_wconf 90' lang='lat' dir='ltr'>eo</span> <span class='ocrx_word' id='word_1_682' title='bbox 391 5249 487 5301; x_wconf 89' lang='lat' dir='ltr'>tamen</span> <span class='ocrx_word' id='word_1_683' title='bbox 496 5246 556 5317; x_wconf 92' lang='lat' dir='ltr'>ipso</span> <span class='ocrx_word' id='word_1_684' title='bbox 567 5246 738 5317; x_wconf 89' lang='lat' dir='ltr'>quodavera</span> <span class='ocrx_word' id='word_1_685' title='bbox 746 5245 882 5301; x_wconf 86' lang='lat' dir='ltr'>Christia-</span> <span class='ocrx_word' id='word_1_686' title='bbox 934 5244 1025 5300; x_wconf 89' lang='lat' dir='ltr'>edicta</span> <span class='ocrx_word' id='word_1_687' title='bbox 1040 5246 1069 5298; x_wconf 87' lang='lat' dir='ltr'>ct</span> <span class='ocrx_word' id='word_1_688' title='bbox 1079 5243 1208 5315; x_wconf 86' lang='lat' dir='ltr'>proprias</span> <span class='ocrx_word' id='word_1_689' title='bbox 1220 5241 1361 5313; x_wconf 88' lang='lat' dir='ltr'>jussiones</span> <span class='ocrx_word' id='word_1_690' title='bbox 1375 5239 1508 5312; x_wconf 89' lang='lat' dir='ltr'>omuibus</span> <span class='ocrx_word' id='word_1_691' title='bbox 1526 5240 1676 5297; x_wconf 83' lang='lat' dir='ltr'>manifesta</span> <span class='ocrx_word' id='word_1_692' title='bbox 1688 5240 1755 5296; x_wconf 85' lang='lat' dir='ltr'>laci·</span> 
     </span>
     <span class='ocr_line' id='line_1_55' title="bbox 56 5333 1754 5410; baseline -0.005 -14"><span class='ocrx_word' id='word_1_693' title='bbox 56 5355 169 5396; x_wconf 90' lang='lat' dir='ltr'>norum</span> <span class='ocrx_word' id='word_1_694' title='bbox 181 5338 237 5393; x_wconf 88' lang='lat' dir='ltr'>lide</span> <span class='ocrx_word' id='word_1_695' title='bbox 251 5339 357 5410; x_wconf 88' lang='lat' dir='ltr'>pariter</span> <span class='ocrx_word' id='word_1_696' title='bbox 366 5343 396 5394; x_wconf 91' lang='lat' dir='ltr'>et</span> <span class='ocrx_word' id='word_1_697' title='bbox 407 5339 608 5394; x_wconf 89' lang='lat' dir='ltr'>communione</span> <span class='ocrx_word' id='word_1_698' title='bbox 623 5339 728 5410; x_wconf 86' lang='lat' dir='ltr'>seipsos</span> <span class='ocrx_word' id='word_1_699' title='bbox 740 5340 883 5410; x_wconf 88' lang='lat' dir='ltr'>separant,</span> <span class='ocrx_word' id='word_1_700' title='bbox 936 5341 974 5408; x_wconf 90' lang='lat' dir='ltr'>to,</span> <span class='ocrx_word' id='word_1_701' title='bbox 990 5341 1048 5392; x_wconf 90' lang='lat' dir='ltr'>tam</span> <span class='ocrx_word' id='word_1_702' title='bbox 1063 5337 1093 5392; x_wconf 91' lang='lat' dir='ltr'>in</span> <span class='ocrx_word' id='word_1_703' title='bbox 1105 5337 1179 5390; x_wconf 89' lang='lat' dir='ltr'>alma</span> <span class='ocrx_word' id='word_1_704' title='bbox 1200 5336 1255 5390; x_wconf 90' lang='lat' dir='ltr'>hac</span> <span class='ocrx_word' id='word_1_705' title='bbox 1276 5334 1359 5403; x_wconf 87' lang='lat' dir='ltr'>urbe,</span> <span class='ocrx_word' id='word_1_706' title='bbox 1378 5349 1465 5405; x_wconf 86' lang='lat' dir='ltr'>quam</span> <span class='ocrx_word' id='word_1_707' title='bbox 1486 5333 1517 5388; x_wconf 90' lang='lat' dir='ltr'>in</span> <span class='ocrx_word' id='word_1_708' title='bbox 1536 5335 1704 5405; x_wconf 87' lang='lat' dir='ltr'>provinciis,</span> <span class='ocrx_word' id='word_1_709' title='bbox 1722 5336 1754 5387; x_wconf 91' lang='lat' dir='ltr'>nt</span> 
     </span>
     <span class='ocr_line' id='line_1_56' title="bbox 57 5427 1755 5505; baseline -0.005 -16"><span class='ocrx_word' id='word_1_710' title='bbox 57 5433 113 5490; x_wconf 88' lang='lat' dir='ltr'>Dei</span> <span class='ocrx_word' id='word_1_711' title='bbox 127 5431 272 5503; x_wconf 89' lang='lat' dir='ltr'>sejudicio</span> <span class='ocrx_word' id='word_1_712' title='bbox 282 5431 809 5505; x_wconf 78' lang='lat' dir='ltr'>subdicognoscunthclegesquidem</span> <span class='ocrx_word' id='word_1_713' title='bbox 819 5448 885 5503; x_wconf 79' lang='lat' dir='ltr'>quae</span> <span class='ocrx_word' id='word_1_714' title='bbox 935 5446 1035 5488; x_wconf 90' lang='lat' dir='ltr'>omnes</span> <span class='ocrx_word' id='word_1_715' title='bbox 1047 5433 1218 5501; x_wconf 88' lang='lat' dir='ltr'>cognoscant</span> <span class='ocrx_word' id='word_1_716' title='bbox 1230 5432 1369 5500; x_wconf 90' lang='lat' dir='ltr'>quantum</span> <span class='ocrx_word' id='word_1_717' title='bbox 1381 5427 1462 5482; x_wconf 91' lang='lat' dir='ltr'>nobis</span> <span class='ocrx_word' id='word_1_718' title='bbox 1474 5443 1549 5482; x_wconf 80' lang='lat' dir='ltr'>ctvrae</span> <span class='ocrx_word' id='word_1_719' title='bbox 1560 5428 1606 5495; x_wconf 91' lang='lat' dir='ltr'>sit,</span> <span class='ocrx_word' id='word_1_720' title='bbox 1618 5431 1678 5482; x_wconf 92' lang='lat' dir='ltr'>tum</span> <span class='ocrx_word' id='word_1_721' title='bbox 1689 5442 1755 5480; x_wconf 85' lang='lat' dir='ltr'>vera</span> 
     </span>
     <span class='ocr_line' id='line_1_57' title="bbox 59 5519 1753 5598; baseline -0.007 -14"><span class='ocrx_word' id='word_1_722' title='bbox 59 5528 98 5584; x_wconf 88' lang='lat' dir='ltr'>dc</span> <span class='ocrx_word' id='word_1_723' title='bbox 104 5526 246 5583; x_wconf 71' lang='lat' dir='ltr'>haereticis</span> <span class='ocrx_word' id='word_1_724' title='bbox 255 5526 444 5598; x_wconf 74' lang='lat' dir='ltr'>promulgatae</span> <span class='ocrx_word' id='word_1_725' title='bbox 450 5531 526 5594; x_wconf 89' lang='lat' dir='ltr'>sunt,</span> <span class='ocrx_word' id='word_1_726' title='bbox 534 5525 666 5581; x_wconf 90' lang='lat' dir='ltr'>omnibus</span> <span class='ocrx_word' id='word_1_727' title='bbox 672 5524 820 5580; x_wconf 79' lang='lat' dir='ltr'>manifeste</span> <span class='ocrx_word' id='word_1_728' title='bbox 829 5525 886 5580; x_wconf 90' lang='lat' dir='ltr'>exi·</span> <span class='ocrx_word' id='word_1_729' title='bbox 935 5525 966 5581; x_wconf 91' lang='lat' dir='ltr'>in</span> <span class='ocrx_word' id='word_1_730' title='bbox 979 5525 1131 5580; x_wconf 79' lang='lat' dir='ltr'>[lominum</span> <span class='ocrx_word' id='word_1_731' title='bbox 1142 5521 1284 5578; x_wconf 88' lang='lat' dir='ltr'>Christum</span> <span class='ocrx_word' id='word_1_732' title='bbox 1297 5537 1397 5577; x_wconf 83' lang='lat' dir='ltr'>verum</span> <span class='ocrx_word' id='word_1_733' title='bbox 1410 5522 1499 5595; x_wconf 80' lang='lat' dir='ltr'>Deum</span> <span class='ocrx_word' id='word_1_734' title='bbox 1513 5520 1594 5587; x_wconf 85' lang='lat' dir='ltr'>fides,</span> <span class='ocrx_word' id='word_1_735' title='bbox 1611 5524 1671 5574; x_wconf 90' lang='lat' dir='ltr'>tum</span> <span class='ocrx_word' id='word_1_736' title='bbox 1687 5519 1753 5573; x_wconf 87' lang='lat' dir='ltr'>sub·</span> 
     </span>
     <span class='ocr_line' id='line_1_58' title="bbox 59 5612 1755 5692; baseline -0.006 -14"><span class='ocrx_word' id='word_1_737' title='bbox 59 5623 153 5678; x_wconf 86' lang='lat' dir='ltr'>stunt.</span> <span class='ocrx_word' id='word_1_738' title='bbox 171 5620 226 5675; x_wconf 89' lang='lat' dir='ltr'>Nos</span> <span class='ocrx_word' id='word_1_739' title='bbox 236 5636 303 5676; x_wconf 89' lang='lat' dir='ltr'>vero</span> <span class='ocrx_word' id='word_1_740' title='bbox 317 5636 384 5676; x_wconf 90' lang='lat' dir='ltr'>cum</span> <span class='ocrx_word' id='word_1_741' title='bbox 398 5635 444 5675; x_wconf 89' lang='lat' dir='ltr'>eos</span> <span class='ocrx_word' id='word_1_742' title='bbox 461 5620 510 5692; x_wconf 91' lang='lat' dir='ltr'>qui</span> <span class='ocrx_word' id='word_1_743' title='bbox 525 5618 711 5675; x_wconf 87' lang='lat' dir='ltr'>orthodoxam</span> <span class='ocrx_word' id='word_1_744' title='bbox 724 5620 887 5674; x_wconf 86' lang='lat' dir='ltr'>exosculan·</span> <span class='ocrx_word' id='word_1_745' title='bbox 936 5619 1062 5674; x_wconf 90' lang='lat' dir='ltr'>ditorum</span> <span class='ocrx_word' id='word_1_746' title='bbox 1076 5620 1239 5672; x_wconf 92' lang='lat' dir='ltr'>nostrorum</span> <span class='ocrx_word' id='word_1_747' title='bbox 1251 5616 1335 5672; x_wconf 88' lang='lat' dir='ltr'>salus.</span> <span class='ocrx_word' id='word_1_748' title='bbox 1351 5618 1411 5672; x_wconf 89' lang='lat' dir='ltr'>Dat.</span> <span class='ocrx_word' id='word_1_749' title='bbox 1426 5632 1446 5671; x_wconf 92' lang='lat' dir='ltr'>u</span> <span class='ocrx_word' id='word_1_750' title='bbox 1457 5612 1574 5669; x_wconf 85' lang='lat' dir='ltr'>Kalend.</span> <span class='ocrx_word' id='word_1_751' title='bbox 1588 5612 1662 5683; x_wconf 89' lang='lat' dir='ltr'>llaii,</span> <span class='ocrx_word' id='word_1_752' title='bbox 1683 5613 1755 5668; x_wconf 86' lang='lat' dir='ltr'>Con·</span> 
     </span>
     <span class='ocr_line' id='line_1_59' title="bbox 60 5705 1668 5782; baseline -0.007 -10"><span class='ocrx_word' id='word_1_753' title='bbox 60 5722 112 5772; x_wconf 83' lang='lat' dir='ltr'>tur</span> <span class='ocrx_word' id='word_1_754' title='bbox 130 5714 228 5779; x_wconf 87' lang='lat' dir='ltr'>fidem,</span> <span class='ocrx_word' id='word_1_755' title='bbox 242 5717 272 5769; x_wconf 89' lang='lat' dir='ltr'>et</span> <span class='ocrx_word' id='word_1_756' title='bbox 282 5713 425 5770; x_wconf 91' lang='lat' dir='ltr'>mordicus</span> <span class='ocrx_word' id='word_1_757' title='bbox 443 5730 506 5770; x_wconf 89' lang='lat' dir='ltr'>eam</span> <span class='ocrx_word' id='word_1_758' title='bbox 518 5712 642 5769; x_wconf 69' lang='lat' dir='ltr'>renuere</span> <span class='ocrx_word' id='word_1_759' title='bbox 660 5715 808 5782; x_wconf 89' lang='lat' dir='ltr'>conantur,</span> <span class='ocrx_word' id='word_1_760' title='bbox 823 5728 886 5768; x_wconf 81' lang='lat' dir='ltr'>am·</span> <span class='ocrx_word' id='word_1_761' title='bbox 938 5716 1035 5782; x_wconf 81' lang='lat' dir='ltr'>stant,</span> <span class='ocrx_word' id='word_1_762' title='bbox 1049 5711 1078 5767; x_wconf 92' lang='lat' dir='ltr'>d.</span> <span class='ocrx_word' id='word_1_763' title='bbox 1093 5728 1122 5767; x_wconf 91' lang='lat' dir='ltr'>u.</span> <span class='ocrx_word' id='word_1_764' title='bbox 1136 5711 1207 5766; x_wconf 80' lang='lat' dir='ltr'>Just.</span> <span class='ocrx_word' id='word_1_765' title='bbox 1220 5711 1251 5766; x_wconf 89' lang='lat' dir='ltr'>P.</span> <span class='ocrx_word' id='word_1_766' title='bbox 1265 5711 1296 5766; x_wconf 88' lang='lat' dir='ltr'>P.</span> <span class='ocrx_word' id='word_1_767' title='bbox 1312 5711 1397 5782; x_wconf 75' lang='lat' dir='ltr'>Aug,</span> <span class='ocrx_word' id='word_1_768' title='bbox 1412 5705 1495 5762; x_wconf 89' lang='lat' dir='ltr'>Basil.</span> <span class='ocrx_word' id='word_1_769' title='bbox 1510 5720 1536 5758; x_wconf 85' lang='lat' dir='ltr'>v.</span> <span class='ocrx_word' id='word_1_770' title='bbox 1553 5720 1577 5759; x_wconf 88' lang='grc' dir='ltr'>ο.</span> <span class='ocrx_word' id='word_1_771' title='bbox 1592 5721 1668 5761; x_wconf 89' lang='lat' dir='ltr'>cons.</span> 
     </span>
     <span class='ocr_line' id='line_1_60' title="bbox 64 5805 888 5885; baseline -0.005 -19"><span class='ocrx_word' id='word_1_772' title='bbox 64 5810 142 5885; x_wconf 87' lang='lat' dir='ltr'>plius</span> <span class='ocrx_word' id='word_1_773' title='bbox 150 5808 335 5883; x_wconf 75' lang='lat' dir='ltr'>privilegium</span> <span class='ocrx_word' id='word_1_774' title='bbox 344 5808 451 5865; x_wconf 85' lang='lat' dir='ltr'>habere</span> <span class='ocrx_word' id='word_1_775' title='bbox 464 5808 592 5874; x_wconf 89' lang='lat' dir='ltr'>velimus,</span> <span class='ocrx_word' id='word_1_776' title='bbox 602 5822 691 5882; x_wconf 88' lang='lat' dir='ltr'>quam</span> <span class='ocrx_word' id='word_1_777' title='bbox 700 5823 750 5864; x_wconf 86' lang='lat' dir='ltr'>cos</span> <span class='ocrx_word' id='word_1_778' title='bbox 758 5806 808 5881; x_wconf 90' lang='lat' dir='ltr'>qai</span> <span class='ocrx_word' id='word_1_779' title='bbox 817 5805 888 5878; x_wconf 88' lang='lat' dir='ltr'>scip·</span> 
     </span>
    </p>
   </div>
   <div class='ocr_carea' id='block_1_3' title="bbox 0 0 1951 6148">
    <p class='ocr_par' dir='ltr' id='par_1_3' title="bbox 0 0 1951 6148">
     <span class='ocr_line' id='line_1_61' title="bbox 0 0 1951 6148; baseline 0 0"><span class='ocrx_word' id='word_1_780' title='bbox 0 0 1951 6148; x_wconf 95' lang='lat' dir='ltr'> </span> 
     </span>
    </p>
   </div>
  </div>
 </body>
</html>
