3884 6150
149 254 203 305 993

587 239 772 303 iustiniani
791 243 955 301 NOVELLAE
974 244 1140 302 SELECTAE.
1161 247 1313 304 itot‘nfin
1333 245 1397 303 Lllf.

1781 253 1831 306 eof

149 356 337 430 suppeditare
348 357 442 411 solent
451 354 614 410 accedente.
625 357 660 409 Ut
668 355 717 426 qni
726 355 793 409 talia
803 354 968 409 lucrifacere
980 367 1008 440 Α
1019 356 1098 410 litate
1109 373 1160 411 sna
1171 373 1222 428 per
1232 358 1303 412 duas
1313 357 1506 429 pragmaticas
1517 358 1626 414 formas
1636 361 1746 413 eertum
1758 360 1831 415 redi-

149 448 368 516 attentaicrint,
386 449 464 504 omni
485 449 571 503 inodo
592 448 753 519 subrogatis
770 447 806 501 ab
826 448 893 520 ipsis
908 454 967 501 tam

147 543 359 616 promissiones
381 543 555 597 annonarias
578 559 666 613 qnam
683 542 753 596 alias
774 541 966 611 erogationes,

148 641 212 692 tarn
225 637 279 708 ipsi
292 654 380 707 quam
393 637 524 691 haeredes
540 653 572 690 ac
587 651 764 690 successores
779 640 879 690 eorum
894 651 966 706 prae-

148 730 252 785 beant:
264 730 386 785 scientes
396 729 503 801 quodsi
515 729 602 783 etiam
613 731 713 800 postea
722 728 967 794 defraudaverint,

105 818 108 830 ’
150 828 230 878 certa
245 841 278 878 ex
293 823 407 878 illoram
421 823 595 894 patrimonio
610 821 751 893 possessio
767 821 853 876 sacris
865 822 969 876 nostris

150 918 238 972 rebus
258 916 375 988 privatis
391 916 590 987 segregabitur
608 920 637 969 ut
652 915 708 970 illis
724 915 827 969 exinde
841 915 890 969 fiat
904 932 966 968 ero·

151 1011 238 1082 galia.
255 1010 326 1065 lllud
340 1027 454 1081 quoqne
465 1009 502 1064 ad
518 1010 658 1064 honorem
674 1012 804 1064 nestrum
818 1011 847 1062 et
861 1009 967 1062 cultum

151 1104 229 1159 sedis
237 1108 291 1158 tuae
305 1103 495 1170 decernimus,
506 1106 536 1157 ut
547 1103 569 1156 si
579 1103 642 1174 quis
652 1101 797 1156 aedificans
807 1100 967 1168 ecclesiam,

152 1201 203 1252 aut
216 1197 304 1252 etiam
316 1198 400 1252 aliter
411 1196 575 1268 expendens
589 1196 618 1250 iii
633 1213 667 1250 oa
680 1195 910 1250 ministrantibus
921 1195 969 1248 ali-

151 1295 252 1346 menta
266 1290 390 1345 veluerit
409 1291 519 1362 aliquos
542 1290 661 1344 clericos
680 1293 815 1355 statuere,
832 1305 891 1343 non
908 1304 968 1343 esse

151 1385 178 1439 ei
194 1385 331 1439 fiduciam
348 1385 444 1450 ullam,
462 1400 534 1454 qnos
547 1384 605 1437 vult
619 1400 671 1455 per
689 1385 862 1454 potestatem
878 1382 967 1436 dedu-

151 1495 218 1534 cere
229 1483 285 1533 tuae
301 1478 467 1532 reverentias
482 1477 518 1531 ad
531 1476 706 1532 ordinandos
719 1493 781 1542 eos,
799 1476 848 1530 sed
860 1475 967 1529 exami-

151 1573 216 1627 nari
227 1589 244 1626 a
256 1575 306 1626 tua
322 1571 482 1637 sanctitate,
497 1569 698 1640 sententiaque
710 1573 768 1637 tiia,
780 1569 866 1641 etqui
876 1568 970 1640 ponti-

151 1666 266 1721 beatem
276 1665 375 1719 sedem
385 1664 523 1732 rexerint,
539 1681 654 1734 semper
663 1665 716 1719 bos
732 1664 873 1735 suscipere
890 1663 967 1718 ordi-

1018 453 1080 503 tum
1094 450 1279 517 constitnerit,
1293 457 1323 506 ut
1336 467 1437 505 aaroni
1448 468 1481 506 cx
1493 469 1527 507 eo
1538 453 1628 507 reditu
1644 453 1792 508 redactum
1802 455 1828 508 in

1019 560 1234 598 eomsiimmam
1247 546 1384 615 proficiat,
1395 561 1458 617 qua
1466 563 1483 600 a
1491 546 1537 600 llei
1547 547 1752 602 amantissimis
1762 564 1831 602 eece·

1018 637 1110 691 nemis
1121 637 1205 691 datur
1217 638 1261 692 his
1274 639 1321 709 qni
1338 639 1412 693 circa
1424 639 1476 692 boc
1492 639 1638 694 laborant:
1653 641 1734 694 multi
1745 641 1829 695 undi-

1019 748 1075 802 que
1084 731 1284 799 nosadieruut‚
1293 732 1420 786 dieentes
1432 749 1491 787 rem
1500 749 1558 787 nen
1566 734 1722 804 procedere
1733 751 1829 806 aequa-

1018 824 1122 890 biliter,
1137 841 1229 895 neque
1245 825 1445 879 defunctorum
1460 825 1655 881 funerationes
1667 827 1773 898 absque
1784 846 1832 899 pa-

1019 921 1064 971 cta
1073 917 1206 971 mercede
1214 918 1360 985 celebrari,
1376 919 1444 989 quin
1459 920 1553 990 potius
1567 921 1742 974 amarulente
1756 939 1826 976 mer·

1019 1011 1099 1066 cedes
1112 1012 1195 1082 exigi,
1204 1012 1386 1067 multaetiam
1397 1013 1571 1067 extrinsecus
1581 1013 1701 1068 invoiiiri
1713 1016 1832 1069 nomina

1019 1104 1185 1175 etcollegia,
1198 1122 1260 1175 quae
1270 1106 1312 1160 vel
1326 1105 1353 1159 in
1364 1106 1459 1161 medio
1468 1106 1545 1160 luctu
1556 1107 1591 1161 ab
1603 1106 1829 1178 invitisexigant,

1020 1201 1106 1252 etcos
1117 1198 1166 1268 qui
1180 1199 1246 1253 dare
1260 1216 1316 1254 non
1334 1200 1452 1270 possint,
1468 1206 1498 1254 ut
1511 1201 1590 1266 dent,
1605 1201 1631 1254 vi
1646 1202 1829 1272 compellant.

1019 1292 1083 1345 Haec
1097 1308 1150 1345 nos
1164 1292 1343 1347 convenienti
1356 1294 1530 1348 correctione
1541 1294 1649 1364 dignari
1661 1295 1770 1364 justum
1783 1313 1832 1366 pu·

1018 1385 1150 1439 tavinins.
1174 1385 1240 1440 lnde
1262 1386 1333 1441 adeo
1356 1388 1480 1457 priniiiin
1503 1387 1631 1442 omnium
1647 1394 1831 1444 sacrosanctae

1018 1479 1119 1549 majori
1134 1479 1259 1533 ecclesiae
1270 1480 1398 1556 officinas
1409 1497 1546 1551 magnam
1558 1481 1703 1550 jacturam
1715 1484 1832 1537 etdiini·

1018 1572 1168 1627 nationem
1178 1590 1327 1644 perpessas
1336 1573 1372 1627 ad
1384 1573 1531 1644 integrum
1546 1591 1700 1629 numerum
1713 1593 1829 1647 repara·

1019 1666 1122 1734 viinns,
1139 1667 1297 1738 conscripta
1311 1666 1345 1720 de
1360 1667 1414 1720 boc
1430 1684 1509 1722 sacra
1522 1669 1613 1723 farina
1632 1669 1667 1723 ad
1682 1672 1830 1739 praefectu-

151 1759 313 1826 nationem,
334 1758 476 1830 siqnidem
503 1761 559 1812 tuae
582 1757 767 1825 beatitudini,
795 1761 824 1811 et
849 1741 1080 1828 pesterisBram
1107 1759 1287 1828 urbicariam,
1317 1765 1347 1814 ut
1370 1760 1504 1815 omnibns
1524 1761 1616 1816 modis
1636 1778 1667 1816 ca
1692 1781 1747 1817 una
1767 1781 1831 1819 cum

153 1852 310 1924 opportuni
319 1851 491 1907 videbuntur
502 1851 630 1917 existere,
645 1856 673 1905 et
687 1851 737 1905 Dei
749 1849 909 1905 ministerio
925 1850 967 1905 di·
1019 1853 1232 1908 obsecundante
1251 1853 1289 1907 illi
1305 1855 1421 1909 cohorte
1441 1855 1519 1909 mille
1532 1858 1561 1908 et
1575 1859 1689 1911 eentum
1706 1857 1831 1912 officinas

152 1947 215 2018 gni,
238 1949 270 2001 ut
289 1962 346 2000 non
361 1946 550 2015 profanentur
574 1949 669 1999 sancta
685 1944 733 1999 ilci
756 1944 818 2015 (boc
837 1943 969 1998 videlicet
1019 1947 1831 2021 [leiamantissimisdefensoribusetoecouomispraedictae

152 2039 232 2111 quod
245 2039 331 2110 sacris
345 2039 471 2094 sancitur
487 2038 627 2110 eloquiis),
639 2037 689 2092 sed
703 2037 809 2093 intacta
825 2041 853 2091 et
865 2036 967 2092 ineffa-
1019 2045 1206 2096 sacrosanctae
1228 2042 1352 2096 eeclesiae
1370 2043 1503 2097 tradant:
1520 2043 1691 2114 octingentis
1715 2045 1832 2115 quidem

151 2133 223 2188 bilia
238 2133 443 2206 tremendaque
459 2132 622 2199 constituta,
638 2135 734 2186 sancte
748 2135 777 2187 et
791 2133 848 2187 Deo
863 2130 970 2186 amabi·
1020 2134 1142 2189 officinis
1153 2152 1217 2189 cuin
1230 2136 1394 2207 corporibus
1404 2136 1565 2206 praebendis
1575 2137 1623 2192 Dei
1632 2139 1834 2194 amantissimis

150 2227 219 2282 liter
235 2230 264 2281 et
279 2227 442 2282 venerande
458 2230 628 2281 tractentur.
643 2225 711 2289 Quae
725 2224 902 2296 igiturnobis
913 2226 969 2295 pla·
1020 2228 1226 2298 defensoribus,
1244 2229 1376 2285 trecentis
1388 2247 1455 2285 aero
1465 2230 1649 2302 pientissimis
1663 2249 1731 2302 erga
1743 2236 1831 2288 Deum

152 2324 285 2387 cuernnt,
302 2323 331 2374 et
344 2337 394 2392 per
410 2321 485 2374 banc
503 2336 613 2374 sacram
637 2319 840 2390 exprimuntur
862 2318 967 2389 legem,
1019 2323 1197 2377 oeconomis:
1219 2328 1249 2377 ut
1264 2324 1314 2377 Dei
1336 2325 1450 2394 quidem
1476 2324 1666 2379 amantissimi
1691 2327 1833 2383 oecenomi

152 2429 188 2467 ea
204 2417 235 2467 ut
249 2414 279 2468 iii
294 2419 464 2484 perpetuum
479 2413 627 2467 beatitudo
643 2418 691 2493 tua
711 2411 859 2479 custodiat,
876 2411 967 2466 sanci·
1018 2418 1159 2470 trecentis
1184 2416 1247 2471 illas
1274 2416 1401 2471 officinas
1427 2421 1454 2471 et
1476 2418 1601 2472 reditum
1623 2418 1659 2472 ab
1686 2421 1833 2475 Anastasio

152 2523 238 2561 mus:
253 2511 330 2562 certo
346 2507 468 2561 seientes
490 2506 566 2578 qued
588 2522 646 2560 non
670 2506 766 2560 minus
781 2505 864 2560 nobis
879 2522 969 2559 sacro
1020 2509 1207 2564 sacratissimo
1227 2510 1354 2582 principe
1376 2511 1515 2565 denatum
1531 2511 1559 2565 in
1581 2513 1673 2567 fructu
1697 2514 1831 2582 babeant,

152 2606 320 2655 sanctarum
339 2599 523 2654 ecclesiarum
542 2599 696 2654 commoda
711 2615 786 2653 curae
799 2598 865 2666 sint,
882 2614 968 2668 quain
1020 2602 1832 2677 nihilampliusobdiminulumconqiierentesnnmeium,

110 2734 122 2755 ,
152 2694 218 2765 ipsa
241 2694 307 2748 vita.
324 2695 387 2749 Dat.
405 2710 439 2747 xv
455 2693 488 2748 K.
512 2695 629 2747 Novem.
647 2695 795 2748 Constant.
809 2692 879 2763 imp.
893 2693 922 2747 d.
939 2709 967 2745 u.
1019 2696 1069 2750 sed
1081 2696 1110 2750 in
1121 2698 1354 2768 supplementum
1364 2698 1575 2769 habentesque.
1585 2701 1832 2771 praebenttrecen-

151 2789 254 2843 lustin.
267 2792 351 2859 Aug,
368 2789 431 2858 post
446 2786 520 2841 Bilis.
539 2803 565 2841 v.
581 2803 606 2842 c.
621 2803 699 2841 cons.
717 2803 784 2840 ann.
800 2789 825 2840 3.
1018 2794 1055 2845 tae
1067 2790 1199 2858 officinae,
1209 2791 1486 2863 tamdeeanisquam
1499 2793 1615 2863 reliquis
1625 2794 1742 2848 coetibus
1757 2812 1834 2849 men·

1020 2888 1162 2938 stiiiarnni
1185 2885 1400 2955 praestationum
1423 2886 1616 2957 erogationem
1640 2888 1746 2943 faciant
1761 2907 1767 2944 :
1784 2889 1833 2945 [lei

1019 2990 1087 3029 vero
1110 2974 1300 3029 amantissimi
1314 2975 1480 3030 defensores
1497 2974 1534 3029 ad
1552 2992 1671 3030 manuni
1695 2977 1835 3033 babentes

1021 3068 1200 3140 octingentas
1226 3068 1363 3135 officinas,
1392 3072 1450 3122 tam
1472 3069 1631 3124 lecticarios
1662 3072 1701 3137 (ut
1724 3073 1835 3144 vocant)

1021 3162 1180 3227 exhibeant,
1197 3179 1283 3233 qnam
1298 3163 1440 3233 reliquum
1467 3163 1668 3230 ministerium,
1692 3167 1768 3235 quod
1784 3166 1834 3220 de-

190 3261 351 3329 lmperator
363 3258 541 3313 lastinianus
554 3260 699 3328 Augustus
713 3257 815 3312 loanni
828 3259 968 3313 factorum
1020 3256 1331 3327 functornmexseqniie
1341 3256 1500 3327 requirnnt,
1511 3257 1662 3323 sufficiant,
1673 3275 1729 3328 quo
1742 3260 1835 3329 magis

153 3369 207 3426 per
220 3352 366 3407 Orientem
380 3352 582 3423 preterieram
597 3351 732 3422 praefecto
747 3351 851 3406 iterum
867 3369 968 3407 excon-
1020 3366 1054 3404 ea
1069 3366 1099 3403 re
1114 3350 1290 3405 defunctosa
1306 3350 1414 3404 damno
1435 3366 1595 3404 asseramus
1610 3355 1638 3403 ot
1651 3351 1765 3420 injuria.
1782 3354 1835 3408 Eas

154 3447 216 3502 sule
232 3451 261 3499 el.
274 3445 404 3517 patricio.
570 3506 576 3522 ⁶
1020 3442 1108 3513 igitar
1120 3442 1272 3512 praedictas
1281 3444 1358 3496 inille
1373 3446 1399 3496 et
1410 3446 1526 3497 centurn
1538 3443 1665 3496 officinas
1674 3445 1724 3498 Ilei
1734 3462 1832 3500 aman·

191 3539 220 3594 Si
229 3538 367 3610 quidquid
377 3556 499 3611 usquam
510 3543 552 3593 est
561 3538 879 3610 bonorunioperum,id
890 3556 971 3610 opor·
1021 3535 1136 3591 tissiinis
1150 3536 1307 3591 oeconomis
1322 3538 1351 3590 et
1366 3536 1563 3591 defensoribus
1575 3536 1680 3608 absque
1696 3538 1753 3592 ulla
1766 3544 1836 3594 tem·

153 3638 197 3690 tet
211 3633 332 3703 (volente
349 3634 414 3702 fleo)
430 3650 481 3717 per
494 3650 547 3687 nos
559 3633 672 3687 initium
684 3649 787 3705 capere
800 3649 806 3688 :
822 3633 972 3688 conveniet
1021 3629 1098 3702 poris
1107 3630 1297 3701 praefinitione
1311 3646 1377 3684 cum
1393 3630 1573 3685 immunitate
1589 3634 1618 3684 et
1631 3631 1701 3685 citra
1714 3633 1836 3688 diminu-

153 3726 227 3782 item
242 3730 272 3780 ut
285 3743 319 3781 ea
332 3727 411 3782 bona
423 3743 487 3798 quae
498 3744 551 3798 per
562 3726 631 3781 alios
646 3731 803 3799 caeperunt,
820 3727 842 3781 si
857 3727 901 3781 his
916 3727 968 3780 iin-
1020 3723 1129 3778 tionem
1140 3723 1286 3792 custodiri,
1295 3724 1353 3778 etsi
1364 3740 1534 3796 quocunque
1545 3725 1632 3781 niodo
1643 3727 1738 3798 aliqua
1749 3727 1836 3782 inter·

154 3820 269 3876 mineat
276 3820 404 3889 exitium,
416 3837 528 3892 pernos
538 3822 631 3876 denuo
640 3823 838 3876 restaurentur
850 3824 879 3875 et
889 3820 918 3874 in
928 3838 971 3875 ve·
1020 3816 1105 3885 cidat,
1117 3817 1249 3871 lumenve
1266 3820 1367 3886 mutet,
1379 3820 1428 3871 aiit
1441 3819 1658 3886 commercium,
1668 3837 1684 3875 a
1695 3821 1836 3892 gloriosis-

154 3917 251 3969 terem
260 3914 434 3969 reducantur
444 3914 587 3984 ordinem,
601 3919 632 3969 ut
641 3931 756 3986 semper
766 3914 849 3969 nobis
859 3915 903 3968 vel
912 3915 972 3985 ipsa
1022 3911 1095 3966 simo
1106 3910 1192 3982 hujus
1208 3912 1292 3967 almae
1307 3911 1384 3966 urbis
1396 3912 1532 3983 praefecto
1546 3914 1671 3985 suppleri
1684 3932 1835 3987 recupera-

153 4008 198 4064 rei
219 4008 408 4075 confectione,
424 4009 468 4063 vel
485 4008 693 4063 restauratione
710 4007 744 4063 ad
758 4009 911 4080 preclaras
924 4025 969 4062 ac·
1021 4005 1102 4077 rique
1118 4010 1241 4077 oportet,
1255 4006 1347 4060 utDei
1364 4005 1480 4077 quidem
1495 4007 1683 4063 amantissimi
1696 4011 1836 4066 oeconomi

152 4102 250 4159 tiones
260 4101 719 4157 contendendifacultatesadsiut.
729 4102 895 4172 Cujusmodi
904 4119 971 4156 sane
1020 4099 1187 4170 fundorum,
1200 4100 1248 4171 qni
1262 4100 1414 4171 sepulturis
1424 4100 1553 4155 attributi
1566 4105 1642 4169 sunt,
1656 4102 1837 4157 administra-

152 4195 294 4268 quiddam
308 4213 372 4249 cuni
381 4197 446 4250 etin
457 4196 660 4250 defunctorum
672 4196 971 4268 funerationibusper-
1022 4193 1128 4248 tionem
1154 4194 1299 4260 babentes,
1324 4194 1461 4248 babentes
1483 4195 1551 4247 itcm
1573 4199 1601 4248 ot
1622 4196 1836 4266 avectigaliiim

152 4306 256 4362 peram
268 4289 495 4355 administretur,
511 4289 655 4362 corrigere
668 4290 697 4344 id
712 4289 802 4344 visum
815 4294 868 4356 est,
879 4294 907 4344 ct
920 4292 969 4344 lio·
1021 4287 1204 4357 praestatione
1215 4287 1360 4340 immunes
1369 4292 1511 4341 trecentas
1522 4286 1659 4353 officinas,
1672 4287 1837 4343 defensores

153 4383 282 4441 minibus
297 4384 398 4437 exinde
412 4383 520 4454 largiri,
535 4401 570 4437 ne
589 4384 737 4454 geminam
750 4384 970 4438 iiiconiinodita·
1022 4396 1088 4433 vere
1102 4381 1281 4449 octingentas
1296 4379 1409 4445 alteras,
1420 4379 1532 4449 utrique
1545 4379 1743 4434 defunctorum
1757 4398 1835 4436 exse-

153 4480 214 4532 tem
224 4477 391 4543 sustineant,
402 4481 462 4532 tam
471 4494 536 4532 suos
544 4477 708 4531 amittentes
718 4493 804 4547 quam
814 4476 901 4530 etiam
913 4477 1009 4558 illo-1)
1022 4473 1102 4543 quias
1113 4473 1165 4527 rite
1175 4473 1346 4543 gubernent.
1355 4473 1528 4527 Omnimode
1539 4475 1689 4545 sanequod
1698 4493 1730 4530 ex
1740 4493 1835 4531 annuo

370 2953 373 2956 ’
441 2902 599 3003 novanti
612 2948 674 3003 LIX.

196 3067 234 3119 bc
248 3062 393 3132 exsequiis,
408 3076 477 3131 quas
488 3062 548 3130 {tert
562 3062 725 3130 operientia
738 3060 926 3127 defunctorum

448 3133 675 3198 [sanctionicae.
801 3131 805 3141 '
980 3113 1007 3186 C

154 4587 222 4626 rum
242 4569 359 4625 nemine
375 4570 532 4625 subeuntes
547 4570 706 4642 dispendia.
724 4570 781 4625 Sed
800 4571 878 4640 qued
893 4570 972 4624 divus

154 4663 289 4737 princeps
308 4664 509 4719 Constantinus
522 4670 596 4718 recte
611 4665 802 4734 excogitatum
823 4663 971 4735 disposuit,

156 4762 187 4813 et
195 4757 380 4829 postmodnm
391 4758 553 4813 Anastasius
563 4757 755 4829 pientissimus
765 4757 899 4829 princeps
908 4774 973 4812 con-

154 4851 293 4918 firmavit,
313 4851 423 4922 adjecto
444 4852 561 4922 insuper
578 4855 607 4906 et
625 4852 729 4919 reditu,
745 4851 774 4906 id
791 4868 843 4906 nos
857 4853 972 4906 ruinam

155 4945 296 5001 minitans
312 4949 471 5000 restaurare
484 4945 577 5013 simul,
595 4948 624 4999 et
644 4945 771 5018 undique
786 4946 823 5000 ad
836 4945 971 5000 stabilita-

156 5043 218 5094 tem
232 5039 381 5094 redactum
395 5039 973 5111 convenientibusastringerejurnmentis

154 5149 358 5206 properamus,
383 5132 540 5188 efficientes
560 5149 594 5188 aa
615 5149 645 5188 re
668 5139 698 5187 ut
718 5133 879 5187 immortale
907 5149 971 5204 pei·-

155 5230 286 5285 maneat.

192 5323 338 5376 Nemeum
349 5321 543 5394 pientissimus
552 5321 683 5393 princeps
691 5320 895 5377 Constantinus
904 5338 974 5376 non·

157 5415 481 5488 gentesquinquaginta
505 5416 633 5471 officinas
652 5432 685 5470 ex
707 5415 825 5469 diversis
845 5415 974 5486 collegiis

156 5509 243 5580 hujus
259 5510 341 5564 almae
357 5509 434 5564 urbis
449 5515 637 5565 sacrosancte
653 5509 754 5579 majori
768 5508 894 5563 ecclesiae
907 5526 973 5562 cnm

155 5602 340 5660 immunitate
354 5602 476 5671 dederit,
491 5602 652 5657 Anastasius
668 5619 782 5673 quoqne
802 5603 870 5656 item
889 5601 973 5673 pien-

154 5697 284 5754 tissimus
301 5696 435 5768 princeps
453 5713 511 5752 nen
531 5697 621 5752 solum
644 5696 764 5750 officinis
785 5695 841 5750 illis
857 5700 974 5751 centnm

157 5791 370 5881 quinquaginta
383 5791 454 5850 alias
463 5790 639 5866 apposuerit,
649 5791 699 5848 sed
714 5789 801 5847 etiam
815 5790 975 5866 prolibare-

1022 4566 1176 4620 fundornm
1191 4565 1284 4620 reditu
1300 4566 1439 4636 provenit,
1452 4583 1469 4620 a
1483 4567 1532 4622 Dei
1545 4569 1748 4623 amantissimis
1760 4587 1835 4624 meo-

1022 4660 1115 4715 noniis
1126 4660 1154 4713 in
1166 4661 1374 4730 sepulturarum
1385 4677 1466 4714 nsnm
1476 4661 1838 4734 conferatur,quemadmo·

1023 4754 1091 4808 duni
1105 4753 1223 4807 inferius
1232 4754 1260 4807 in
1270 4770 1424 4825 progressu
1435 4755 1754 4827 dicenius,app0neutes
1768 4775 1837 4813 neii-

1022 4847 1092 4902 nihil
1108 4848 1142 4902 de
1156 4851 1346 4902 trecentarum
1370 4848 1553 4903 officinarum
1575 4851 1678 4916 reditu,
1693 4858 1779 4921 prout
1801 4853 1836 4907 de

1023 4941 1098 4996 facto
1115 4941 1143 4995 bi
1158 4958 1173 4994 a
1189 4942 1270 4995 nobis
1294 4959 1395 5013 capere
1420 4942 1570 5014 petierunt.
1585 4948 1623 4998 Aa
1641 4944 1778 5014 quoniam
1803 4947 1838 5002 ds

1023 5035 1100 5089 mille
1111 5039 1138 5089 et
1149 5039 1264 5091 centuni
1275 5036 1406 5102 officinis,
1418 5053 1481 5106 quin
1494 5037 1521 5090 in
1532 5037 1608 5092 alma
1617 5038 1670 5092 bac
1680 5039 1750 5093 urbe
1761 5048 1837 5109 siint,

1024 5130 1164 5201 pleraeque
1188 5129 1405 5197 interciderunt,
1421 5130 1600 5201 praecipimus
1615 5132 1643 5186 in
1659 5150 1794 5203 praesens,
1808 5142 1839 5192 nt

1024 5223 1068 5277 hoe
1095 5224 1296 5295 suppleantur,
1320 5230 1348 5279 et
1369 5223 1419 5279 Dei
1446 5225 1651 5280 amantissimis
1684 5230 1838 5283 aeconomis

1024 5317 1266 5388 pientissimisque
1280 5333 1350 5387 erga
1364 5318 1452 5371 llenm
1463 5317 1657 5374 defensoribus
1673 5321 1738 5391 (qno
1752 5322 1838 5376 modo

1023 5410 1140 5465 anobis
1161 5411 1269 5464 dictum
1294 5412 1344 5478 est)
1369 5411 1447 5464 mille
1471 5415 1499 5465 et
1516 5419 1631 5468 centuni
1657 5414 1838 5468 officinarum

1025 5521 1162 5559 numerus
1184 5504 1372 5559 indiminutus
1387 5510 1416 5560 et
1430 5505 1638 5578 simplicissime
1654 5507 1758 5561 divisus
1774 5524 1839 5562 coii-

1025 5603 1166 5665 servetar,
1193 5614 1229 5652 ne
1262 5616 1319 5671 quo
1350 5604 1433 5670 pacto
1469 5601 1615 5671 pauciores
1646 5599 1746 5654 decani
1780 5600 1838 5656 sive

1025 5692 1169 5764 copiastae,
1184 5709 1270 5764 qnam
1283 5693 1449 5765 octingenti,
1460 5693 1511 5748 Dei
1523 5692 1724 5747 amantissimis
1738 5693 1839 5750 defen·

1025 5787 1136 5844 aeribus
1152 5788 1286 5851 attributi
1301 5788 1372 5848 sint.
1384 5789 1443 5845 bio
1453 5786 1596 5844 trecentis
1605 5786 1870 5862 samantneme,
