3878 6150
605 264 775 325 EPlSTOLAE
798 261 841 319 ET
861 261 1024 319 DECRETA.
1604 267 1656 320 all

91 395 112 439 ,ο
123 379 291 438 Theodorus
302 380 526 451 llopsuestenus,
542 394 635 449 neque
655 377 711 431 lbae
730 373 789 445 epi·
802 371 871 461 Ain
891 370 1015 426 Ecclesia
1040 385 1098 424 non
1122 372 1187 424 est:
1209 369 1246 425 ad
1267 385 1392 441 regnum
1415 369 1564 442 pervenire
1595 389 1653 428 non

91 491 140 548 uss
156 475 192 530 ab
207 474 376 529 adversariis
390 475 433 527 est
446 472 568 544 prolata,
580 476 647 527 anto
664 470 789 525 tribunal
840 465 957 537 poterit,
978 464 1027 536 qui
1042 480 1105 518 eant
1121 480 1185 535 quae
1204 468 1360 535 regnatura
1376 467 1419 518 est
1434 464 1596 538 dereliquit.
1620 468 1655 521 Et

91 566 536 624 dicisvobisvaleatsubvenire.
555 565 671 621 Doctori
692 565 789 634 itaque
840 561 906 630 post
926 558 1006 613 alia:
1031 557 1101 611 Cum
1122 557 1181 612 lieo
1202 574 1321 613 manere
1347 574 1407 612 non
1441 562 1570 630 possunt,
1603 560 1653 632 qui

91 676 283 736 spararemus,
301 661 350 732 qui
363 661 391 715 in
406 660 502 731 prima
510 659 547 714 ad
555 658 718 715 Corinthios
729 657 788 729 epi·
841 668 902 707 esse
917 652 947 706 in
962 651 1087 707 Ecclesia
1102 651 1154 706 Dei
1167 651 1342 706 unanimiter
1357 652 1521 721 noluerunt,
1533 654 1655 710 ardeant

93 755 334 813 eit:AEmalomiut
347 754 644 816 cbcrtsmetomctiora,
662 758 687 807 ct
701 752 790 806 adbuc
840 745 906 800 licet
921 745 1046 800 flammis
1068 748 1096 799 ct
1111 744 1225 816 ignibus
1240 745 1347 813 traditi,
1367 746 1411 800 vel
1433 746 1536 817 objecti
1558 746 1655 802 bestiis

91 851 191 907 ιίίοναιι
204 851 276 904 ciam
285 849 360 903 uobis
371 848 522 903 demonstro
536 849 561 918 (l
573 847 633 902 Cor.
653 845 711 916 ru).
723 846 791 910 Ouae
811 838 820 851 '
841 837 954 895 animas
968 854 1034 894 suas
1049 843 1176 910 ponant:
1194 839 1318 893 nouerit
1331 840 1380 894 illa
1395 839 1462 894 fidei
1477 857 1593 909 corona,
1605 842 1656 896 sed

94 943 176 1015 ajora
189 942 255 1009 sint,
272 944 328 996 cta
344 958 373 997 se
387 939 615 996 demonstranda
629 939 789 1011 promittat,
840 948 925 1004 poena
944 933 1087 1006 perfidiae3
1105 936 1158 987 uec
1180 932 1321 1004 religiosae
1343 933 1453 988 virtutis
1475 935 1566 989 exitus
1593 936 1655 1006 glo·

91 1053 189 1108 broce
206 1035 357 1090 audiamus
373 1034 532 1089 intentius:
548 1034 789 1101 sttttocsaoms-
841 1026 949 1094 riosus',
973 1026 1024 1081 sed
1048 1026 1256 1098 desperationis
1285 1026 1443 1082 interitus:
1473 1028 1562 1084 occidi
1592 1029 1656 1084 talis

92 1146 152 1202 faor
167 1135 192 1185 ct
204 1130 369 1198 onoelorum,
386 1130 544 1183 charitatem
556 1134 646 1184 autem
664 1143 720 1195 goa
740 1128 788 1182 lto-
841 1123 945 1191 potest,
961 1119 1093 1175 coronari
1109 1136 1168 1174 non
1183 1123 1287 1191 potest.

92 1228 169 1280 wass
182 1239 242 1278 sum
254 1225 324 1278 sicut
336 1238 370 1278 aes
383 1238 494 1286 sonans,
508 1228 556 1276 out
569 1222 723 1291 cymbatum
735 1223 789 1275 tto·
876 1216 949 1268 ltem
960 1212 1107 1285 ejusdem:
1123 1216 1166 1267 An
1183 1230 1245 1268 esse
1261 1213 1315 1268 sibi
1330 1216 1395 1268 cum
1405 1214 1515 1270 Christo
1527 1214 1654 1287 videtur,

92 1319 122 1375 Et
137 1320 164 1372 aa·
180 1318 299 1372 habuero
318 1317 499 1386 prophetiam,
517 1321 543 1370 ot
562 1317 681 1370 nouerim
700 1318 791 1370 omnio
842 1307 890 1377 qui
905 1307 1040 1362 adversus
1056 1308 1218 1362 sacerdotes
1234 1307 1337 1362 Christi
1352 1307 1440 1362 facit?
1456 1308 1543 1379 quise
1559 1310 1656 1364 acleri

92 1426 114 1476 r,
130 1415 156 1467 et
179 1413 203 1465 st
222 1410 338 1464 habuero
358 1425 461 1464 omnem
478 1409 569 1479 ficiem,
589 1412 629 1463 tto
643 1414 674 1463 ot
688 1414 790 1463 monaco
842 1400 903 1471 ejus
924 1405 954 1455 et
967 1401 1058 1472 plebis
1073 1401 1209 1456 societate
1224 1401 1367 1456 secernit?
1390 1405 1478 1456 Arma
1493 1402 1540 1456 ille
1555 1408 1656 1458 contra

92 1520 152 1567 um,
163 1509 189 1558 et
201 1505 225 1558 si
238 1503 400 1558 distribuero
411 1505 441 1557 in
450 1503 522 1557 cibos
534 1519 688 1573 pauperum
701 1516 790 1556 onines
841 1494 932 1549 heum
944 1498 1050 1566 portat,
1067 1498 1168 1550 contra
1181 1495 1232 1550 Dei
1252 1495 1470 1567 dispositionem
1488 1499 1633 1568 repugnat
1649 1514 1655 1552 :

92 1611 121 1654 ss
130 1613 214 1664 meas,
224 1601 249 1652 et
258 1599 283 1651 si
292 1597 431 1650 tradidero
440 1612 537 1666 corpus
547 1600 673 1651 meamet
683 1596 790 1658 ardeat,
840 1587 931 1643 hostis
946 1588 1043 1643 altaris
1058 1589 1192 1644 adversus
1214 1590 1385 1644 sacrificium
1405 1590 1510 1646 Christi
1530 1591 1655 1657 rebellis,

93 1706 135 1747 om
163 1695 254 1745 cutem
273 1706 328 1744 noo
348 1690 476 1757 habuero,
500 1691 570 1744 nihil
588 1692 655 1744 mitto·
680 1690 792 1760 prodest
840 1697 893 1753 pro
907 1681 963 1736 fide
977 1682 1113 1753 perfidus,
1128 1698 1181 1754 pro
1201 1683 1342 1754 religione
1356 1684 1521 1754 sacrilegus,
1542 1684 1655 1739 inobse-

92 1785 153 1855 nu);
177 1787 206 1838 ct
225 1784 330 1838 ilerum
348 1800 355 1838 :
371 1784 460 1847 bidos,
486 1798 556 1853 spes,
581 1784 712 1846 charitas,
737 1763 933 1847 trichuens
941 1792 1047 1842 servus,
1056 1775 1252 1848 liliusimpius,
1261 1777 1350 1831 frater
1358 1776 1500 1845 inimicus,
1509 1782 1658 1851 contemp·

93 1878 147 1948 p'et·
164 1883 254 1932 autem
270 1879 311 1932 lis
332 1878 450 1932 ebaritas
469 1877 570 1948 (lota).
593 1877 684 1941 Quam
706 1877 794 1948 igilur
844 1869 878 1923 lis
889 1869 1028 1940 episcopis
1038 1869 1124 1925 ctDei
1133 1870 1328 1925 sacerdotibus
1339 1870 1492 1938 derelictis,
1504 1872 1657 1927 constitue-

93 1972 215 2027 tminum
228 1970 358 2042 poteritis
376 1970 483 2025 babere
508 1970 653 2039 fiduciam,
675 1971 792 2042 quando
843 1979 874 2017 re
891 1962 980 2017 audet
991 1962 1069 2017 aliud
1077 1964 1177 2017 altare.
1190 1965 1260 2017 ltcm
1273 1964 1353 2034 cujus
1363 1980 1449 2035 supra
1459 1980 1465 2018 :
1476 1964 1561 2034 Pejus
1568 1965 1655 2018 schis-

98 2064 266 2120 scandalum
278 2064 411 2135 generari
421 2063 502 2117 vobis
512 2063 547 2118 de
559 2063 626 2118 ndei
637 2068 742 2119 nostrae
752 2064 793 2118 in·
843 2055 930 2115 mis
945 2056 1053 2111 crimen
1068 2060 1120 2124 est,
1130 2073 1218 2127 quam
1231 2056 1309 2127 quod
1320 2057 1348 2111 hi
1359 2056 1407 2127 qui
1417 2057 1656 2125 sacrificaverunt,

93 2162 280 2223 acernentcs,
290 2157 377 2211 tantis
391 2157 568 2228 temporibus
578 2158 793 2229 persuperfluas
844 2149 892 2220 qui
907 2152 1007 2205 tamen
1023 2150 1051 2204 in
1065 2149 1234 2221 paenitentia
1245 2150 1374 2205 criminis
1392 2151 1539 2206 constituti
1559 2150 1657 2206 Domi·

93 2250 401 2317 >ncscosscc1csisncc
415 2266 477 2320 qcoe
489 2267 547 2305 ccc
557 2254 609 2318 cst,
620 2254 649 2306 cc
664 2252 791 2306 ssrstcs.
843 2259 914 2296 num
929 2243 1020 2315 plebis
1035 2244 1275 2299 satisfactionibus
1288 2243 1487 2316 deprecantur.
1496 2245 1546 2299 llic
1563 2246 1656 2299 Eccle-

93 2343 168 2400 s‘tctc
187 2361 236 2399 cos
251 2342 340 2398 dividi
353 2343 472 2397 duratis,
488 2344 540 2399 Ubi
556 2361 682 2415 namquo
698 2345 733 2399 stt
746 2361 792 2400 cc.
844 2336 886 2390 sia
898 2337 1036 2408 quaeritur
1048 2342 1077 2392 et
1095 2342 1223 2410 rogatur,
1240 2338 1298 2393 illie
1318 2338 1450 2394 Ecclesiae
1470 2342 1657 2410 repugnatur.

93 2437 240 2503 onstituta,
261 2436 328 2491 licet
341 2437 429 2508 ipsius
442 2436 555 2521 bomini
567 2453 635 2492 voce
648 2439 678 2492 iu
694 2441 792 2493 sancto
843 2430 893 2484 llic
907 2434 1003 2502 potest
1016 2432 1172 2487 necessitas
1182 2433 1278 2500 fuisse,
1295 2432 1351 2488 illic
1361 2433 1492 2488 voluntas
1503 2436 1617 2487 tenetur
1629 2432 1659 2486 iu

93 2530 793 2602 liosilapertum,quidtamonbealushugustinus
844 2524 1660 2598 scelere.liicquilapsusest,sibitantumnocuit,illiequi

94 2623 272 2681 odominicae
285 2641 398 2679 mernor
410 2624 561 2679 scntcolicc
576 2624 730 2693 definierit,
747 2642 794 2679 cu.
845 2617 978 2672 haeresim
993 2620 1036 2673 vel
1049 2620 1173 2674 schisma
1184 2621 1278 2675 facere
1293 2625 1423 2689 conatur,
1438 2622 1544 2675 multos
1560 2639 1658 2680 secum

94 2719 145 2774 ‚ln
160 2718 204 2772 bis
212 2735 348 2789 namque,
358 2718 407 2785 ait,
419 2735 481 2773 esse
495 2719 545 2772 hci
555 2719 710 2773 Ecclesiam
725 2735 793 2774 con-
844 2711 987 2766 trahendo
997 2711 1120 2783 decepit.
1136 2713 1297 2769 llieanimae
1304 2715 1593 2787 uniusestdamnum,
1604 2719 1660 2774 illic

94 2827 119 2881 s,
135 2812 184 2883 qui
203 2811 318 2866 scdibus
338 2812 501 2883 apostolicis
509 2828 570 2884 ,por
586 2814 794 2868 successionem
844 2805 1005 2876 periculum
1016 2806 1217 2876 plurimorum.
1228 2810 1309 2863 Certe
1323 2811 1658 2879 sepeccassehicintelli·

94 2921 133 2961 cm
152 2906 307 2976 praesidcrc
330 2910 496 2960 noscuntur,
519 2908 554 2961 Et
572 2907 736 2978 quicunquc
758 2906 794 2961 ab
844 2898 888 2969 git
902 2902 931 2953 et
943 2899 1064 2971 plangit,
1077 2900 1124 2955 ille
1133 2901 1283 2955 tumensin
1290 2907 1407 2973 peccato
1415 2921 1477 2972 suo,
1492 2910 1520 2960 et
1530 2906 1598 2978 ipsis
1606 2906 1659 2962 sibi

94 3004 148 3055 ‘cm
163 2999 274 3055 sodium
290 3016 321 3055 sc
336 3000 541 3055 communione
557 3001 601 3055 vct
624 3001 793 3056 coctos-italo
845 2991 1441 3069 delictisplacens,amatreliliossegregat,
1451 3005 1660 3071 ovesapastore

94 3093 277 3161 lorit‚osscin
289 3093 441 3148 schismate
454 3094 677 3149 demonstrator,
688 3096 796 3167 Etpost
845 3086 987 3156 sollicitat,
1007 3087 1057 3142 Dei
1074 3092 1255 3144 sacramenta
1272 3089 1423 3161 disturbat,
1439 3096 1468 3147 et
1482 3111 1547 3148 eum
1564 3095 1660 3167 lapsus

94 3186 169 3242 ‚situs
178 3187 258 3257 foris,
274 3187 387 3242 etiamsi
402 3204 453 3258 pro
467 3187 570 3243 Christi
584 3188 702 3243 nomine
716 3205 793 3243 mor·
805 3137 832 3213 C
845 3181 934 3235 semel
947 3181 1305 3254 peccaverit,illequotidie
1313 3190 1422 3257 peccat.
1434 3189 1583 3245 Postremo
1597 3190 1660 3261 lap·

94 3279 235 3351 utsjntcr
244 3282 376 3335 mcmhra
383 3280 485 3335 Christi
497 3279 793 3356 [nonnomcrmcsisp
845 3291 893 3328 sus
903 3276 1074 3346 martyrium
1089 3277 1276 3347 postmodum
1290 3284 1458 3335 consecutus
1472 3286 1566 3353 potest
1577 3284 1661 3354 regni

94 3389 145 3446 pro
160 3373 282 3442 Christo,
300 3374 412 3428 haerens
427 3374 550 3446 corpori,
564 3391 662 3446 pugna
677 3392 729 3446 pro
745 3393 792 3430 ca·
844 3369 987 3440 promissa
1002 3370 1171 3441 percipere:
1186 3371 1234 3425 ille
1254 3371 1277 3425 si
1299 3375 1378 3426 extra
1398 3374 1554 3431 Ecclesiam
1574 3376 1662 3431 fuerit

94 3462 121 3522 u
133 3471 163 3522 et
172 3467 274 3549 beatas
287 3467 444 3538 Cyprianus
455 3456 706 3540 egregiusmartyr
719 3469 748 3524 in
764 3470 796 3524 li·
845 3463 963 3532 occisus,
980 3462 1016 3518 ad
1029 3463 1160 3519 Ecclesiae
1177 3481 1235 3519 non
1251 3469 1346 3536 potest
1357 3467 1478 3537 praemia
1498 3469 1659 3540 pervenire.

97 3576 129 3617 m
139 3561 176 3616 de
187 3558 429 3619 unluusnomino
446 3562 578 3629 titulavit,
596 3562 673 3617 inter
687 3563 742 3617 alia
755 3564 794 3618 sic
855 3580 860 3599 =·
879 3558 952 3611 ltem
966 3556 1016 3628 qui
1027 3574 1134 3628 supra:
1152 3557 1234 3622 011⁰d
1247 3559 1270 3614 Si
1282 3559 1313 3614 in
1327 3560 1479 3632 scripturis
1489 3564 1594 3618 sanctis
1605 3564 1660 3620 ire·

95 3653 235 3710 ¹‚xordium
246 3654 281 3709 ab
293 3655 403 3710 unitate
412 3655 645 3726 proficiscitur;et
654 3657 794 3728 primatus
845 3653 967 3721 quanter
981 3653 1011 3706 θῑ
1021 3651 1128 3723 Ubique
1144 3652 1294 3725 dissssiplissa
1311 3655 1485 3727 fraessifsturs
1511 3662 1540 3712 θῑ
1560 3638 1679 3714 funda-¹

95 3746 181 3816 latur,
199 3752 231 3802 ut
249 3765 307 3803 una
329 3749 432 3803 Christi
452 3750 576 3804 Ecclesia
602 3755 632 3804 et
657 3751 794 3806 cathedra
845 3747 977 3799 mentum
991 3745 1172 3817 religionisa
1191 3746 1259 3802 ndei
1278 3748 1478 3807 observatione
1500 3768 1533 3808 ac
1552 3754 1659 3808 timore

95 3845 175 3898 abir:
189 3847 219 3896 et
231 3846 360 3913 pastores
369 3847 435 3897 sunt
445 3860 556 3913 omnes,
573 3842 625 3898 sed
638 3860 706 3915 grex
722 3861 794 3899 unus
844 3837 1042 3909 proficiscitur,
1063 3839 1133 3910 quid
1154 3840 1285 3913 cupidius
1303 3847 1452 3915 appetere,
1477 3846 1547 3917 quid
1564 3848 1658 3920 magis

95 3939 153 4005 tur,
173 3937 222 4007 qui
247 3937 282 3991 ab
301 3936 437 4008 apostolis
457 3937 588 3992 unanimi
605 3939 794 3994 consensione
844 3916 916 3986 ville
938 3948 971 3988 ³0
989 3934 1090 3988 tenere
1114 3951 1166 3989 nos
1183 3935 1326 4004 convenit,
1352 3936 1441 4009 quam
1462 3943 1493 3994 ut
1515 3941 1660 3998 radicibus

95 4046 125 4085 r.
141 4031 253 4101 Etpost
273 4047 364 4102 pauca
383 4048 390 4086 :
408 4033 486 4087 flans
506 4032 637 4089 Ecuesiae
655 4034 794 4090 unitatem
845 4025 947 4080 fortius
959 4025 1031 4095 fixis,
1046 4030 1075 4081 et
1097 4027 1248 4084 domiciliis
1267 4031 1371 4086 nostris
1397 4050 1483 4105 super
1504 4039 1594 4106 petrae
1615 4053 1658 4092 ro·

95 4126 209 4193 cunct,
225 4130 324 4179 tenero
344 4141 373 4179 sc
391 4125 478 4179 tidem
494 4107 604 4180 credit?
624 4127 678 4192 Qui
701 4129 796 4185 csthc.
844 4119 935 4175 bustae
944 4120 1167 4192 molesolidatis,
1179 4123 1339 4180 inconcussi
1354 4127 1391 4180 ad
1402 4129 1542 4197 procellas
1557 4145 1589 4184 ac
1604 4109 1661 4184 tur-

95 4217 166 4286 ·etri,
182 4235 267 4289 super
277 4234 364 4290 quam
379 4219 636 4291 Ecclesiafundata
649 4224 701 4289 est,
716 4220 797 4277 des&
844 4212 925 4271 hines
940 4215 1034 4271 saeeuli
1047 4218 1165 4283 stemus,
1182 4221 1213 4271 ut
1227 4217 1264 4271 ad
1283 4219 1334 4273 Dei
1353 4236 1476 4275 munera
1494 4239 1547 4293 per
1562 4221 1660 4279 divina

95 4310 196 4381 esistit,
206 4312 236 4366 in
249 4313 412 4368 Ecclesiase
425 4331 485 4369 esse
496 4314 635 4370 confidit?
650 4317 720 4370 ltem
730 4319 795 4387 post
844 4312 989 4380 precepta
1002 4310 1099 4363 venire
1112 4310 1275 4381 possimus?

96 4404 120 4460 d
142 4405 221 4476 pacis
238 4407 387 4477 praemium
408 4398 559 4478 pervenire
582 4424 640 4462 non
664 4411 793 4479 possunt,
880 4403 916 4456 Et
926 4401 992 4456 ideo
1007 4402 1159 4457 hortamur
1171 4403 1354 4459 dilectionem
1370 4410 1504 4476 vestram,
1528 4411 1557 4465 et
1574 4410 1658 4473 obae-

96 4514 161 4554 cem
176 4499 289 4555 Domini
304 4500 454 4556 discordias
467 4494 564 4587 surore
579 4505 726 4573 ruperunt,
802 4480 966 4584 Donamus,
977 4498 1010 4550 ui.
1020 4499 1081 4550 tam
1096 4496 1233 4551 terribilia
1247 4499 1540 4560 Patrumtestimonia
1550 4504 1662 4578 *m-

99 4608 134 4648 ex
147 4593 253 4648 eodem
267 4594 339 4649 libro
353 4595 392 4648 sic
403 4595 443 4648 ait
459 4612 466 4649 :
481 4595 711 4653 rid-'sacrificium
727 4613 794 4650 eum
844 4593 966 4658 scentes,
976 4590 1055 4644 nullo
1068 4590 1156 4645 modo
1172 4591 1323 4662 patiamini
1340 4595 1458 4651 ulterius
1473 4596 1656 4656 indivisione

96 4703 153 4742 one
161 4687 311 4743 sortientes
317 4692 432 4743 revocat
440 4689 476 4743 ab
488 4676 580 4758 altari,
592 4694 620 4743 ot
626 4689 709 4760 jubet
717 4690 794 4762 prius
845 4684 975 4739 Ecclesiae
987 4683 1139 4755 persistere
1151 4702 1158 4752 ;
1168 4685 1255 4740 sedin
1264 4686 1372 4745 viscera
1382 4694 1487 4747 sanctae
1500 4695 1603 4749 matris
1612 4711 1657 4751 ca·

96 4779 154 4835 lare
177 4797 241 4835 cum
262 4782 362 4847 fratre,
384 4786 451 4836 tunc
470 4798 620 4854 cum-pace
639 4783 795 4839 redeuntes
843 4779 957 4834 tholicae
965 4781 1051 4850 atque
1062 4780 1226 4851 apostolicae
1234 4783 1349 4854 regredi
1362 4788 1423 4841 tota
1438 4787 1544 4843 mentis
1561 4789 1656 4844 intem

96 4889 222 4929 smunus
233 4875 336 4931 offerre
349 4877 503 4949 (lfottlt.v);
523 4858 591 4950 guia
604 4895 658 4933 nec
673 4878 710 4933 ad
725 4879 794 4934 Cain
844 4873 923 4928 tione
937 4874 1060 4929 celerate
1077 4871 1270 4949 [ecceleralett
1287 4881 1319 4932 ut
1330 4878 1450 4935 radicati
1468 4881 1498 4935 in
1518 4883 1657 4938 charitate

96 4969 234 5040 ‚respexit
242 4970 316 5024 Deus
327 4970 430 5041 (Genea.
438 4973 486 5043 ru),
496 4972 676 5047 nequeenim
687 4973 795 5028 babere
845 4968 963 5022 unitatis
974 4969 1060 5041 atque
1068 4969 1181 5025 fundati
1187 4969 1282 5026 dicere
1293 4989 1458 5029 mercamur
1472 4992 1478 5030 :
1494 4978 1560 5032 Eece
1573 4995 1657 5049 quom

96 5078 135 5117 tm
149 5067 284 5134 pacatum
295 5067 418 5136 poterat,
433 5068 481 5137 qui
503 5068 673 5133 cumfratre
693 5084 794 5140 pacem
845 5063 943 5117 bonum
957 5067 984 5118 et
996 5078 1079 5134 quam
1087 5065 1251 5134 jucundum,
1266 5060 1389 5122 babitare
1404 5070 1508 5136 tratres
1522 5073 1553 5129 fa
1574 5089 1658 5131 aucam

105 5154 282 5213 discordiam
298 5176 356 5214 non
369 5160 503 5216 habebat.
520 5162 613 5227 Quam
633 5163 687 5217 sibi
707 5163 795 5234 igitur
845 5155 927 5228 (Psoi.
943 5157 1060 5229 cxxxiii:
1080 5159 1219 5213 veraciter
1238 5161 1448 5219 exclamauit:
1464 5166 1605 5236 lteplotum
1619 5177 1660 5228 osc

97 5250 268 5323 promittunt
281 5253 388 5309 inimici
403 5255 548 5311 fratrum?
569 5236 637 5322 (juro
658 5257 795 5312 sacrificia
844 5251 946 5320 gaudio
960 5267 989 5307 ot
1002 5257 1134 5316 nostram,
1148 5258 1174 5309 et
1186 5254 1281 5322 linoae
1294 5260 1389 5311 nosne
1399 5259 1563 5318 multatim
1572 5264 1655 5337 (Ptol.

97 5362 123 5400 re
133 5361 163 5400 se
174 5347 399 5404 creduntaemuli
409 5351 610 5408 sacerdotum?
621 5352 724 5407 Secum
732 5367 794 5405 esse
845 5346 934 5417 cxxv).
950 5345 1058 5411 Quibus
1071 5345 1202 5402 breviore
1216 5348 1335 5419 quidem
1347 5352 1430 5423 stylo,
1440 5353 1601 5415 abundanti
1616 5363 1659 5416 tc.

97 5456 122 5495 n
134 5456 200 5495 cum
212 5442 324 5499 collecti
337 5444 446 5499 fuerint
456 5445 621 5517 opinantur,
635 5447 665 5500 bi
679 5445 728 5517 qui
745 5461 793 5503 ex·
845 5454 913 5495 mon
922 5439 1072 5497 &amate
1090 5441 1244 5512 responsis,
1261 5447 1290 5498 et
1302 5443 1338 5500 de
1353 5440 1662 5509 fraternitatlsrsm

99 5533 193 5615 esiam
207 5536 404 5608 colliguntur?
417 5540 497 5594 Tales
512 5540 599 5595 etiam
620 5541 642 5595 si
660 5539 743 5595 occisi
763 5539 793 5595 in
843 5530 1000 5602 multus,
1011 5533 1200 5601 eldadivinae
1210 5536 1413 5599 misericordia
1426 5544 1530 5600 virtute
1541 5536 1666 5609 confl'dh

97 5630 602 5701 :onenominisfuerint,maculaista
616 5632 792 5706 necsaugui·
844 5628 1652 5707 mustos*citiusreformariindubitanterEccls·

98 5724 167 5780 itur.
180 5725 361 5798 inexpiabilis
383 5730 413 5782 et
429 5728 522 5800 gravis
542 5729 627 5800 culpa
643 5727 793 5787 discordia
844 5721 902 5777 siae.
917 5721 948 5777 Si
962 5720 1061 5778 umen
1074 5739 1127 5796 pro
1142 5725 1247 5781 nostris
1260 5728 1353 5783 adbuc
1363 5729 1474 5784 delictis
1486 5729 1596 5802 aliquid
1603 5731 1655 5788 ini·

97 5817 180 5877 sione
190 5823 341 5893 purgatur.
356 5822 424 5878 Esse
432 5826 543 5897 martyr
557 5840 617 5882 non
628 5825 734 5899 potest,
745 5822 794 5898 qui
843 5816 935 5875 micus
946 5815 1111 5875 manarum
1120 5819 1200 5876 robis
1207 5819 1408 5880 obstinationis
1415 5823 1505 5896 (quod
1513 5824 1597 5902 absit)
1607 5832 1659 5891 aut

142 5916 280 5986 Parios.
306 5918 423 5988 hxxll.
1465 5929 1514 5989 aa

268 6038 298 6103 ὗ
1008 6060 1020 6075 ·
1058 6043 1061 6050 ·
1394 6034 1397 6040 ·
