3884 6150
125 301 157 363 te
769 302 796 356 S.
818 302 957 360 llAltTlNl
975 303 1153 361 DUlllENSlS
1769 303 1803 357 20

122 410 319 491 §alisiensem
326 412 442 485 scilicet,
453 414 654 470 bracarensem
661 412 690 465 et
698 409 879 467 Dumiensem
890 410 936 483 (a).
949 411 1132 502 Astruxisse.
1148 432 1162 462 ιι
1176 410 1344 484 Hujusmodi
1354 414 1451 468 autem
1463 408 1668 468 monasterium
1686 425 1721 466 en
1739 424 1804 465 con·

122 507 228 582 ilerum
241 507 266 563 si
278 524 379 564 censor
395 509 447 564 isla
464 508 603 579 Hispanus
615 521 649 561 ea
661 505 782 561 novisset
794 522 858 577 qum
875 522 936 560 ma-

123 616 198 674 gnus
210 603 363 659 Annalium
377 601 627 658 ecclesiasticorum
641 615 744 671 parens
762 599 796 655 de
811 600 868 654 suis
884 600 939 654 illis

122 695 315 752 notationibus
333 697 363 751 in
383 695 501 752 Tabulas
521 693 720 749 ecclesiasticas
738 694 939 764 praemonitum

123 787 258 847 lectorem
285 790 385 858 voluit,
412 788 529 846 fortasse
556 789 639 860 paulo
664 787 761 843 mitius
788 805 854 843 cum
879 787 939 843 riro

123 883 248 940 maximo
262 882 375 955 egisset.
388 882 432 940 Sic
444 882 532 955 igitur
544 882 592 938 ille
605 881 639 954 (ι)
656 898 663 937 :
681 905 694 933 a
708 883 787 948 Quod
800 887 896 937 autem
909 881 939 938 in

123 978 226 1034 nostris
238 976 313 1032 notis
325 978 362 1032 ad
379 979 539 1033 Romanum
554 975 786 1051 Martyrologium
804 979 940 1048 negatum

124 1076 176 1140 est,
190 1070 309 1127 Lucium
326 1087 386 1127 esse
403 1087 519 1143 passum
535 1070 587 1126 sub
600 1070 760 1140 Volusiano,
774 1086 809 1124 er
823 1069 938 1124 Annali-

123 1162 176 1221 bus
184 1181 311 1221 errorem
319 1163 429 1237 corrige
441 1183 448 1221 ι
460 1165 555 1238 sicque
564 1180 687 1236 sempor,
698 1180 763 1219 eum
774 1163 877 1218 videris
886 1162 940 1217 dis-

123 1273 240 1332 crepare
252 1259 292 1327 ab,
301 1258 402 1314 iisdem
414 1258 488 1314 notis
500 1258 631 1329 Annales,
642 1275 689 1313 eas
704 1274 739 1313 ex
752 1258 796 1312 his
809 1257 937 1312 eruenda.

123 1351 275 1425 Nunquam
299 1353 434 1408 hactenus
457 1369 621 1408 concessum
646 1352 741 1420 doleo,
774 1356 806 1406 ut
829 1351 940 1405 easdem

124 1444 249 1518 singalas
258 1462 500 1518 recognoscerem.
515 1468 529 1498 »
540 1447 596 1501 Hac
606 1446 694 1517 igitur
704 1445 829 1518 generali
841 1444 939 1515 regula

124 1538 260 1608 adhibita,
276 1557 363 1614 quam
376 1540 497 1612 ipsemet
509 1540 691 1595 Notationum
703 1543 802 1595 auctor
815 1538 940 1611 praescri-

123 1631 190 1705 psit,
201 1650 231 1689 se
240 1634 334 1706 ipsum
339 1634 400 1706 jam
409 1634 517 1690 dudum
531 1633 704 1702 emendasse,
715 1649 809 1705 neque
819 1634 940 1702 tamayo

123 1734 237 1798 παιδευτῇ
260 1744 331 1800 opus
348 1728 480 1784 habuisse
502 1727 698 1799 intelligimus.
721 1726 842 1798 Agnovit
863 1725 940 1780 enim

988 506 1044 562 citii
1055 506 1188 562 Lucensis
1197 523 1207 561 1
1216 507 1327 563 decreto
1336 507 1367 564 iu
1377 507 1473 564 sedem
1482 505 1669 578 episcopalem
1676 508 1803 561 erectum

988 601 1178 672 comperimus
1193 599 1221 672 (at
1234 600 1315 672 eique
1332 603 1442 669 familia
1463 603 1549 672 reaia,
1569 599 1625 654 sire
1641 604 1675 654 ul
1694 599 1724 654 in
1742 595 1803 653 aliis

989 695 1206 768 exemplaribus,
1221 697 1332 762 familia
1353 711 1489 752 scraoram
1510 711 1557 750 sea
1576 693 1720 750 attributa.
1736 695 1803 757 Quae

988 792 1084 845 amen
1105 789 1242 862 posterior
1255 790 1338 846 lectio
1353 791 1393 846 sic
1413 788 1593 845 reformanda
1607 788 1718 843 ridetur
1736 804 1803 843 eum

989 882 1141 952 harduino,
1153 889 1186 938 ut
1196 884 1309 956 legatur
1320 886 1437 941 Familia
1448 886 1594 941 Sacrorum
1606 899 1658 954 pro
1667 897 1803 938 scarorum

989 976 1113 1048 vulgata.
1133 979 1261 1034 Testatur
1281 979 1423 1052 siquidem
1447 978 1566 1033 isidorus
1591 976 1631 1047 tri,
1653 975 1803 1032 tlartinum

989 1086 1055 1126 cum
1067 1071 1097 1126 in
1105 1072 1261 1127 Callaeciam
1273 1072 1455 1145 pervenisset,
1471 1094 1485 1122 ιι
1499 1070 1640 1126 conversis
1652 1069 1686 1124 ab
1701 1069 1805 1124 Ariana

989 1163 1134 1236 impietate
1149 1166 1184 1221 ad
1201 1166 1287 1222 fldem
1300 1167 1465 1222 catholicam
1486 1165 1642 1221 Succorum
1655 1163 1768 1235 populis
1789 1186 1802 1210 ιι

990 1275 1056 1314 cum
1076 1260 1263 1315 Theodemiro
1291 1277 1391 1315 eoram
1413 1276 1489 1330 rege,
1509 1282 1522 1308 ιι
1545 1259 1672 1330 regulam
1692 1256 1759 1311 fidei
1776 1260 1806 1313 et

990 1359 1092 1408 sanctae
1107 1354 1254 1424 religionis
1266 1354 1452 1421 constituisse,
1468 1353 1596 1408 ecclesias
1613 1352 1803 1419 confirmasse,

989 1448 1161 1502 monasteria
1175 1448 1342 1516 condidisse,
1356 1453 1410 1502 eto.
1425 1469 1439 1496 ιι
1454 1448 1633 1518 Quapropter
1647 1444 1805 1500 Dumiensis

989 1541 1110 1595 coenobii
1124 1542 1159 1597 ab
1173 1558 1206 1598 eo
1221 1541 1375 1597 constructi
1388 1541 1497 1612 primus
1511 1541 1596 1594 abbas
1609 1545 1636 1594 et
1655 1539 1802 1610 opiscopus

990 1634 1114 1704 effectus,
1130 1635 1183 1689 sibi
1201 1636 1349 1706 assignatae
1368 1636 1490 1690 Familia
1504 1637 1584 1703 repta
1606 1633 1662 1687 sire
1683 1633 1805 1688 Familia

990 1729 1135 1784 Sacrorum
1148 1729 1278 1799 regimen
1296 1728 1447 1799 sumpsisse
1466 1728 1602 1783 dicendus
1614 1727 1735 1781 ridetur.
1750 1727 1803 1779 Ve-

124 1820 212 1878 fuisse
227 1838 317 1877 uuum
336 1822 526 1893 eumdemque
545 1821 695 1877 Martinam
714 1820 895 1875 Damiansem
914 1802 980 1877 elB
990 1838 1056 1877 rum
1066 1822 1121 1876 alio
1132 1840 1218 1879 sensu
1232 1822 1332 1895 synodi
1346 1821 1477 1877 Lucensis
1488 1822 1584 1889 rerba,
1594 1822 1710 1876 Familia
1719 1835 1808 1874 serro-

125 1914 333 1985 Bracarensem‚
348 1920 380 1971 ul
394 1932 429 1971 er
443 1915 598 1970 Annalibus
613 1918 790 1987 compertum
805 1914 942 1968 habemus
989 1932 1050 1971 ram
1072 1916 1349 1988 sea,iute1·prctalur
1371 1916 1480 1971 Garsias
1502 1916 1609 1985 Loaysa
1633 1913 1678 1983 (ι’),
1698 1913 1737 1967 sic
1760 1913 1804 1966 iu-

126 2010 170 2084 (o);
180 2011 231 2084 qui
243 2009 381 2066 nimirum
393 2009 521 2082 primum
533 2009 619 2064 luerit
631 2007 796 2063 monasterii
811 2007 941 2062 Dumien-
991 2008 1111 2081 quiens:
1130 2032 1143 2057 o
1159 2010 1328 2065 Attrihuitur
1343 2010 1369 2065 ei
1386 2013 1497 2065 tantum
1514 2009 1629 2063 Familia
1644 2009 1730 2076 repta,
1752 2006 1807 2059 hoc

126 2106 164 2163 sis
176 2105 333 2178 episcopus,
349 2104 451 2160 deinde
469 2108 606 2175 tanquam
623 2102 857 2174 metropolitanus
873 2118 940 2155 cou-
992 2106 1044 2173 est,
1055 2103 1183 2175 regimen
1193 2103 1587 2170 sanctarummonaelroru1n3
1597 2117 1665 2154 uam
1676 2100 1729 2171 ipsi
1742 2104 1808 2153 suut

125 2199 189 2256 cilio
203 2198 366 2254 Bracarensi
378 2215 398 2252 n
410 2197 585 2270 praesederit.
602 2197 683 2261 Qirod
699 2195 723 2250 si
740 2195 842 2252 alicubi
857 2193 942 2250 etiam
992 2212 1027 2252 er
1041 2198 1120 2269 regia
1136 2197 1256 2265 familia;
1272 2203 1301 2252 et
1319 2197 1386 2251 alibi
1405 2196 1506 2251 dicitur
1525 2196 1640 2250 Familia
1660 2209 1807 2254 serrorum,

125 2292 319 2350 Gallicicnsem
329 2291 492 2364 episcopum
501 2295 565 2362 post
575 2290 741 2363 Gregorium
751 2291 943 2345 Turonensem
992 2291 1042 2364 qui
1062 2291 1171 2348 Christo
1191 2291 1252 2364 regi
1273 2307 1385 2346 summo
1408 2288 1500 2368 dicati,
1524 2288 1650 2342 studium
1674 2303 1759 2341 aurire
1778 2287 1809 2340 iu

127 2386 164 2460 (a)
179 2386 311 2459 appellat,
327 2384 532 2441 existimandus
551 2389 699 2457 propterea
713 2401 780 2439 eam
799 2384 837 2438 sic
855 2382 944 2437 nomi·
993 2385 1071 2442 cultu
1094 2385 1240 2458 religionis
1260 2390 1288 2439 et
1308 2383 1418 2456 prietatis
1438 2383 1586 2437 collocant.
1608 2404 1621 2429 ιι
1644 2383 1700 2436 Cur
1720 2397 1808 2451 porro

124 2496 217 2548 nasse,
231 2479 306 2551 quod
320 2481 439 2534 Bracara
462 2495 518 2549 qua
532 2478 561 2532 in
579 2477 650 2534 urbe
670 2478 794 2548 sedebat,
808 2476 944 2533 Gallaecia
993 2496 1051 2535 non
1078 2479 1226 2535 edisseruit
1250 2479 1391 2550 interpres
1417 2492 1571 2531 numerum
1600 2476 1680 2529 illum
1707 2491 1753 2530 sea
1778 2475 1808 2528 iu

127 2574 293 2646 metropolis
305 2572 403 2628 ordine
417 2573 594 2628 cernebatur.
993 2574 1095 2646 synodi
1114 2576 1248 2628 contextu
1268 2571 1397 2627 additum
1413 2569 1505 2625 uerbis
1526 2568 1569 2636 iis,
1590 2571 1706 2624 llaailia
1723 2583 1810 2623 serao—

165 2668 197 2724 tl.
208 2669 313 2724 Verum
325 2667 370 2721 his
383 2666 484 2734 missis,
499 2671 533 2721 ut
546 2667 581 2722 ad
595 2683 628 2723 ea
640 2667 757 2739 propius
779 2667 945 2723 accedamus
994 2670 1077 2723 crim?
1090 2667 1281 2723 Existimarim
1298 2665 1431 2736 equidem
1444 2679 1497 2736 pro
1516 2679 1562 2719 soa
1582 2663 1638 2733 (Vl)
1655 2661 1809 2716 rescriben-

128 2777 193 2834 quoa
218 2766 286 2817 suut
304 2761 413 2833 reliqua
429 2759 464 2814 de
488 2760 609 2832 praesule
629 2766 725 2815 nostro
748 2762 915 2831 enarranda,
930 2780 944 2817 e
995 2762 1063 2817 dum
1075 2762 1257 2830 aadcciaill'l)
1268 2764 1300 2813 ut
1310 2758 1487 2829 intelligatur
1500 2758 1598 2815 Christi
1609 2774 1616 2810 :
1629 2771 1683 2825 qua
1692 2754 1809 2825 quidem

127 2857 270 2914 Pannonia
286 2855 428 2926 digressus
445 2853 501 2922 ille,
518 2854 549 2907 in
565 2853 708 2908 Orientem
722 2858 784 2908 lum
801 2854 946 2926 roligionis
995 2854 1172 2909 restitutione
1187 2853 1317 2920 admissa,
1331 2851 1419 2922 proba
1433 2849 1521 2905 rideri
1534 2853 1618 2921 queat
1629 2847 1731 2904 Garsiae
1744 2864 1807 2901 scu·

128 2955 191 3006 tum
212 2950 372 3004 litterarum
394 2945 593 3002 discendarum
614 2946 705 3018 gratia
722 2946 865 3018 protectus
888 2953 943 3015 est;
994 2948 1092 3014 tentia,
1105 2951 1136 3002 ut
1145 2946 1246 3018 syrrodi
1255 2946 1333 3000 locus
1342 2945 1496 3017 accipiatur
1505 2944 1540 2999 de
1550 2943 1667 3000 Familia
1676 2957 1811 2996 serrorum

129 3043 205 3098 unde
217 3046 314 3114 postea
327 3039 418 3096 redux
431 3040 459 3094 in
474 3039 633 3093 Callaeciam
644 3040 782 3110 pervenit,
793 3044 825 3095 ut
838 3058 872 3095 or
882 3042 945 3096 Grc-
962 3071 964 3076 v
996 3043 1105 3100 Christi.

129 3136 208 3209 gorio
221 3133 377 3190 Turonensi
393 3133 423 3202 (c)
443 3137 471 3187 et
484 3131 600 3187 lsidorio
620 3133 779 3206 hispalensi
796 3134 828 3205 (n
849 3135 944 3189 erudi-

130 3246 210 3300 mur;
222 3243 344 3301 qaorum
359 3226 437 3298 prior
452 3224 583 3280 disertius
598 3224 659 3290 haec
671 3227 774 3282 habet:
787 3249 799 3276 a
814 3228 947 3283 tlartiuus

130 3321 301 3380 Galliciensis
311 3320 460 3393 episcopus
473 3320 625 3375 Pannoniae
639 3325 717 3375 ortus
729 3320 793 3390 fuit,
807 3327 836 3376 et
847 3322 946 3377 exinde

130 3417 166 3474 ad
184 3415 322 3472 visitanda
342 3415 403 3470 loca
421 3418 518 3469 sancta
531 3413 561 3468 in
579 3406 723 3468 Orientem
738 3431 903 3486 properans,
918 3415 948 3470 in

130 3517 242 3569 tantmn
251 3527 280 3566 se
288 3509 389 3564 litteris
398 3507 511 3577 imbuit,
522 3512 556 3562 ut
565 3507 637 3562 nulli
645 3508 801 3563 secuudum
812 3509 869 3563 suis
879 3514 948 3564 teru-

130 3605 246 3679 poribus
258 3604 421 3658 haberetur.
436 3600 542 3656 Exinde
556 3601 700 3656 Galliciam
719 3602 804 3670 veuit,
820 3602 869 3658 ubi
883 3621 948 3658 curn

130 3697 206 3754 beati
223 3695 334 3751 Martini
354 3695 483 3766 reliquiae
495 3698 686 3765 portarentur,
701 3695 849 3767 episeopus
869 3697 946 3750 ordi-

132 3795 226 3846 natur.
234 3787 468 3844 »Posteriorrcro
480 3803 487 3841 :
497 3806 510 3838 a
520 3786 663 3856 ltlartinus,
675 3787 777 3860 inquit,
790 3789 947 3843 Dumiensis

131 3879 947 3953 monasteriisanctissunnspontilex‚exorientispartibus

131 3976 278 4048 navigans,
292 3975 322 4029 in
335 3974 493 4030 Gallaeciam
512 3975 598 4029 vonit.
613 3996 627 4023 a
642 3976 727 4030 Porro
747 3980 778 4030 ut
790 3976 877 4030 sancti
895 3992 947 4032 an-

131 4069 225 4126 tistitis
246 4067 416 4142 Hispalensis
438 4068 531 4138 verba,
547 4067 649 4140 quibus
668 4072 730 4123 tum
756 4068 812 4138 hic,
835 4073 898 4124 tum
918 4069 948 4124 in

132 4163 272 4221 Chronico
292 4162 447 4218 Sacrorum
465 4162 517 4216 sub
535 4161 622 4217 finem
645 4160 691 4232 (q),
712 4162 863 4217 Martinam
890 4164 947 4218 llu-

133 4257 250 4314 miensis
269 4255 435 4312 monasterii
457 4254 619 4327 pontificem
633 4261 660 4309 et
674 4254 837 4327 episcopum
858 4262 947 4326 rorat,

1032 3135 1076 3190 ltt.
1093 3136 1240 3206 Utcunque
1255 3139 1350 3189 autem
1364 3151 1408 3189 res
1422 3133 1576 3199 schabest,
1598 3131 1731 3186 idertiuus
1750 3130 1810 3201 epri-

996 3229 1103 3300 seopali
1115 3229 1275 3283 charactere
1288 3228 1452 3298 insignitus,
1466 3232 1620 3298 antequam
1634 3225 1729 3280 sedem
1743 3227 1811 3279 Bra-

996 3340 1142 3379 carenscm
1154 3323 1330 3391 obtinuisset,
1341 3322 1459 3377 concilio
1476 3320 1636 3375 bracarensi
1651 3336 1660 3373 ι
1674 3319 1813 3390 subscrip-

997 3423 1071 3472 serat
1084 3418 1122 3487 (ι),
1140 3417 1216 3489 quod
1229 3417 1301 3471 male
1321 3415 1351 3471 in
1369 3415 1451 3470 editis
1472 3415 1570 3470 ordine
1591 3430 1612 3467 ιι
1629 3412 1811 3483 inscribitur3

998 3511 1133 3583 adeoque,
1144 3515 1177 3566 ut
1192 3514 1265 3565 recte
1278 3509 1374 3582 arguit
1386 3509 1562 3565 hlallillonius
1576 3507 1620 3579 (aa)
1637 3530 1649 3556 o
1665 3507 1688 3561 si
1700 3512 1761 3562 ecla
1771 3526 1814 3578 sy-

998 3605 1066 3661 nodi
1084 3604 1215 3660 anensis
1229 3605 1504 3659 1conferanturcum
1515 3602 1621 3674 syuodo
1632 3602 1794 3656 Bracarensi
1805 3620 1814 3656 1

997 3702 1097 3754 annot
1114 3698 1189 3770 regis
1203 3698 1381 3754 Theodcmiri
1394 3698 1450 3752 sire
1464 3695 1567 3752 Christi
1581 3699 1632 3750 563
1648 3695 1753 3765 habita,
1768 3696 1815 3750 cui

997 3791 1131 3847 ltlartinus
1146 3793 1207 3862 jam
1229 3792 1375 3863 episeopus
1396 3789 1555 3847 Dumieusis
1571 3789 1753 3860 subscripsit;
1771 3791 1783 3843 l
1803 3821 1813 3830 -

998 3885 1049 3940 cile
1072 3884 1264 3956 intelligemus
1286 3885 1435 3939 concilium
1462 3887 1628 3938 Bracarense
1648 3900 1657 3937 1
1675 3883 1815 3953 posterius

998 3995 1056 4033 esse
1065 3965 1182 4033 Lucensi
1191 3978 1289 4033 itidem
1298 3995 1317 4047 ι,
1329 3977 1357 4032 in
1369 3994 1425 4048 quo
1437 3977 1554 4032 ltarlino
1564 3976 1657 4030 abbati
1669 3977 1815 4030 Durnieusi

998 4072 1164 4144 episcopalis
1176 4071 1298 4142 dignitas
1310 4076 1338 4126 et
1351 4071 1421 4126 ditio
1433 4088 1563 4126 concessa
1577 4076 1629 4124 est.
1645 4093 1657 4118 ιι
1680 4070 1815 4142 Deinceps

997 4182 1063 4221 vero
1073 4166 1263 4237 metropolitae
1280 4165 1444 4220 Bracareusi
1458 4165 1586 4220 Lucretio
1599 4164 1746 4218 decedenti
1760 4165 1815 4218 sus-

997 4259 1086 4315 fectus
1097 4258 1262 4332 perhibetur
1271 4259 1386 4313 antistes
1396 4264 1491 4313 noster
1503 4258 1661 4312 Dumiensis
1677 4274 1683 4308 :
1697 4275 1753 4328 quo
1763 4275 1814 4311 au-

133 4351 186 4408 rito
203 4350 408 4424 percipiantur,
430 4349 712 4405 animadvertendum
732 4349 883 4420 presulem
900 4368 948 4405 uo-
998 4357 1056 4409 tem
1068 4370 1152 4421 auno,
1168 4352 1244 4408 haud
1263 4352 1330 4408 satis
1349 4352 1446 4424 liquet.
1467 4354 1542 4406 llane
1563 4355 1637 4405 certe
1655 4369 1756 4406 uorum
1775 4352 1816 4405 di.-

133 4449 224 4500 strum
237 4445 272 4499 de
290 4456 348 4516 quo
361 4443 516 4516 loquimur,
528 4443 681 4498 edificasse
693 4442 722 4497 in
735 4442 846 4511 Damio,
861 4444 948 4498 nobili
999 4446 1135 4518 gnitatem
1162 4447 1269 4502 dudum
1295 4450 1462 4501 consecutus
1495 4445 1580 4499 tuisse
1612 4446 1816 4499 existimandus

132 4537 346 4592 Tarraconensis
366 4537 505 4608 Hispania
528 4536 641 4609 oppido,
660 4535 706 4591 rix
728 4553 785 4591 uuo
807 4537 921 4592 milliari
933 4539 1074 4611 aDauno
1084 4544 1211 4612 ittaque
1221 4538 1335 4612 praefuit
1344 4539 1462 4594 concilio
1472 4539 1744 4610 Bracarensiuquod
1755 4557 1816 4609 per-

133 4631 250 4685 Braeara
268 4629 399 4700 distante,
417 4630 528 4685 illustre
542 4630 702 4685 coenobium
718 4630 839 4687 instituti
859 4632 947 4686 Bene-

131 4723 240 4792 dictiui,
252 4728 284 4778 ut
293 4723 444 4778 concilium
456 4724 624 4778 toletanum
634 4740 660 4790 ι,
676 4739 750 4777 ιιιιιιο
761 4727 811 4779 656
822 4725 947 4779 celebra-

134 4821 205 4885 tum,
220 4816 352 4888 perhibet
366 4816 442 4872 hisce
456 4816 548 4872 vorbis
558 4816 593 4887 (t)
605 4832 611 4868 :
624 4837 637 4865 a
653 4816 781 4870 Delatum
795 4822 837 4872 est
847 4818 882 4872 ad
896 4835 948 4873 uos

130 4910 160 4965 in
174 4916 315 4965 conventu
325 4911 415 4966 sancti
428 4909 586 4966 concilii...
602 4912 804 4964 testamentum
819 4910 948 4981 gloriosae

131 5005 277 5059 memoriae
296 5004 384 5059 sancti
403 4990 514 5059 htarliui
539 5002 663 5059 ecclesiae
688 5004 865 5058 Bracarensis
885 5005 947 5078 epi·

133 5097 219 5171 scopi,
234 5097 283 5170 qui
295 5101 323 5153 et
338 5097 489 5152 Dumiense
506 5096 709 5152 monasterium
728 5098 802 5151 risus
821 5102 863 5153 est
879 5115 946 5154 con-

134 5241 329 5378 Kagotst'llaron.
352 5253 443 5308 Notat.
468 5251 497 5306 in
517 5253 629 5322 llarlyr.
655 5253 737 5310 Rom.
764 5253 800 5308 ad
821 5251 896 5309 diem
920 5270 948 5310 rr

187 5364 193 5377 .
224 5340 263 5379 u.

169 5393 203 5468 (b)
219 5395 271 5463 ιιι,
284 5396 319 5451 ad
331 5411 397 5450 ann.
411 5397 474 5459 257,
488 5393 504 5465 §
517 5396 542 5449 3.

169 5465 465 5609 (Qldqadannbtiss,
481 5468 658 5591 ῗ1291571,
674 5465 690 5537 ξ
704 5469 748 5521 10.

170 5544 178 5614 (
220 5538 383 5619 Greg3l'ur.
398 5536 467 5592 tlist.
492 5535 579 5593 'iane
594 5536 644 5595 lib.
658 5553 674 5591 v
688 5553 749 5608 cap.
765 5540 809 5595 38.

168 5609 202 5748 iii
217 5608 396 5783 'iiiaiirisp
420 5678 470 5733 m.
486 5679 520 5736 ae
534 5678 590 5735 ιιι.
611 5679 712 5736 arrasa.
735 5697 796 5753 ap.
822 5685 854 5737 ss
878 5682 944 5739 ena

134 5751 247 5894 Brigilid
261 5751 368 5882 illiciti.
380 5824 461 5882 Suer.
476 5839 542 5897 pag.
559 5823 609 5881 lot
620 5822 688 5881 edit.
703 5823 789 5882 Paris.
806 5828 882 5884 1601.

998 4650 1095 4706 peram
1108 4634 1138 4688 in
1157 4633 1278 4689 editione
1292 4633 1437 4688 Labbeana
1458 4633 1561 4688 dicitur
1579 4649 1607 4686 ιιι
1628 4633 1674 4699 (ιι).
1690 4632 1815 4702 lienique

997 4727 1193 4799 postplurima
1202 4728 1339 4782 virtutum
1352 4727 1472 4797 iusignia
1485 4727 1588 4797 quibus
1602 4725 1650 4779 Dei
1663 4725 1813 4779 Ecclesiam

998 4821 1147 4876 illustravit
1160 4821 1190 4874 in
1203 4822 1284 4876 coelos
1296 4821 1439 4892 migravit.
1454 4821 1519 4890 Ejus
1532 4820 1641 4874 obitum
1662 4818 1815 4889 Gregorius

998 4915 1169 4971 Turonensis
1186 4932 1261 4970 anno
1272 4919 1287 4970 e
1298 4914 1469 4970 Childeberti
1480 4915 1499 4968 ll
1510 4913 1659 4984 consignat
1673 4912 1720 4983 (o),
1735 4912 1816 4965 adeo-

998 5024 1054 5082 que
1074 5024 1241 5080 supremum
1263 5008 1339 5064 diem
1359 5007 1492 5062 clauserit
1512 5005 1692 5062 beatissimus
1710 5006 1813 5076 praesul

998 5119 1073 5159 anno
1088 5105 1149 5175 380,
1163 5104 1194 5158 in
1207 5119 1294 5175 quem
1304 5103 1387 5174 juata
1401 5102 1628 5156 communiorem
1646 5099 1814 5154 seutentiam

997 5259 1069 5383 vti)
1082 5257 1190 5385 ltiolqlqil.
1204 5262 1275 5312 tom.
1289 5257 1343 5322 Vll,
1358 5272 1425 5327 pag.
1441 5255 1503 5325 182,
1519 5273 1543 5323 c,
1565 5253 1697 5311 editionis
1715 5252 1814 5324 prima

1021 5346 1067 5386 en.
1102 5346 1118 5384 a
1161 5371 1167 5384 .

1034 5403 1062 5468 (a)
1075 5400 1179 5458 Concil.
1193 5401 1334 5467 tanath,
1349 5414 1415 5470 pag.
1428 5401 1490 5465 557,
1505 5415 1531 5453 a.

1032 5472 1064 5542 (j)
1078 5472 1153 5541 lsid.,
1167 5472 1220 5528 loc.
1232 5472 1279 5527 cit.

1033 5545 1067 5611 (lc)
1079 5543 1184 5598 Concit.
1199 5549 1270 5599 tom.
1282 5545 1326 5612 ιἰ,
1340 5561 1396 5616 pag
1409 5544 1470 5607 570,
1488 5556 1513 5595 c.

1033 5614 1061 5683 tl}
1074 5614 1155 5679 thid,
1171 5631 1237 5686 pag.
1252 5617 1314 5682 ιιι,
1329 5633 1365 5682 c.

1033 5686 1077 5756 (m)
1091 5684 1202 5755 habili,
1217 5703 1253 5757 pa
1277 5687 1359 5755 λιιι,
1374 5686 1390 5757 5
1403 5689 1445 5740 tl.

1033 5757 1069 5824 (a)
1083 5755 1167 5828 Greg.
1182 5702 1312 5812 Tuniib.
1327 5773 1344 5810 r
1358 5773 1439 5829 capp.
1455 5755 1488 5812 34
1502 5760 1531 5811 et
1544 5758 1588 5811 38.

1034 5828 1066 5899 (o)
1079 5829 1185 5884 ttoncil.
1200 5832 1220 5884 t.
1239 5845 1274 5900 rr,
1290 5845 1319 5902 p.
1335 5831 1386 5885 575
1402 5833 1430 5885 ct
1442 5830 1502 5898 58t,
1517 5827 1544 5882 d.
