3884 6150
18 283 25 295 ,
127 229 191 285 lost
695 229 822 285 SAECULl
841 227 936 285 Slillll
955 226 1230 286 SUPPLEMENTUM.
1742 231 1804 286 loti

125 337 283 405 confusum,
299 341 326 391 et
339 333 446 390 anobis
454 339 618 407 purgatum,
629 335 708 406 quasi
721 336 844 408 quodam
853 352 934 391 muro
947 336 1091 420 Aeriatur
1101 337 1209 409 aliquid
1223 336 1310 391 intali
1319 341 1401 409 prato
1413 335 1568 408 spinosum.
1579 335 1643 407 -ξ
1657 338 1703 390 lt).
1717 334 1769 390 Sed
1779 341 1805 392 et

124 431 269 500 vallatum,
282 427 355 483 nihil
369 432 448 483 extra
462 444 492 481 se
505 427 623 483 habeat:
633 429 765 483 omnibus
777 430 939 487 auctoribus
989 429 1010 483 si
1026 445 1089 500 quae
1099 430 1177 501 leges
1191 429 1221 484 in
1233 430 1374 486 veteribus
1387 429 1464 486 libris
1474 430 1583 502 posita,
1595 428 1702 502 jamin
1714 429 1804 484 desue-

120 524 196 595 J'uris
210 538 291 594 aequa
303 520 442 591 dignitate
456 521 638 593 pollentibus,
655 527 683 577 et
693 522 804 577 nemini
816 524 939 594 quadam
988 522 1116 577 tudinem
1128 522 1269 593 abierunt,
1284 523 1460 578 nullomodo
1474 523 1552 578 vobis
1566 523 1686 578 easdem
1704 537 1803 593 ponere

125 615 311 690 praerogativa
325 614 471 681 servanda,
486 614 616 685 quianon
626 631 724 670 omnes
738 615 879 686 inomnia,
891 617 940 672 sed
988 615 1188 685 permittimus,
1205 619 1278 670 'eum
1295 616 1356 670 haic
1380 616 1577 671 tantummodo
1596 615 1730 670 obtinere
1745 615 1804 669 reli

127 710 194 765 certi
203 724 255 780 per
268 711 354 778 certa,
364 707 407 762 vel
420 707 559 776 meliores,
568 709 611 762 vel
621 709 774 763 deteriores
787 709 938 764 inveniun-
988 724 1052 762 mus
1065 724 1129 779 quae
1142 708 1186 763 vel
1195 708 1368 779 judiciorum
1383 708 1632 781 frequentissimus
1648 707 1720 762 ordo
1732 724 1804 762 erer-

125 809 182 858 tur.
198 831 232 842 -
245 799 499 873 §6.Seduequecx
512 801 939 874 multitudineauctorum,quod
989 799 1055 867 cuit,
1070 801 1113 856 vel
1128 801 1213 874 longa
1231 803 1405 857 consuetudo
1425 802 1511 873 hujus
1525 802 1611 856 alma
1632 800 1716 855 urbis
1731 817 1803 855 com·

125 894 227 950 melius
250 898 278 949 et
301 893 408 966 aequius
431 896 482 963 est,
494 894 660 965 judicatote,
674 912 739 950 cum
753 895 843 966 possit
855 896 939 950 unius
988 893 1124 964 probavit,
1134 895 1291 950 secundum
1299 894 1495 966 salviijtuliani
1504 895 1758 966 scripturamque
1768 895 1805 948 in·

128 986 264 1061 [forsitan]
278 991 307 1042 et
314 987 463 1042 deterioris
476 987 625 1055 sententia,
641 993 669 1042 et
682 989 794 1057 multas,
809 994 837 1044 et
848 989 937 1061 majo·
989 984 1063 1041 dicat
1075 986 1176 1043 debere
1189 986 1287 1043 omnes
1306 988 1431 1043 civitates
1449 987 1693 1043 consuetudinem
1713 987 1803 1042 Rome

126 1098 172 1136 res
184 1081 214 1136 in
227 1081 320 1152 aliqua
331 1085 410 1152 parte
424 1097 569 1152 superare.
580 1081 614 1134 Et
623 1080 727 1136 ideoea
741 1098 805 1152 quae
820 1082 939 1137 anteain
988 1079 1068 1150 sequi
1083 1077 1121 1152 [et
1132 1080 1230 1152 legesl,
1245 1097 1310 1153 quae
1328 1086 1412 1151 caput
1426 1085 1467 1136 est
1480 1080 1558 1135 orbis
1575 1085 1735 1147 terrarum,
1750 1097 1802 1135 non

127 1174 201 1229 notis
215 1174 308 1228 AEmili
325 1173 473 1245 Papiniani
488 1176 516 1227 et
531 1173 657 1245 Ulpiano,
671 1177 700 1228 et
712 1175 809 1243 Paulo,
828 1190 940 1230 necnon
973 1171 1079 1243 ipsam
1088 1172 1156 1227 alias
1165 1173 1298 1229 civitates.
1311 1175 1432 1229 Romam
1443 1177 1538 1229 autem
1552 1171 1744 1244 intelligimus
1751 1188 1801 1228 nou

126 1267 264 1323 llarciano
278 1267 398 1337 ascripta
413 1270 488 1335 sunt,
503 1283 568 1338 quae
587 1270 671 1321 antea
680 1267 790 1321 nullam
801 1267 858 1321 vim
871 1267 941 1322 obti·
990 1265 1082 1319 solum
1106 1254 1239 1335 veter'em,
1266 1267 1316 1322 sed
1337 1266 1424 1321 etiam
1445 1265 1555 1338 regiam
1579 1267 1724 1334 nostram,
1744 1282 1800 1338 qua

127 1360 232 1416 nebant
249 1366 366 1432 propter
384 1359 522 1414 honorem
543 1359 763 1430 splendidissimi
779 1360 939 1432 Papiniani,
990 1358 1046 1413 lieo
1058 1358 1181 1431 propitio
1195 1375 1261 1414 curn
1276 1359 1442 1414 melioribus
1456 1359 1570 1414 condita
1583 1363 1628 1414 est
1640 1358 1770 1430 auguriis.

126 1471 185 1509 uon
198 1454 293 1509 statim
309 1469 440 1524 respuere
452 1470 460 1521 ;
475 1453 523 1507 sed
536 1452 558 1507 si
573 1452 641 1525 quid
654 1468 688 1507 ex
700 1452 744 1508 uis
756 1453 792 1508 ad
805 1454 938 1526 repletio·
1025 1451 1041 1523 5
1057 1455 1097 1506 ll.
1115 1451 1180 1507 ldeo
1190 1452 1324 1523 jubemus
1338 1452 1448 1508 duobus
1461 1452 1523 1507 istic
1542 1451 1696 1507 stoffioibus
1711 1453 1795 1507 omnia

127 1563 194 1602 nem
205 1545 308 1600 summi
320 1546 430 1617 ingenii
439 1545 585 1617 Papiniani
595 1545 735 1615 laborum,
749 1547 792 1600 vel
803 1546 941 1619 interpre-
990 1543 1143 1615 gubernari
1157 1561 1164 1599 ε
1182 1561 1239 1599 uno
1253 1545 1497 1615 constitutionum,
1508 1546 1600 1600 altero
1611 1544 1688 1615 juris
1701 1546 1794 1600 euucle·

126 1640 260 1695 tationem
275 1641 463 1694 necessarium
477 1655 535 1693 esse
550 1639 759 1710 perspexeritis,
775 1644 804 1694 et
816 1640 869 1695 hoc
886 1657 938 1711 po·
989 1637 1028 1692 ati
1041 1642 1069 1692 et
1083 1638 1112 1692 in
1128 1637 1254 1693 futurum
1267 1638 1399 1694 Codicem
1413 1637 1618 1710 componendi,
1635 1637 1680 1691 vel
1694 1637 1715 1691 si
1736 1638 1792 1709 quid

127 1749 205 1801 nere,
220 1731 289 1803 legis
301 1732 391 1786 vicem
400 1732 538 1802 obtinens,
548 1749 605 1786 non
616 1731 783 1787 moremini:
793 1736 938 1802 utomues,
949 1715 978 1787 Β
989 1729 1065 1784 aliud
1075 1729 1486 1804 anobislueritpromulgatum
1495 1731 1709 1786 institutionum
1717 1730 1790 1786 vicem

128 1826 178 1898 qui
188 1824 267 1879 relati
276 1825 383 1880 tuerint
393 1825 422 1879 in
432 1825 509 1880 hunc
519 1825 650 1881 Codieem
660 1826 939 1897 prudentissimiviri,
991 1823 1139 1890 obtinens,
1154 1828 1185 1877 ut
1199 1824 1277 1878 rudis
1290 1825 1404 1879 animus
1419 1824 1536 1879 studiosi
1550 1824 1724 1895 simplicibus
1736 1840 1789 1879 enu-

127 1918 467 1993 habeant‘auctoritatem,
488 1921 626 1989 tanquam
648 1919 671 1973 si
689 1936 788 1974 eorum
801 1920 893 1975 studia
906 1935 941 1975 ex
990 1915 1083 1983 tritus,
1096 1916 1205 1971 facilius
1220 1916 1255 1971 ad
1266 1917 1370 1972 altioris
1381 1917 1540 1989 prudentiae
1555 1918 1702 1989 redigatur
1712 1917 1786 1972 scien·

126 2007 326 2083 principalibus
347 2010 595 2067 constitutionibus
615 2011 752 2084 prolecta,
772 2015 827 2066 eta
845 2018 941 2068 nostro
991 2009 1068 2063 tiam.
1084 2039 1118 2048 —
1139 2006 1155 2080 ξ
1176 2011 1218 2064 lt.
1243 2009 1371 2064 Nostram
1393 2016 1489 2065 autam
1516 2010 1786 2077 consummationem,

127 2105 222 2159 divino
235 2104 514 2176 tuerintoreprofusa
525 2121 532 2158 :
542 2105 638 2160 omnia
646 2105 721 2160 enirn
733 2106 833 2161 merito
842 2111 941 2161 nostra
990 2119 1053 2174 quaa
1063 2101 1168 2156 anobis
1182 2102 1239 2156 [teo
1253 2107 1398 2158 annuente
1414 2107 1613 2174 componetur,
1628 2103 1785 2173 Digestorum

127 2196 255 2265 iacimus,
271 2197 337 2267 quia
349 2213 383 2251 ex
397 2196 478 2251 nobis
493 2197 586 2252 omnis
600 2198 640 2252 eis
653 2197 939 2269 impertieturaucto-
989 2196 1033 2249 vel
1058 2195 1266 2249 Paudectarum
1289 2211 1393 2251 nomen
1420 2195 1525 2251 habere
1547 2196 1700 2265 sancimus,
1719 2196 1786 2249 nullis

126 2290 209 2359 ritas;
223 2306 288 2344 nam
303 2289 352 2361 qui
368 2289 443 2362 [non]
456 2291 597 2346 subtiliter
607 2291 712 2346 iactum
726 2292 867 2360 emendat,
883 2293 940 2346 lau·
986 2287 1168 2360 jurisperitis
1180 2287 1211 2342 iu
1225 2291 1370 2360 posterum
1390 2288 1560 2344 audentibus
1587 2288 1786 2343 commentarios

127 2381 247 2437 debilior
260 2387 302 2437 est
315 2398 348 2438 co
357 2383 406 2454 qui
419 2383 529 2454 primus
541 2383 660 2439 invenit.
674 2415 708 2423 —-
718 2383 767 2456 §l
779 2384 833 2439 Sed
847 2387 876 2438 et
887 2384 940 2440 hoc
990 2380 1029 2435 illi
1053 2382 1195 2452 applicare
1214 2385 1243 2436 et
1263 2381 1430 2436 verbositate
1452 2398 1502 2437 sua
1524 2381 1681 2454 supradicti
1697 2382 1785 2436 Codicis

127 2475 284 2530 studiosum
296 2475 374 2529 vobis
387 2476 593 2544 essevolumus,
602 2477 665 2531 utsi
677 2477 747 2547 quid
758 2477 788 2531 in
801 2477 941 2533 veteribus
990 2473 1190 2545 compendium
1204 2474 1377 2530 confundere
1394 2491 1401 2529 ε
1420 2474 1667 2546 quemadmodum
1688 2475 1716 2529 in
1726 2475 1784 2529 auti-

126 2584 184 2623 non
195 2568 265 2623 bene
279 2567 403 2640 positum
412 2568 491 2623 libris
504 2569 661 2637 inveniatis,
675 2569 941 2642 velaliquidsuper-
989 2567 1134 2640 quioribus
1148 2567 1342 2640 [temporibus]
1358 2567 1531 2637 factumest,
1547 2584 1614 2622 cum
1633 2584 1683 2639 per
1695 2574 1784 2622 contra·

127 2661 228 2729 fluum,
242 2662 285 2717 vel
294 2661 389 2716 minus
399 2661 556 2732 perfectum
570 2661 752 2735 [supervacua
762 2663 940 2735 longitudine
990 2661 1045 2715 rias
1057 2660 1307 2732 interpretantium
1317 2661 1471 2716 sententias
1485 2665 1581 2716 totum
1591 2661 1640 2733 jus
1654 2677 1722 2732 pene
1734 2677 1784 2715 cou·

127 2760 245 2822 semota,
260 2758 288 2810 et
301 2755 376 2827 quod
383 2754 593 2828 imperfectum]
607 2758 649 2810 est
659 2756 801 2828 repleatis,
816 2763 844 2812 et
856 2772 941 2811 omne
989 2755 1134 2810 turbatum
1146 2759 1188 2809 est
1198 2771 1205 2821 3
1217 2754 1265 2810 sed
1278 2753 1397 2810 sufficiat
1409 2770 1461 2826 per
1480 2753 1590 2810 iudices
1610 2752 1785 2810 tautummodo

127 2864 200 2922 opus
212 2849 401 2918 moderatum,
413 2852 440 2903 et
448 2865 534 2920 quam
542 2849 767 2921 pulcherrimum
777 2849 938 2905 ostendatis.
990 2852 1017 2902 et
1031 2846 1364 2903 titulorumsubtilitatem
1374 2845 1786 2920 [quaesscapctcntassnuueupantur]

126 2942 182 2997 Hoc
198 2942 284 2996 etiam
298 2942 482 2996 nihilomiuus
497 2941 683 3010 observando,
703 2945 733 2997 ut
754 2942 777 2997 si
791 2942 896 3014 aliquid
909 2943 939 2997 in
989 2941 1120 3012 quaedam
1132 2940 1323 2995 admonitoria
1335 2940 1395 3012 ejus
1405 2940 1507 3010 facere,
1518 2940 1600 2995 nullo
1617 2957 1651 2995 ex
1671 2941 1788 3012 interpre

125 3034 268 3089 veteribus
281 3033 402 3105 legibus,
416 3036 460 3089 vel
477 3035 733 3103 constitutionibus,
748 3052 817 3106 quas
831 3034 940 3106 antiqui
950 3075 979 3151 C
990 3033 1097 3088 tatione
1109 3049 1208 3088 eorum
1220 3032 1286 3089 vitio
1302 3032 1432 3088 oriundo.
1448 3063 1482 3074 -
1495 3033 1512 3106 fi
1524 3036 1568 3089 13.
1584 3035 1625 3088 Ne
1643 3038 1736 3088 autem
1752 3049 1788 3104 per

127 3126 220 3181 iusuis
227 3125 307 3179 libris
314 3130 480 3196 posuerunt,
487 3144 546 3182 non
555 3130 629 3182 recte
637 3128 773 3199 seriptum
781 3128 940 3197 inveniatis,
990 3126 1156 3197 scripturam
1168 3125 1265 3197 aliqua
1276 3125 1340 3194 ¹,ilat
1353 3125 1384 3180 in
1397 3131 1544 3197 posterum
1557 3124 1708 3194 dubitatio,
1721 3125 1787 3197 jube·

127 3225 156 3276 et
170 3221 223 3275 lroc
236 3219 404 3287 reformetis,
419 3224 447 3275 et
456 3219 548 3274 ordini
561 3220 879 3288 moderatotradatis,ut
888 3222 942 3276 hoc
991 3235 1055 3274 mus
1067 3235 1124 3274 nou
1139 3235 1191 3290 par
1203 3218 1374 3291 simplorum
1394 3219 1537 3291 captiones
1557 3222 1589 3274 et
1608 3218 1790 3290 compendiosa

126 3312 255 3368 videatur
267 3328 327 3366 esse
340 3327 448 3380 verum,
464 3316 493 3367 et
505 3311 656 3384 optimum,
670 3316 698 3368 et
710 3313 791 3385 quasi
811 3313 846 3368 ab
860 3313 942 3369 initio
991 3312 1152 3384 aenigmata,
1165 3329 1230 3384 quae
1251 3312 1356 3367 multas
1374 3328 1468 3385 perse
1483 3315 1513 3366 et
1528 3327 1584 3384 per
1601 3329 1688 3367 suum
1707 3312 1790 3367 vidum

127 3405 276 3477 scriptum,
286 3405 388 3477 quoda
403 3404 480 3459 vobis
488 3405 618 3472 electum,
626 3405 698 3460 etibi
708 3406 830 3477 positum
845 3407 940 3462 fuerit.
991 3405 1159 3460 antinomias
1169 3405 1351 3475 induxerunt,
1362 3405 1489 3477 ejusdem
1500 3405 1612 3461 Codicis
1621 3408 1728 3461 textum
1740 3421 1789 3460 cor·

127 3500 162 3553 Et
175 3515 260 3554 nemo
281 3515 315 3554 ex
334 3497 542 3569 comparatione
563 3498 664 3553 veteris
684 3499 844 3567 voluminis,
862 3499 943 3572 quasi
991 3497 1084 3565 scribi,
1105 3498 1214 3554 etiamsi
1234 3513 1371 3553 numerus
1393 3498 1530 3553 librorum
1555 3497 1739 3571 significetur,
1754 3499 1789 3551 aut

126 3590 257 3646 vitiosam
269 3591 439 3662 scripturam
452 3607 573 3662 arguere
587 3590 699 3647 audeat.
711 3592 780 3647 Cum
791 3592 868 3647 enim
880 3593 942 3664 lege
990 3591 1066 3645 aliud
1080 3591 1235 3663 quidquam
1242 3609 1249 3660 ;
1266 3607 1318 3646 uec
1330 3590 1406 3646 anim
1414 3608 1465 3663 per
1474 3591 1608 3663 specialia
1621 3592 1704 3663 signa
1712 3607 1789 3646 nume

126 3685 253 3758 antiqua,
267 3699 331 3756 qnae
343 3684 433 3755 Regia
445 3684 671 3756 nuncupabatur,
685 3700 768 3740 omne
778 3685 826 3755 jus
839 3685 943 3739 omnis·
991 3700 1090 3739 rorum
1103 3684 1286 3754 manifestari,
1294 3684 1342 3739 sed
1350 3684 1789 3757 perlitteranrmcousequeuu'am

127 3774 943 3852 quepotestaspopuliRomaniinimperetoriamtranslata
992 3777 1137 3847 explanari
1158 3777 1348 3831 concedimus.
1372 3809 1406 3816 —
1425 3777 1441 3850 g
1460 3778 1503 3833 ll.
1522 3779 1588 3833 llaec
1610 3779 1699 3850 igitur
1713 3777 1789 3833 omnir

127 3875 193 3927 sunt
207 3875 384 3942 potestatem,
408 3887 458 3925 nos
480 3886 546 3924 vero
560 3869 733 3925 sanctionem
755 3886 871 3925 omnem
885 3886 943 3925 non
992 3871 1048 3925 lieo
1064 3870 1174 3941 placido
1186 3869 1278 3925 lacere
1289 3873 1337 3924 tua
1346 3871 1496 3942 prudentia
1507 3887 1637 3927 unacum
1645 3872 1706 3927 aliis
1716 3873 1789 3926 sacrm

128 3963 281 4020 dividimus
292 3962 322 4016 in
339 3963 418 4031 alias,
441 3965 470 4016 et
493 3963 560 4016 alias
576 3962 755 4018 conditorum
777 3968 879 4035 partes,
893 3962 944 4020 sed
993 3962 1115 4018 dissimis
1128 3962 1195 4017 viris
1208 3962 1326 4031 studeat,
1344 3967 1373 4018 et
1386 3967 1443 4018 tam
1456 3963 1552 4019 subtili
1566 3982 1655 4038 quam
1664 3965 1789 4020 celerrimo

126 4063 214 4114 totam
229 4058 354 4114 nostram
367 4070 426 4110 esse
440 4055 583 4121 volumus,
597 4054 665 4125 quid
683 4055 771 4126 possit
789 4056 943 4127 antiquitas
992 4054 1042 4110 lini
1052 4055 1173 4121 tredere;
1184 4059 1217 4110 ut
1228 4055 1321 4111 Codex
1336 4060 1561 4128 consummatus,
1577 4063 1606 4113 et
1621 4059 1654 4113 in
1667 4059 1788 4130 quiuqua-

127 4147 589 4222 nostrislegibusabrogaretElin
601 4147 823 4202 tautumeadem
836 4148 943 4218 omnia,
994 4153 1072 4224 ginta
1086 4152 1171 4207 libros
1184 4152 1311 4225 digestus
1324 4153 1406 4208 nobis
1418 4153 1553 4210 offeratur
1566 4153 1596 4209 iu
1610 4156 1787 4210 maximamet

127 4263 193 4302 cum
204 4243 326 4316 reposita
333 4247 410 4312 sunt,
419 4242 631 4310 obtinere,utet
639 4241 663 4295 si
673 4240 944 4313 aliterfuerintapud
994 4250 1130 4301 aeternam
1148 4245 1190 4300 rei
1203 4246 1383 4317 memoriam,
1400 4247 1504 4320 lteique
1519 4247 1723 4321 omnipotentis
1735 4264 1788 4320 pm·

127 4344 235 4395 veteres
245 4336 412 4408 conscripta,
427 4335 457 4389 in
467 4333 641 4390 contrarium
653 4339 749 4389 autem
763 4325 941 4406 inpositione
994 4337 1096 4393 dantia
1114 4345 1326 4411 argumentum,
1348 4340 1492 4412 nostrique
1516 4340 1641 4412 imperii,
1670 4343 1790 4413 vestrique

124 4429 430 4498 inveniantur,nullum
436 4428 544 4483 crimen
558 4427 704 4498 scripturae
718 4427 885 4499 imputetur,
895 4427 983 4510 sedD
993 4432 1142 4487 ministerii
1151 4434 1278 4505 gloriam.
1291 4434 1350 4489 Dat.
1366 4451 1431 4490 xvru
1444 4434 1791 4502 llalend.lanuariis,lam

127 4528 232 4588 maleae.
244 4521 373 4589 electioni
387 4523 439 4576 hoc
452 4519 619 4575 ascribatur.
634 4550 667 4560 -
682 4518 698 4590 ξ
712 4521 739 4575 8.
755 4519 836 4574 Nulla
848 4521 942 4593 itaque
990 4526 1076 4598 padio
1091 4527 1222 4582 etOreste
1236 4527 1303 4582 viris
1315 4527 1478 4582 clarissimis
1490 4544 1562 4583 coss.
1586 4531 1652 4585 530.
1670 4529 1790 4584 Feliciter.

128 4626 157 4680 in
170 4625 301 4680 omnihus
313 4613 440 4696 praedicti
453 4612 561 4668 Codicis
575 4612 711 4669 membris
722 4612 880 4668 antinomia
896 4612 943 4682 (sic
1339 4629 1401 4684 LEX
1416 4629 1461 4684 111,

127 4720 236 4775 anima
254 4719 390 4773 vetustate
406 4709 502 4769 (ἔνθεα)
520 4705 657 4761 vocabulo
680 4707 869 4778 nuncupatur)
890 4705 941 4760 flli-
1070 4721 1217 4771 innomine
1233 4721 1338 4772 Domine·
1349 4727 1374 4770 st
1385 4721 1433 4772 Dei
1445 4723 1531 4772 nostri
1542 4722 1606 4772 lesu
1617 4723 1722 4774 christi.

128 4829 214 4885 quem
227 4810 280 4867 sibi
293 4806 530 4872 1100100110οΜ,
545 4799 593 4858 sed
604 4799 640 4857 111
651 4816 709 4854 111111
721 4799 877 4867 0011001ᾶί0,
885 4814 944 4855 una
1028 4808 1186 4877 Imperator
1192 4808 1284 4861 Ceasar
1291 4806 1791 4875 Flaviuslastinianus,dlemennicus,

127 4903 338 4979 consequentia,
352 4899 513 4956 adversario
529 4896 642 4952 nemine
664 4893 826 4950 constituto.
840 4923 874 4933 -
887 4893 904 4965 5
915 4893 941 4949 9.
992 4898 1132 4969 Gothicus,
1148 4899 1306 4967 Francicus,
1322 4898 1514 4967 Germanicus,
1527 4900 1658 4970 Anticus,
1667 4902 1791 4967 Alanicsss,

27 4996 30 5002 ’
129 4997 184 5053 Sed
196 5004 224 5053 et
236 4995 450 5052 similitudinem
464 4991 631 5064 (secundum
645 4987 943 5061 quoddictumestlab
992 4991 1166 5062 vandalicus,
1182 4992 1337 5063 Africanus,
1358 4991 1435 5065 pius,
1453 4992 1532 5061 felix,
1552 4993 1686 5065 inclytus,
1708 4995 1791 5060 victor,

58 5142 61 5147 .
128 5089 292 5160 hujusmodi
307 5086 552 5144 consummatione
565 5084 698 5139 volumus
712 5082 851 5152 exsulare,
868 5083 897 5135 et
910 5096 944 5136 ea
992 5085 1193 5157 triumphator,
1204 5102 1316 5158 semper
1328 5086 1462 5142 colendus
1473 5089 1792 5160 Augustusadmaguum

129 5196 193 5252 quae
205 5181 399 5237 sacratissimis
414 5178 664 5236 constitutionibus
678 5191 748 5249 quas
763 5175 794 5230 iu
811 5173 943 5231 codicem
992 5183 1122 5234 senatum
1136 5185 1164 5234 et
1176 5181 1322 5252 populum,
1334 5183 1362 5235 et
1371 5196 1470 5236 omnes
1479 5180 1557 5236 orbis
1566 5182 1662 5236 nostri
1671 5182 1792 5237 civitates

128 5279 257 5330 nostrum
265 5274 431 5343 redegimus
441 5280 522 5329 cauta
531 5275 607 5341 sunt,
617 5271 723 5327 iterum
731 5269 798 5342 poni
811 5286 845 5325 ex
854 5267 945 5325 veteri
1029 5273 1112 5328 Dedit
1125 5273 1206 5328 nobis
1221 5273 1294 5328 Deus
1307 5278 1371 5345 post
1389 5289 1490 5346 pacem
1503 5290 1570 5329 cum
1591 5276 1688 5331 Persis
1699 5276 1794 5338 initam

124 5369 190 5442 jure
205 5383 263 5422 non
274 5365 464 5434 concedimus,
478 5383 543 5421 cum
558 5365 691 5420 divalium
711 5363 944 5419 constitutionum
992 5371 1058 5439 post
1069 5365 1221 5442 Vandalica
1234 5367 1373 5438 trophea,
1385 5371 1413 5422 et
1427 5369 1513 5421 totam
1528 5366 1627 5439 Libyae
1643 5367 1793 5442 acquisitio·

128 5461 235 5520 sanctio
249 5457 526 5515 sufficiatadaorum
538 5458 745 5525 auctoritatem,
759 5456 944 5527 nisiiortevel
992 5476 1069 5528 nem,
1085 5465 1203 5532 postque
1216 5457 1471 5515 nominatissimam
1486 5461 1694 5533 Carthaginem
1714 5467 1792 5518 neus

125 5539 243 5631 propter
257 5551 434 5620 divisionem,
446 5550 489 5605 vel
498 5555 614 5623 propter
622 5550 870 5623 repletionem,vel
880 5566 945 5622 pro-
993 5554 1094 5608 iterum
1109 5553 1230 5624 imperio
1243 5551 1386 5619 sociatam,
1398 5557 1431 5608 ut
1442 5557 1570 5608 veterum
1583 5555 1794 5627 legumrencve

126 5657 189 5723 pter
202 5649 357 5722 pleniorem
371 5643 537 5716 indaginem
551 5644 605 5699 hoc
618 5644 783 5717 contigerit;
798 5647 827 5701 et
840 5643 893 5700 hec
904 5645 944 5700 ta·
995 5646 1076 5701 tionis
1091 5664 1161 5719 opus
1167 5647 1335 5720 adoptatum
1343 5645 1668 5719 tluemperduceremus,
1678 5648 1793 5722 quodue·

127 5764 194 5810 men
205 5763 331 5822 perraro,
345 5762 382 5807 ne
396 5762 432 5806 ex
444 5741 654 5802 coadunatione
666 5741 834 5814 hujusmodi
846 5741 942 5817 lapsus
993 5740 1415 5815 moprincipumantenostrum
1420 5740 1798 5816 imperium,autinmentan
